4074 6354
349 359 444 420 ωι

351 474 569 548 pbetant
595 469 748 530 vobis
782 477 841 527 et
870 467 1145 541 decipiunt
1171 482 1288 526 vos.
1315 466 1596 526 Visionem
1626 466 1804 524 cordis
1845 467 1930 524 sui

351 566 656 637 loquuntur,
689 579 796 622 non
830 561 901 620 de
935 577 1032 620 ore
1077 561 1310 618 Domini.
1357 562 1550 618 Dicunt
1584 561 1668 617 bis
1699 563 1790 634 qui
1818 561 1932 618 bla-

347 657 628 730 sphemant
646 672 732 712 me
753 697 770 724 ,
798 655 1034 712 Locutus
1062 663 1146 710 est
1169 653 1454 719 Dominus,
1486 653 1597 710 Pax
1617 655 1719 710 erit
1742 654 1925 710 vobis:

348 759 400 807 et
424 750 572 806 omni
593 748 683 820 qui
709 747 946 806 ambulat
973 747 1028 804 in
1059 745 1318 818 pravitate
1341 747 1521 802 cordis
1539 746 1622 804 sui
1646 747 1922 814 dixerunt,

345 846 458 902 Non
493 845 674 900 veniet
707 859 870 914 super
913 857 1012 900 vos
1063 842 1284 898 malum.
1326 840 1456 910 Quis
1497 842 1641 900 enim
1683 841 1833 896 affuit
1872 841 1927 897 in

344 936 569 994 consilio
597 935 846 992 Domini?
869 932 960 1014 Et
979 943 1094 1008 post
1121 933 1353 990 undecim
1378 949 1584 992 eam:
1611 933 1726 990 Non
1750 933 1927 988 mitte-

344 1029 465 1084 bam
507 1030 830 1100 prophetas,
857 1037 913 1082 et
951 1026 1049 1097 ipsi
1073 1025 1396 1093 currebant;
1425 1040 1532 1082 non
1569 1025 1826 1098 loquebar
1857 1023 1925 1080 ad

343 1135 479 1190 eos,
508 1128 564 1177 et
608 1121 710 1192 ipsi
744 1119 1152 1191 prophetabant.
1192 1117 1249 1174 Si
1292 1117 1566 1174 stetissent
1607 1117 1662 1172 in
1703 1117 1926 1174 consilio

341 1229 485 1283 meo,
514 1220 571 1270 et
593 1223 723 1269 nota
755 1211 1008 1270 fecissent
1035 1211 1198 1268 verba
1220 1225 1339 1268 mea
1368 1210 1565 1282 populo
1607 1225 1746 1275 meo,
1769 1225 1924 1266 aver-

339 1305 524 1362 tissem
561 1305 745 1377 utique
771 1318 866 1362 eos
889 1319 920 1359 a
948 1305 1032 1360 via
1067 1318 1158 1360 sua
1190 1303 1350 1370 mala,
1371 1313 1423 1358 et
1448 1318 1478 1357 a
1507 1301 1754 1373 pessimis
1782 1303 1926 1372 cogi—

339 1399 626 1458 tationibus
660 1399 792 1455 suis.
831 1397 901 1454 Et
925 1407 1040 1472 post
1079 1405 1293 1473 quatuor
1331 1391 1508 1452 versus
1531 1413 1545 1452 :
1570 1394 1760 1451 Audivi
1803 1411 1920 1466 quae

337 1489 590 1546 dixerunt
630 1489 945 1561 propheta,
998 1487 1376 1560 prophetantes
1429 1489 1486 1544 in
1536 1487 1751 1542 nomine
1801 1503 1922 1544 meo

333 1580 711 1651 mendacium,
759 1589 918 1654 atque
965 1579 1247 1646 dicentes,
1286 1580 1592 1646 Somniavi,
1637 1580 1917 1635 somniavi.

334 1673 626 1746 Usquequo
667 1672 808 1730 istud
846 1681 928 1730 est
956 1672 1010 1728 in
1038 1671 1199 1728 corde
1227 1670 1603 1742 prOphetarum
1631 1670 1923 1727 vaticinan-

333 1766 466 1822 tium
493 1766 828 1824 mendacium
849 1808 865 1834 ,
890 1774 948 1823 et
982 1765 1408 1837 prophetantium
1434 1765 1770 1820 seductiones
1794 1778 1918 1819 cor-

329 1858 411 1914 dis
437 1859 561 1925 sui;
613 1859 704 1930 qui
745 1858 924 1914 volunt
973 1858 1146 1913 facere
1193 1865 1250 1912 ut
1297 1856 1639 1912 obliviscatur
1697 1855 1920 1926 populus

329 1965 485 2008 meus
513 1950 745 2008 nominis
767 1950 908 2018 mei,
937 1960 1155 2022 propter
1184 1951 1390 2006 somnia
1417 1950 1594 2005 cordis
1622 1949 1705 2005 sui
1727 1950 1768 2018 ¹,
1799 1964 1918 2019 quae

331 2052 518 2100 narrat
555 2045 920 2114 unusquisque
958 2042 1024 2098 ad
1052 2043 1357 2117 proximum
1400 2057 1574 2107 suum,
1607 2041 1742 2122 sicut
1767 2040 1918 2096 obliti

326 2146 456 2192 sunt
499 2144 681 2210 patres
714 2152 899 2194 eorum
946 2136 1174 2192 nominis
1221 2136 1325 2191 mei
1347 2144 1563 2206 propter
1591 2131 1756 2189 Baal?
1783 2131 1914 2188 Pro-

326 2228 489 2300 pheta
517 2227 607 2299 qui
637 2228 799 2283 habet
836 2229 1131 2294 somnium,
1175 2233 1356 2281 narret
1393 2226 1696 2290 somnium;
1739 2235 1792 2280 et
1827 2223 1916 2295 qui

325 2315 492 2373 habet
537 2333 842 2374 sermonem
886 2332 1099 2384 meum,
1149 2326 1330 2371 narret
1379 2329 1681 2372 sermonem
1736 2331 1914 2368 meum

325 2425 474 2465 vere.
517 2407 656 2476 Quid
701 2409 866 2479 paleis
893 2408 958 2464 ad
989 2409 1220 2465 triticum
1238 2450 1251 2473 ,
1277 2407 1403 2462 dicit
1431 2405 1728 2462 Dominus?
1752 2404 1917 2459 Num-

323 2499 450 2572 quid
480 2516 588 2554 non
613 2501 774 2556 verba
804 2515 920 2554 mea
946 2506 1073 2555 sunt
1100 2497 1248 2570 quasi
1278 2497 1434 2568 ignis,
1463 2495 1592 2550 dicit
1635 2495 1912 2560 Dominus,

325 2601 376 2648 et
414 2591 570 2662 quasi
611 2589 834 2648 malleus
871 2601 1154 2647 conterens
1197 2589 1438 2661 petram?
1464 2589 1751 2661 Propterea
1789 2604 1916 2643 ecce

321 2698 425 2755 ego
459 2683 528 2738 ad
557 2680 844 2754 prophetas
864 2723 879 2749 ,
920 2683 996 2737 ait
1025 2681 1314 2750 Dominus,
1345 2678 1435 2752 qui
1475 2679 1715 2736 furantur
1753 2677 1914 2735 verba

321 2789 443 2829 mea
475 2773 841 2846 unusquisque
867 2788 898 2827 a
932 2771 1173 2842 proximo
1211 2787 1328 2828 suo.
1363 2769 1502 2828 Ecce
1546 2787 1646 2842 ego
1683 2769 1750 2826 ad
1793 2787 1914 2842 pro-

320 2863 550 2936 phetas,
578 2863 654 2920 ait
684 2864 938 2918 Dominus
959 2906 975 2930 ,
1009 2863 1098 2935 qui
1124 2871 1403 2918 assumunt
1431 2861 1638 2935 linguas
1665 2879 1819 2928 suas,
1861 2872 1915 2918 et

319 2955 512 3024 aiunt,
546 2955 685 3013 Dicit
726 2956 998 3012 Dominus.
1046 2956 1183 3011 Ecce
1235 2972 1333 3026 ego
1391 2953 1458 3010 ad
1499 2955 1789 3026 prophetas
1827 2971 1914 3012 so-

319 3049 592 3104 mniantes
610 3047 968 3112 mendacium,
993 3049 1065 3102 ait
1085 3046 1357 3114 Dominus,
1377 3047 1464 3119 qui
1487 3060 1835 3102 narrat-erunt
1851 3064 1912 3103 ea

318 3141 376 3197 et
403 3137 740 3197 seduxerunt
764 3139 1016 3212 populum
1057 3155 1234 3196 nicum
1265 3139 1318 3194 in
1349 3137 1627 3194 mendacio
1652 3155 1749 3194 suo
1777 3148 1831 3194 et
1861 3139 1913 3194 in

318 3231 602 3289 miraculis
624 3233 757 3301 suis,
779 3247 901 3288 cum
928 3247 1029 3304 ego
1055 3247 1163 3286 non
1191 3231 1452 3287 misissem
1481 3247 1596 3300 eos,
1638 3247 1736 3286 nec
1763 3248 1913 3285 man-

317 3324 538 3381 dasscm
569 3325 684 3393 eis;
729 3325 819 3400 qui
847 3323 974 3380 nihil
1004 3324 1316 3396 profuerunt
1355 3325 1552 3396 populo
1592 3324 1748 3394 huic,
1787 3323 1914 3381 dicit

318 3407 602 3473 Dominus.

395 3505 463 3562 Et
498 3505 654 3578 paulo
681 3513 794 3580 post
821 3499 998 3582 [xxv.]
1027 3523 1041 3560 :
1071 3503 1140 3562 Et
1187 3505 1333 3562 misit
1386 3503 1640 3564 Dominus
1695 3507 1760 3562 ad
1817 3523 1914 3564 vos

317 3617 514 3657 omnes
552 3616 740 3657 servos
766 3615 894 3658 suos
927 3599 1254 3672 Prophetas,
1301 3615 1630 3672 consurgens
1677 3600 1912 3658 diluculo

317 3693 679 3764 mittensque;
705 3703 758 3748 et
785 3709 892 3748 non
917 3691 1174 3757 audistis,
1222 3707 1396 3763 neque
1425 3689 1723 3748 inclinastis
1753 3708 1912 3749 aures

315 3795 532 3840 vestras
563 3791 621 3840 ut
644 3781 920 3850 audiretis,
950 3800 1070 3839 cum
1099 3783 1339 3839 diceret:
1368 3782 1715 3839 Revertimini
1751 3799 1912 3841 unus-

317 3876 552 3948 quisque
574 3893 604 3930 a
635 3877 716 3931 via
752 3891 845 3932 sua
872 3875 1044 3944 mala,
1071 3881 1124 3930 et
1153 3891 1181 3929 a
1213 3873 1457 3946 pessimis
1499 3875 1908 3948 cogitationibus

315 3967 558 4035 vestris;
598 3977 652 4024 et
691 3965 998 4024 habitabitis
1027 3967 1079 4022 in
1111 3976 1248 4023 terra
1292 3984 1449 4039 quam
1481 3967 1627 4025 dedit
1659 3969 1910 4026 Dominus

314 4061 476 4118 vobis
503 4068 562 4116 et
585 4061 821 4132 patrihus
847 4061 1066 4126 vestris,
1096 4074 1126 4112 a
1155 4060 1351 4113 sacculo
1377 4069 1430 4114 et
1458 4075 1624 4130 usque
1652 4062 1704 4116 in
1745 4077 1912 4116 saicu-

319 4151 472 4220 lum;
502 4157 556 4207 et
588 4151 749 4206 nolite
779 4149 856 4206 ire
894 4159 1012 4221 post
1039 4150 1168 4206 deos
1197 4151 1400 4205 alienos
1419 4193 1433 4216 ,
1470 4157 1525 4206 ut
1561 4153 1805 4208 servietis
1833 4156 1910 4209 eis

318 4243 670 4314 adoretisque
698 4255 812 4309 eos,
850 4255 1020 4313 neque
1054 4257 1137 4296 me
1159 4241 1226 4296 ad
1260 4231 1583 4296 iracundiam
1614 4247 1912 4314 provocetis

317 4339 374 4392 in
404 4335 664 4409 Operibus
685 4351 935 4390 manuum
965 4341 1290 4400 vestrarum,
1323 4347 1377 4390 et
1404 4351 1507 4390 non
1531 4335 1761 4407 afﬂigant
1793 4353 1907 4394 vos.

315 4431 388 4486 Et
411 4448 519 4486 non
549 4429 773 4485 audistis
803 4443 887 4484 me
909 4469 925 4496 ,
953 4427 1082 4481 dicit
1103 4427 1376 4482 Dominus.

393 4519 462 4575 Et
493 4519 753 4590 aliquanto
784 4527 894 4590 post
919 4515 1152 4592 [xvm.]:
1175 4515 1486 4574 Maledictus
1509 4520 1598 4589 qui
1629 4519 1756 4576 facit
1777 4537 1912 4593 opus

315 4611 538 4667 Domini
570 4607 954 4665 fraudulenter.

395 4703 534 4758 item
577 4712 689 4774 post
721 4701 1034 4773 aliquantum
1065 4698 1289 4774 [Thrcn.
1317 4695 1423 4774 ιιι.]
1449 4716 1464 4755 :
1487 4697 1664 4758 Bonus
1684 4707 1766 4759 est
1805 4703 1909 4760 Do-

313 4799 502 4854 minus
543 4796 879 4868 sperantibus
924 4795 978 4850 in
1021 4809 1175 4862 eum,
1221 4792 1412 4851 anima:
1446 4797 1704 4868 quaerenti
1735 4795 1906 4853 illum.

312 4893 534 4948 Bonum
571 4899 655 4946 est
685 4888 980 4961 praestolari
1015 4903 1134 4944 cum
1176 4881 1386 4942 silentio
1416 4889 1646 4944 salutare
1675 4891 1904 4948 Domini.

310 4986 531 5040 Bonum
561 4991 644 5040 est
668 4983 781 5037 viro
807 4997 929 5037 cum
957 4979 1242 5050 portaverit
1256 4979 1439 5050 jugnm
1462 4980 1529 5035 ah
1553 4977 1906 5037 adolescentia

311 5093 437 5133 sua.
470 5073 688 5131 Sedebit
715 5073 984 5130 solitarius
1023 5071 1078 5127 et
1106 5070 1336 5138 tacebit;
1362 5073 1484 5142 quia
1513 5069 1707 5128 levavit
1744 5090 1909 5148 super

307 5185 376 5226 se
399 5170 444 5224 ⁹.
472 5165 644 5224 Ponet
669 5165 719 5221 in
748 5161 964 5236 pulvere
989 5178 1049 5220 os
1074 5179 1250 5230 suum,
1275 5163 1319 5218 si
1341 5163 1477 5220 forte
1499 5165 1566 5219 sit
1586 5180 1726 5234 Spes.
1755 5165 1911 5223 Dabit

308 5257 642 5334 percutienti
665 5271 725 5315 se
748 5257 1016 5314 maxillam
1036 5299 1052 5324 ,
1078 5255 1400 5313 saturabitur
1419 5259 1752 5328 opprobriis;
1783 5261 1905 5333 quia

306 5368 432 5411 non
458 5352 683 5426 repellet
709 5351 760 5408 in
783 5353 1164 5423 sempiternum
1197 5351 1470 5405 Dominus.

724 5468 812 5524 DE
850 5466 1053 5524 LIBRO
1091 5463 1505 5523 EZECHIELIS.

391 5581 548 5656 [οη.
579 5577 682 5654 m.]
708 5581 842 5637 Cum
866 5591 1043 5645 autem
1071 5582 1486 5651 pertransisscnt
1517 5587 1726 5651 septem
1755 5580 1904 5647 dies,

383 5699 407 5731 ³
433 5703 484 5748 In
502 5697 656 5756 sacris
674 5694 852 5756 Bibiiis,
872 5693 1058 5756 penuria
1077 5707 1260 5756 eorum.

384 5760 410 5791 ³
429 5759 500 5808 sic
521 5768 626 5808 mss.
639 5753 1051 5870 mmmam
1068 5759 1117 5807 in
1311 5768 1408 5806 non
1424 5754 1689 5808 mendosi.
1710 5761 1770 5808 At
1790 5756 1910 5810 editi

384 5821 590 5870 hebant.
611 5834 639 5870 ε
702 5835 711 5848 ·
826 5833 875 5870 se
897 5833 1040 5870 super
1061 5835 1130 5870 se.

305 5821 590 5884 habebant,
611 5821 806 5871 elevavit
826 5833 875 5871 se
897 5833 1040 5886 super
1061 5835 1130 5872 se.

1504 351 1597 414 DE
1629 343 2010 412 SCRIPTUM
2047 351 2289 414 SACRA.

3512 379 3611 436 96‘).

2037 467 2233 526 factum
2257 479 2340 526 est
2361 472 2583 532 verbum
2614 475 2822 534 Domini
2846 479 2914 536 ad
2948 497 3037 540 me
3067 460 3252 544 dicens
3275 506 3289 544 :
3312 489 3412 548 Fili
3441 495 3611 552 homi-

2035 560 2151 629 nis,
2177 565 2568 634 speculatorem
2590 568 2714 626 dedi
2743 580 2796 629 te
2821 572 3000 631 domui
3026 578 3190 636 lsraet
3207 623 3222 647 ,
3243 591 3297 639 et
3334 587 3517 644 audies
3542 591 3612 648 de

2035 667 2129 708 ore
2170 669 2291 711 meo
2322 657 2576 725 verbum,
2613 669 2670 718 et
2669 667 3034 740 innantiabis
3067 673 3147 728 eis
3183 688 3250 731 ex
3283 691 3388 734 me.
3431 681 3485 735 Si
3526 689 3613 740 me

2034 743 2245 802 dicente
2270 749 2336 804 ad
2363 749 2581 821 impium
2605 795 2622 821 ,
2651 726 2818 813 forte
2843 761 3104 830 morieris,
3135 779 3242 821 non
3265 726 3610 832 ‘artnuntiaveu-

2033 835 2108 892 ris
2145 838 2227 906 ei,
2275 855 2446 912 neque
2493 842 2698 902 locutus
2726 846 2924 918 fueris,
2962 861 3020 908 ut
3046 863 3368 916 avertatura
3393 865 3473 917 via
3511 881 3606 919 Sili

2033 926 2227 998 impia,
2259 941 2312 986 et
2338 933 2511 1001 vivat;
2537 935 2652 1006 ipse
2683 939 2875 1009 impius
2901 943 2952 997 in
2980 945 3262 1016 iniquitate
3282 947 3384 1007 'sua
3414 957 3607 1012 morie-

2033 1028 2138 1116 tur,
2169 1025 2476 1095 sanguinem
2521 1039 2700 1084 autem
2737 1032 2852 1101 cjus
2890 1034 2957 1090 de
2986 1051 3147 1094 lnann
3195 1049 3282 1096 tua
3318 1047 3604 1116 requiram.

2029 1108 2086 1168 Si
2111 1122 2288 1169 autem
2330 1124 2385 1171 tu
2421 1121 2818 1178 annuntiaveris
2855 1126 3050 1196 impio,
3099 1139 3154 1187 et
3179 1133 3266 1190 ille
3313 1108 3416 1190 non
3448 1138 3606 1196 fuerit

2029 1216 2320 1301 conversus
2343 1209 2416 1301 ab,
2435 1209 2709 1281 impietate
2729 1229 2820 1269 sua
2836 1253 2853 1282 ,
2884 1229 2941 1274 et
2960 1234 2991 1273 ιι
3015 1219 3097 1276 via
3127 1238 3221 1280 sua
3248 1226 3443 1298 impia;
3489 1231 3604 1301 ipse

2028 1295 2244 1364 quidem
2272 1297 2324 1353 in
2351 1299 2628 1371 iniquitate
2651 1320 2745 1360 sua
2772 1311 3046 1378 morietur,
3083 1324 3134 1370 tu
3163 1295 3340 1374 autem
3374 1295 3606 1379 anim-am

2031 1395 2176 1484 tuam
2205 1389 2461 1448 liberasti.
2499 1394 2604 1451 Sed
2642 1408 2696 1453 et
2728 1400 2773 1456 si
2819 1418 3108 1462 conversus
3129 1408 3306 1477 justus
3340 1428 3372 1468 ει
3397 1414 3601 1484 justitin

2027 1496 2122 1536 sua
2153 1481 2334 1540 fecerit
2371 1488 2728 1561 iniquitatem,
2770 1511 2958 1564 ponam
3005 1499 3376 1561 ofl‘endiculum
3399 1481 3608 1567 vcomm

2027 1585 2125 1638 eo,
2158 1571 2272 1641 ipse
2306 1578 2590 1648 morietur,
2623 1584 2743 1651 quia
2789 1601 2892 1640 non
2935 1593 3258 1648 annuntiain
3299 1597 3368 1650 ei.
3400 1595 3456 1652 In
3483 1614 3609 1669 pec-

2025 1673 2144 1763 cato
2178 1679 2274 1718 suo
2300 1669 2577 1763 morietur,
2608 1682 2661 1727 et
2688 1690 2792 1728 non
2821 1688 2980 1733 erunt
3011 1681 3064 1734 in
3106 1688 3356 1741 memoria
3381 1688 3604 1759 justitia:

2025 1757 2143 1822 ejus
2171 1771 2300 1824 quas
2333 1757 2489 1826 fecit;
2522 1763 2792 1834 sanginem
2821 1783 2948 1821 vero
2975 1770 3091 1838 ejus
3119 1773 3184 1828 de
3211 1757 3479 1833 tnanu‘tua
3512 1797 3602 1837 re-

2023 1846 2251 1940 quiram.
2280 1848 2332 1903 Si
2360 1862 2537 1905 autem
2563 1857 2960 1916 annuntiaveris
2989 1861 3165 1930 justo,
3197 1875 3252 1919 ut
3284 1884 3391 1924 non
3418 1881 3605 1940 pecmt

2017 1932 2228 2006 justus,
2255 1947 2309 1991 et
2335 1938 2423 1994 ille
2447 1957 2553 1995 non
2584 1949 2912 2013 peccaverit;
2945 1952 3127 2006 vivens
3155 1957 3330 2022 vivet,
3361 1932 3482 2030 quia
3509 1978 3607 2019 an-

2023 2029 2274 2084 nuntiasti
2304 2031 2373 2096 ei,
2398 2041 2452 2087 et
2474 2042 2529 2088 tu
2555 2037 2784 2092 animam
2815 2050 2956 2095 tuam
2981 2044 3232 2102 liberasti.

2096 2117 2161 2172 Et
2182 2131 2297 2216 post
2316 2120 2627 2194 aliquantum
2647 2125 2769 2202 [Ix.]
2795 2147 2808 2183 :
2833 2130 2901 2186 Et
2925 2133 3057 2188 dixit
3085 2137 3338 2196 Dominus
3362 2143 3426 2197 ad
3455 2159 3606 2216 eum,

2023 2205 2213 2264 Transi
2245 2226 2340 2280 per
2368 2215 2595 2269 mediam
2625 2218 2888 2274 civitatem
2921 2223 2972 2278 in
3003 2227 3178 2280 medio
3205 2229 3520 2300 Jerusalem,

2021 2299 2167 2371 signa
2201 2302 2313 2358 Tau
2350 2320 2511 2376 super
2537 2307 2766 2364 frontem
2797 2313 3026 2369 virorum
3057 2322 3378 2387 gementium
3419 2336 3476 2381 et

2022 2391 2240 2448 lentium
2283 2411 2444 2467 super
2485 2404 2690 2456 cunctis
2719 2405 3205 2468 abominationibus
3241 2431 3359 2483 quae
3391 2417 3521 2474 fiunt
3549 2421 3604 2475 in

2021 2485 2198 2583 medio
2226 2487 2358 2556 ejus.
2383 2490 2451 2545 Et
2479 2491 2586 2547 illis
2613 2494 2747 2549 dixit
2784 2498 3030 2555 audiente
3069 2517 3154 2558 me
3173 2545 3186 2568 ,
3219 2505 3463 2565 Transite
3505 2524 3604 2583 per

2020 2577 2249 2634 mediam
2294 2583 2558 2639 civitatem
2598 2600 2883 2657 sequentes
2914 2607 3057 2659 eum,
3087 2604 3142 2650 et
3171 2601 3462 2667 percutite;
3493 2577 3602 2662 nou

2018 2679 2204 2742 pareat
2251 2673 2435 2729 oculus
2479 2685 2676 2742 vester,
2723 2696 2894 2750 neque
2943 2686 3297 2744 misereamini
3330 2709 3344 2744 :
3377 2707 3599 2764 senem,

2019 2759 2492 2830 adolescentulum,
2525 2777 2578 2823 et
2609 2770 2885 2842 virginem,
2914 2785 2968 2828 et
2994 2783 3289 2847 parvulum,
3327 2793 3380 2837 et
3407 2759 3598 2842 inulie;

2018 2870 2106 2909 res
2131 2855 2408 2913 interficite
2436 2877 2602 2931 usque
2629 2863 2695 2917 ad
2718 2865 3151 2925 internecionem.
3175 2873 3396 2931 Omnem
3421 2889 3601 2937 autem

2019 2960 2180 3016 super
2207 2965 2364 3020 quem
2396 2953 2636 3010 videritis
2655 2955 2790 3026 Tau,
2809 2976 2876 3016 ne
2903 2963 3187 3020 occidatis:
3213 2977 3267 3022 et
3292 2987 3323 3024 a
3352 2982 3602 3029 sanctua-

2021 3042 2102 3092 rio
2130 3055 2247 3094 meo
2277 3042 2511 3113 incipite.

2093 3131 2158 3186 Et
2188 3133 2446 3205 aliquanto
2486 3137 2824 3216 post-[xm]:
2859 3144 2962 3200 Pro
2988 3162 3054 3200 co
3095 3151 3234 3219 quod
3265 3168 3494 3210 interere
3522 3156 3599 3215 te

2019 3221 2169 3276 cistis
2192 3239 2286 3315 cur
2304 3226 2430 3294 justi
2457 3229 2807 3298 mendaciter,
2831 3250 2989 3304 quem
3016 3254 3113 3308 rgo
3143 3256 3245 3294 non
3272 3246 3598 3315 contristavi,

2019 3320 2073 3366 et
2095 3314 2434 3371 confortastis
2465 3335 2654 3375 manus
2681 3321 2857 3392 impii,
2885 3335 3065 3381 utnon
3090 3344 3445 3389 reverteretur
3463 3352 3493 3391 a
3517 3314 3599 3394 via

2019 3419 2116 3460 sua
2146 3406 2304 3474 mala,
2337 3409 2390 3462 ei
2418 3408 2643 3466 viveret.

2087 3495 2230 3592 Item‘
2248 3512 2359 3570 post
2383 3503 2695 3573 aliquantum
2725 3504 2884 3581 [κη]
2911 3527 2924 3561 :
2954 3509 3092 3566 Ecce
3119 3514 3233 3569 haec
3271 3516 3367 3572 fuit
3397 3519 3596 3592 iniqui-

2019 3597 2098 3643 tas
2125 3587 2371 3646 Sodoma:
2413 3596 2610 3648 sororis
2655 3605 2789 3662 tuac,
2818 3601 3066 3669 superbia
3085 3644 3101 3670 ,
3131 3607 3382 3662 saturitas
3411 3587 3599 3683 panis,

2017 3689 2071 3737 et
2114 3681 2433 3739 abundantia
2453 3728 2466 3750 ,
2498 3695 2551 3740 et
2580 3689 2746 3742 otium
2787 3690 2950 3758 ipsius
2971 3733 2987 3758 ,
3015 3705 3068 3748 et
3109 3695 3332 3752 filiarum
3362 3700 3513 3771 ejus;

2015 3789 2232 3830 manum
2254 3792 2426 3848 egeno
2448 3785 2500 3831 et
2531 3777 2750 3850 pauperi
2775 3797 2881 3836 non
2911 3786 3250 3857 porrigehant
3267 3809 3279 3845 :
3296 3801 3351 3846 et
3377 3793 3600 3854 elevatae

2016 3873 2160 3932 sunt,
2183 3878 2238 3924 ct
2263 3863 2506 3924 fecerunt
2533 3871 2956 3930 abominationes
2982 3891 3162 3933 coram
3193 3896 3310 3948 me;
3332 3892 3386 3940 et
3405 3887 3600 3944 abstuli

2017 3973 2136 4026 eas,
2167 3959 2303 4015 sicut
2330 3961 2525 4016 vidisti.

2088 4052 2157 4110 Et
2195 4065 2307 4126 post
2348 4055 2608 4126 paululum
2636 4054 2833 4131 [XVIIL]
2863 4077 2878 4114 :
2908 4057 3001 4114 Vir
3028 4061 3071 4115 si
3120 4064 3273 4118 fuerit
3312 4067 3514 4137 justus,
3543 4080 3604 4128 et

2015 4147 2202 4204 fecerit
2241 4149 2498 4219 judicium
2528 4159 2582 4204 et
2603 4149 2896 4219 justitiam;
2941 4151 2992 4204 in
3024 4155 3290 4209 montibus
3321 4175 3423 4212 non
3450 4176 3599 4215 com-

2016 4241 2221 4307 ederit,
2263 4251 2316 4296 et
2345 4243 2528 4297 oculos
2555 4257 2680 4298 suos
2709 4258 2812 4297 non
2858 4244 3113 4300 levaverit
3149 4248 3213 4299 ad
3242 4247 3382 4303 idola
3409 4253 3599 4310 domus

2015 4333 2214 4400 Israel;
2243 4342 2298 4388 et
2321 4350 2540 4388 uxorem
2567 4335 2789 4404 proximi
2819 4335 2900 4389 sui
2929 4350 3032 4390 non
3082 4338 3387 4408 violaverit,
3432 4352 3488 4399 et
3527 4345 3600 4402 ad

2016 4426 2292 4482 mulierem
2324 4435 2705 4481 menstruatam
2748 4441 2852 4482 non
2889 4430 3207 4499 accesserit;
3248 4441 3300 4486 et
3330 4432 3598 4492 hominem

2017 4533 2122 4573 non
2152 4516 2582 4582 contristaverit,
2631 4517 2818 4588 pignus
2863 4517 3089 4574 debitori
3134 4522 3462 4595 reddiderit,
3504 4543 3600 4600 per

2018 4611 2123 4665 vim
2151 4609 2280 4664 nihil
2310 4609 2577 4680 rapuerit;
2608 4624 2799 4681 panem
2829 4627 2983 4666 suum
3013 4614 3265 4671 esurienti
3289 4617 3516 4688 dederit,
3543 4633 3600 4679 et

2017 4705 2217 4760 nudum
2238 4704 2508 4774 operuerit
2530 4705 2880 4771 vestimento;
2906 4705 2969 4760 ad
2995 4721 3207 4763 usuram
3237 4726 3340 4766 non
3363 4729 3602 4772 commo-

2018 4797 2256 4865 daverit,
2306 4806 2360 4853 et
2406 4797 2634 4870 amplius
2685 4812 2792 4852 non
2846 4801 3147 4868 acceperit;
3200 4803 3268 4858 ab
3320 4804 3594 4876 iniquitate

2019 4889 2272 4945 averterit
2298 4905 2510 4945 manum
2538 4906 2689 4946 suam
2708 4932 2726 4960 ,
2749 4891 3005 4960 judicium
3034 4909 3215 4948 verum
3247 4891 3433 4951 fecerit
3459 4899 3599 4956 inter

2017 4984 2190 5038 virum
2220 4991 2274 5038 et
2300 4983 2507 5049 virum;
2535 4983 2588 5038 in
2618 4983 2900 5056 preceptis
2947 4985 3080 5038 meis
3122 4983 3500 5056 ambulaverit,
3543 4998 3600 5046 et

2012 5073 2211 5146 judicia
2241 5089 2362 5130 mea
2390 5075 2732 5144 custodierit,
2774 5083 2832 5129 ut
2867 5074 3025 5130 faciat
3059 5075 3330 5130 veritatem
3357 5095 3370 5131 :
3399 5078 3486 5134 hic
3504 5081 3596 5151 ju-

2017 5175 2130 5222 stus
2156 5173 2270 5232 est;
2309 5167 2415 5221 vita
2443 5165 2607 5230 vivet,
2640 5166 2713 5218 ait
2762 5165 3016 5220 Dominus
3055 5164 3216 5220 Deus.
3239 5165 3393 5232 Quod
3427 5169 3472 5224 si
3500 5185 3596 5242 ge-

2018 5258 2192 5316 nuerit
2245 5259 2408 5315 filium
2459 5258 2718 5314 latronem
2763 5256 3123 5314 effundentem
3167 5262 3515 5332 sanguinem,
3544 5277 3600 5322 et

2017 5351 2203 5408 fecerit
2233 5365 2394 5406 unum
2419 5349 2486 5404 de
2515 5349 2666 5415 istis;
2694 5357 2746 5404 et
2775 5347 2890 5404 haec
2927 5348 3139 5420 quidem
3175 5352 3352 5408 omnia
3384 5368 3492 5409 non
3520 5355 3598 5411 fa-

2016 5443 2244 5500 cientem
2277 5486 2291 5508 ,
2320 5441 2414 5498 sed
2460 5441 2512 5495 in
2538 5442 2807 5496 montibus
2849 5441 3254 5514 comedentem,
3296 5452 3351 5500 et
3378 5461 3597 5505 uxorem

2015 5533 2245 5607 proximi
2267 5534 2348 5587 sui
2370 5532 2726 5602 pollnentem;
2759 5547 2982 5601 egenum
3009 5542 3063 5587 et
3087 5547 3371 5603 pauperem
3401 5538 3600 5594 contri~

2016 5635 2243 5680 stantem
2262 5666 2278 5682 .
2310 5624 2601 5696 rapientem
2628 5622 2840 5693 rapinas
2858 5666 2870 5690 ,
2899 5623 3088 5694 pignus
3113 5641 3218 5680 non
3251 5627 3594 5700 reddentem;

2014 5725 2070 5772 et
2094 5717 2160 5772 ad
2187 5715 2321 5771 idola
2350 5714 2613 5770 levantem
2645 5713 2829 5769 oculos
2867 5731 2994 5770 suos
3017 5757 3030 5778 ,
3070 5715 3489 5776 abominationes
3519 5719 3596 5777 ia.-

2014 5809 2278 5873 cientem;
2301 5805 2368 5860 ad
2395 5820 2608 5860 usuram
2627 5803 2864 5870 dantem,
2892 5816 2944 5862 et
2969 5808 3192 5879 amplius
3213 5809 3589 5884 accipientem;
