4110 6440
469 437 578 494 963

1625 429 1686 486 8.
1725 423 2493 499 ΑυουεΤιΝινεΡΕουιιυω

3648 419 3757 478 9η

471 548 728 621 numquid
757 548 935 605 vivet?
957 546 1074 604 Non
1101 546 1240 602 vivet
1264 562 1277 600 :
1301 560 1422 602 cum
1466 544 1713 600 universa
1739 541 2052 600 detestanda
2093 559 2128 566 κ
2166 540 2499 611 sanguinem.
2525 537 2736 593 Patrem
2761 543 2816 592 et
2843 543 3068 592 matrem
3093 534 3433 592 contumeliis
3461 534 3758 593 aﬂ’ecerunt

473 643 588 698 hzec
620 644 836 707 fecerit,
879 647 1054 696 morte
1095 637 1390 703 morietur;
1429 635 1644 708 sanguis
1679 634 1794 706 ejus
1837 632 1893 689 in
1939 634 2055 704 ipso

470 733 594 790 erit.
625 731 779 801 Quod
810 730 856 786 si
882 729 1126 802 genuerit
1165 727 1328 784 filium
1349 768 1366 798 ,
1396 727 1487 798 qui
1515 725 1703 782 videns
1725 724 1902 780 omnia
1930 738 2054 795 pec-

470 833 592 883 cata
618 824 784 896 patris
807 823 888 880 sui
915 837 1035 894 quae
1062 821 1218 890 fecit,
1247 820 1514 885 timuerit,
1546 826 1600 876 et
1626 833 1730 874 non
1762 816 1949 873 fecerit
1979 815 2051 872 si-

474 919 601 974 mile
645 919 759 985 eis;
801 931 962 988 super
1007 924 1218 972 montes
1271 930 1378 972 non
1417 912 1729 976 comederit,
1775 919 1830 968 et
1871 909 2056 966 oculos

471 1026 601 1069 suos
632 1027 737 1068 non
765 1009 1019 1066 Ievaverit
1043 1008 1112 1064 ad
1140 1007 1276 1064 idola
1300 1007 1490 1063 domus
1519 1005 1714 1072 Israel;
1748 1013 1801 1060 et
1832 1017 2054 1059 uxorem

473 1105 700 1178 proximi
737 1104 818 1160 sui
847 1118 956 1158 non
979 1102 1283 1168 violaverit;
1323 1109 1379 1157 et
1405 1099 1580 1156 virum
1617 1114 1727 1154 non
1765 1097 2051 1155 contristao

470 1198 640 1267 verit,
668 1197 858 1270 pignus
882 1212 988 1253 non
1021 1196 1302 1253 retinuerit
1323 1236 1340 1264 ,
1371 1202 1425 1250 et
1468 1194 1706 1268 rapinam
1735 1209 1840 1250 non
1862 1207 2056 1264 rapueo

469 1291 572 1358 rit;
607 1307 794 1362 panem
837 1306 994 1346 suum
1019 1288 1273 1345 esurienti
1315 1287 1555 1353 dederit,
1598 1295 1656 1344 et
1699 1287 1901 1343 nudum
1928 1301 2058 1358 ope-

471 1385 637 1442 ruerit
661 1385 1014 1451 vestimento;
1041 1399 1071 1438 a
1095 1381 1341 1454 pauperis
1358 1380 1546 1452 injuria
1568 1383 1818 1436 averterit
1837 1393 2055 1434 manum

471 1492 645 1545 suam,
676 1491 899 1532 usuram
929 1484 983 1532 et
1016 1473 1553 1545 superabundantiam
1597 1489 1700 1528 non
1747 1469 2052 1540 acceperit;

467 1570 666 1642 judicia
685 1585 804 1625 mea
825 1569 1030 1636 fecerit,
1055 1577 1110 1623 et
1135 1569 1188 1622 in
1221 1567 1498 1639 praeceptis
1515 1566 1648 1620 meis
1668 1563 2052 1619 ambulaverit:

471 1663 558 1720 hic
585 1678 693 1719 non
719 1662 974 1718 morietur
1000 1659 1053 1716 in
1086 1661 1362 1730 iniquitate
1396 1659 1562 1730 patris
1586 1657 1688 1724 sui,
1723 1657 1817 1713 sed
1845 1657 1951 1711 vita
1976 1655 2058 1710 vi-

471 1767 576 1813 vet.
621 1756 781 1812 Pater
826 1755 942 1823 ejus
985 1753 1106 1825 quia
1153 1750 1502 1808 calumniatus
1543 1757 1663 1817 est,
1703 1758 1757 1804 et
1795 1749 1899 1803 vim
1929 1747 2058 1802 fecit

470 1847 650 1914 fratri,
680 1856 735 1903 et
761 1845 959 1901 malum
985 1853 1234 1915 operatus
1271 1852 1354 1898 est
1403 1843 1456 1897 in
1503 1840 1682 1896 medio
1721 1840 1899 1910 populi
1929 1838 2053 1905 sui;

467 1953 595 1995 ecce
622 1945 862 1993 mortuus
887 1945 968 1992 est
994 1935 1268 2006 iniquitate
1288 1948 1402 1990 sua.
1433 1933 1498 1988 Et
1524 1932 1717 1998 dicitis,
1751 1933 1926 1999 Quare
1947 1945 2054 1985 non

471 2030 702 2102 portavit
727 2029 865 2084 filius
887 2027 1214 2099 iniquitatem
1236 2025 1446 2099 patris?
1473 2023 1732 2080 Videlicet
1762 2024 1884 2094 quia
1916 2023 2057 2078 filius

467 2122 723 2194 judicium
761 2128 817 2178 et
836 2120 1096 2193 justitiam
1135 2129 1387 2190 operatus
1414 2125 1524 2184 est;
1565 2117 1743 2173 omnia
1789 2123 2056 2186 praecepta

470 2230 592 2271 mea
635 2213 917 2270 custodivit
955 2223 1012 2270 et
1053 2211 1179 2268 fecit
1219 2211 1345 2266 illa:
1376 2209 1486 2266 vita
1530 2210 1688 2264 vivet.
1718 2207 1908 2263 Anima
1937 2221 2057 2278 quae

470 2309 805 2380 peccaverit,
833 2308 947 2376 ipsa
975 2307 1252 2360 morietur.
1281 2302 1447 2358 Filius
1474 2317 1578 2357 non
1608 2301 1840 2374 portabit
1865 2299 2058 2369 iniqui-

471 2409 635 2457 tatem
667 2402 828 2472 patris
854 2442 868 2465 ,
896 2409 949 2456 et
978 2410 1128 2470 pater
1157 2414 1262 2453 non
1301 2396 1533 2468 portabit
1569 2397 1898 2467 iniquitatem
1939 2393 2054 2450 filii.

468 2491 680 2550 Iustitia
711 2492 840 2562 justi
883 2505 1044 2560 super
1084 2505 1208 2545 eum
1254 2488 1388 2556 erit,
1420 2497 1476 2544 et
1501 2487 1743 2558 impietas
1773 2487 1922 2559 impii
1956 2487 2060 2544 erit

467 2599 629 2655 super
653 2598 796 2639 eum.
827 2582 883 2638 Si
924 2591 1099 2636 autem
1146 2579 1336 2651 impius
1371 2579 1542 2650 egerit
1584 2579 1948 2649 paenitentiam
1987 2577 2059 2634 ab

467 2676 718 2734 omnibus
743 2675 976 2746 peccatis
1001 2674 1112 2729 suis
1149 2688 1268 2744 quae
1297 2679 1546 2743 operatus
1572 2680 1674 2736 est,
1703 2681 1756 2726 et
1781 2671 2057 2728 custodie-

467 2771 540 2828 rit
564 2771 809 2827 universa
837 2777 1106 2841 praecepta
1133 2783 1274 2835 mea,
1304 2775 1360 2822 et
1403 2765 1590 2822 fecerit
1607 2766 1867 2836 judicium
1893 2773 1948 2821 et
1967 2765 2058 2837 ju-

468 2865 704 2930 stitiam;
743 2863 848 2918 vita
877 2862 1040 2927 vivet,
1061 2869 1118 2916 et
1142 2875 1245 2914 non
1277 2859 1555 2916 morietur.
1583 2856 1834 2914 Omnium
1859 2857 2058 2928 iniqui-

470 2964 638 3012 tatum
675 2954 790 3026 ejus
828 2969 960 3025 quas
999 2961 1251 3023 operatus
1293 2959 1406 3018 est,
1440 2967 1548 3006 non
1595 2948 1956 3014 recordabor;
2004 2949 2060 3003 in

469 3047 668 3120 justitia
691 3061 786 3101 sua
814 3060 972 3116 quam
999 3053 1254 3114 operatus
1281 3051 1364 3099 est
1385 3042 1545 3097 vivet.
1570 3040 1836 3111 Numquid
1865 3040 2059 3094 volun-

471 3140 598 3196 tatis
626 3153 762 3194 meze
795 3145 878 3193 est
921 3153 1068 3192 mors
1112 3136 1296 3206 impii,
1326 3134 1455 3190 dicit
1499 3133 1758 3189 Dominus
1799 3133 1971 3196 Deus,
2004 3139 2062 3186 et

469 3247 578 3289 non
619 3241 677 3286 ut
723 3238 1064 3286 convertatur
1093 3244 1123 3283 a
1147 3228 1250 3283 viis
1292 3226 1436 3293 suis,
1467 3233 1521 3282 et
1558 3225 1739 3279 vivat?
1778 3222 1834 3280 Si
1879 3231 2060 3278 autem

469 3327 724 3385 averterit
743 3342 802 3382 se
827 3326 1000 3396 justus
1025 3339 1054 3378 a
1071 3322 1274 3394 justitia
1301 3335 1418 3387 sua,
1439 3326 1496 3375 et
1517 3318 1702 3374 fecerit
1729 3318 2061 3388 iniquitatem

468 3419 763 3478 secundum
809 3433 998 3473 omnes
1041 3413 1465 3470 abominationes
1499 3425 1632 3482 quas
1671 3409 1880 3482 operari
1925 3409 2063 3464 solet

469 3515 698 3587 impius;
727 3510 980 3582 numquid
1011 3509 1190 3564 vivet?
1215 3505 1415 3562 Omnes
1435 3505 1656 3576 justitia:
1680 3503 1800 3572 ejus
1823 3516 1958 3573 quas
1983 3499 2065 3557 fe-

468 3619 636 3677 cerat,
667 3622 774 3663 non
803 3602 1246 3661 recordabuntur.
1275 3599 1334 3656 In
1360 3599 1796 3671 prmvaricatione
1827 3612 1924 3653 sua
1957 3611 2062 3667 qua

469 3700 852 3774 praevaricatus
883 3705 983 3764 est,
1015 3705 1071 3752 et
1096 3697 1149 3750 in
1175 3702 1394 3766 peccato
1421 3707 1519 3748 suo
1543 3690 1686 3763 quod
1717 3689 1978 3762 peccavit,
2005 3690 2063 3746 in

469 3795 602 3866 ipsis
625 3792 904 3848 morietur.
935 3789 1006 3845 Et
1029 3789 1259 3855 dixistis,
1285 3785 1402 3843 Non
1429 3796 1511 3842 est
1533 3801 1685 3856 :equa
1710 3785 1795 3840 via
1826 3783 2059 3839 Domini.

471 3883 667 3942 Audite
692 3897 842 3953 ergo,
869 3881 1061 3936 domus
1086 3879 1249 3934 Israel
1274 3896 1286 3931 :
1309 3877 1576 3948 Numquid
1603 3876 1687 3931 via
1713 3891 1829 3930 mea
1859 3891 1965 3932 non
1981 3885 2066 3931 est

471 3991 624 4048 aequa
648 4017 663 4043 ,
711 3983 768 4030 et
811 3987 917 4028 non
966 3971 1136 4042 magis
1175 3971 1276 4024 vite
1315 3979 1507 4024 vestrae
1534 3985 1710 4038 prava:
1735 3969 1898 4023 sunt?
1925 3967 2061 4024 Cum

473 4071 619 4126 enim
659 4068 914 4124 averterit
936 4081 996 4121 se
1015 4065 1193 4136 justus
1218 4079 1250 4119 a
1271 4063 1476 4134 justitia
1502 4079 1617 4128 sua,
1645 4073 1700 4118 et
1732 4063 1919 4119 fecerit
1961 4061 2065 4117 ini-

472 4165 752 4237 quitatem,
775 4158 1035 4216 morietur
1057 4157 1108 4212 in
1137 4157 1248 4213 eis:
1270 4157 1321 4211 in
1346 4155 1600 4227 injustitia
1623 4173 1781 4226 quam
1812 4165 2064 4226 operatus

472 4265 555 4311 est
583 4251 861 4310 morietur.
893 4251 959 4306 Et
987 4265 1110 4306 cum
1141 4249 1393 4304 averterit
1435 4263 1492 4302 se
1538 4248 1729 4320 impius
1767 4249 1835 4302 ab
1872 4247 2065 4318 impie-

471 4356 583 4404 tate
631 4362 726 4403 sua
773 4360 932 4417 quam
977 4353 1228 4414 operatus
1267 4350 1366 4408 est,
1417 4349 1472 4396 et
1509 4342 1693 4396 fecerit
1715 4341 1970 4412 judicium
2011 4349 2067 4396 et

469 4439 749 4512 justitiam,
779 4438 895 4507 ipse
919 4439 1151 4492 animam
1180 4449 1330 4489 suam
1361 4433 1665 4487 viviticabit.
1695 4431 2068 4488 Consideravit

473 4533 640 4600 enim,
681 4540 738 4589 et
777 4529 970 4586 avertit
1016 4544 1076 4584 se
1135 4527 1205 4582 ab
1244 4526 1490 4581 omnibus
1543 4525 1910 4594 iniquitatibus
1953 4527 2067 4581 suis

475 4638 612 4696 quas
655 4633 906 4694 operatus
948 4633 1065 4686 est;
1112 4621 1216 4676 vita
1249 4619 1412 4681 vivet,
1448 4627 1503 4673 et
1539 4633 1644 4672 non
1691 4617 1965 4671 morietur.
1997 4616 2068 4672 Et

476 4716 661 4774 dicunt
691 4715 780 4769 filii
813 4713 993 4780 Israel,
1015 4711 1133 4768 Non
1153 4721 1236 4767 est
1260 4727 1408 4782 tequa
1433 4711 1516 4764 via
1551 4711 1780 4765 Domini.
1801 4709 2067 4780 Numquid

477 4811 576 4866 viae
599 4823 732 4863 mete
761 4815 889 4862 nonl
912 4815 1035 4860 sunt
1055 4820 1240 4874 aaquaa,
1267 4804 1457 4857 domus
1488 4801 1669 4868 Israel,
1693 4813 1748 4857 et
1772 4819 1876 4856 non
1899 4802 2067 4873 magis

477 4901 577 4958 vite
603 4910 797 4956 vestra:
830 4897 1042 4968 pravae?
1071 4897 1269 4950 Idcirco
1310 4909 1740 4964 unumquemque
1778 4892 1927 4963 juxta
1953 4894 2068 4948 vias

477 5007 602 5050 suas
623 4991 896 5064 judicabo,
926 4990 1116 5043 domus
1142 4985 1329 5052 Israel,
1357 4987 1432 5040 ait
1461 4984 1713 5039 Dominus
1740 4985 1900 5038 Deus.
1926 4983 2068 5040 Con-

474 5086 777 5152 vertimini,
806 5093 861 5140 et
885 5083 1025 5155 agite
1053 5081 1418 5154 paenitentiam
1450 5079 1518 5134 ab
1547 5078 1792 5133 omnibus
1820 5077 2068 5150 iniquita-

477 5181 621 5238 tibus
646 5179 861 5246 vestris,
892 5187 946 5232 et
987 5193 1090 5231 non
1136 5176 1238 5230 erit
1267 5175 1416 5228 vobis
1447 5173 1497 5226 in
1544 5173 1749 5227 ruinam
1797 5172 2063 5244 iniquitas.

477 5274 728 5346 Projicite
753 5288 784 5326 a
818 5269 970 5326 vobis
1007 5283 1194 5323 omnes
1237 5265 1702 5337 praevaricationes
1731 5275 1966 5334 vestras,
2010 5265 2066 5320 in

475 5368 671 5438 quibus
691 5361 1020 5435 praevaricati
1042 5360 1193 5428 estis,
1221 5368 1274 5414 et
1307 5359 1463 5414 facite
1487 5358 1637 5414 vobis
1664 5375 1757 5414 cor
1783 5374 1978 5414 novum
2013 5368 2068 5415 et

477 5458 722 5530 spiritum
749 5469 945 5511 novum
969 5470 983 5505 :
1007 5461 1064 5510 et
1089 5467 1254 5523 quare
1280 5451 1613 5519 moriemini,
1641 5451 1833 5507 domus
1862 5450 2067 5508 Israel?

477 5548 611 5617 Quia
638 5548 763 5603 nolo
787 5554 1017 5602 mortem
1036 5544 1335 5613 morientis,
1356 5543 1487 5600 dicit
1508 5545 1764 5600 Dominus
1785 5546 1958 5602 Deus:
1980 5561 2066 5601 re-

477 5639 766 5707 vertimini,
797 5648 854 5696 et
879 5638 1041 5695 vivite
1061 5638 1103 5693 ί.

547 5733 616 5788 Et
656 5733 915 5808 aliquanto
957 5741 1072 5805 post
1112 5727 1299 5805 [ηιμ]
1347 5747 1360 5784 :
1408 5729 1550 5786 Ecce
1589 5729 1858 5802 principes
1900 5727 2065 5787 Israel

474 5826 670 5899 singuli
707 5824 761 5882 in
802 5823 1023 5882 brachio
1050 5837 1149 5879 suo
1183 5821 1398 5880 fuerunt
1423 5823 1475 5878 in
1505 5830 1557 5880 te
1583 5822 1646 5879 ad
1684 5818 2063 5880 effundendum

540 5935 1226 6004 “mundanum.

2164 633 2216 688 in
2245 643 2334 700 te;
2363 633 2621 690 advenam
2650 630 2956 687 calumniati
2985 637 3110 685 sunt
3143 629 3196 685 in
3226 629 3403 686 medio
3427 629 3540 694 tui;
3581 627 3756 700 pupil-

2115 748 2119 751 ·
2165 726 2275 782 lum
2313 735 2368 783 et
2396 725 2609 781 viduam
2645 725 3095 781 contristaverunt
3134 721 3276 794 apud
3319 731 3393 778 te.
3437 721 3756 778 Sanctuaria

2163 835 2283 876 mea
2309 819 2606 891 sprevistis,
2626 826 2680 875 et
2705 818 2921 874 sabbata
2944 832 3062 873 mea
3090 815 3356 888 polluistis
3381 817 3422 870 ί.
3447 815 3558 871 Viri
3585 815 3754 872 detra-

2163 921 2342 970 ctores
2370 912 2588 970 fuerunt
2616 913 2670 968 in
2701 921 2752 968 te
2784 910 2851 967 ad
2889 910 3267 967 effundendum
3307 910 3660 982 sanguinem;
3693 918 3750 966 et

2164 1022 2328 1078 super
2363 1016 2572 1064 montes
2609 1005 2956 1062 comederunt
2985 1005 3038 1060 in
3069 1013 3124 1062 te
3150 1023 3166 1061 :
3195 1003 3370 1060 scelus
3395 1003 3599 1074 operati
3627 1011 3756 1058 sunt

2163 1099 2219 1155 in
2250 1100 2427 1156 medio
2458 1100 2553 1156 tui.
2582 1098 2971 1157 Verecundiora
3003 1097 3168 1170 patris
3193 1097 3670 1168 discooperuerunt
3699 1096 3752 1150 in

2163 1198 2238 1260 te,
2269 1191 2656 1248 immunditiam
2687 1199 3030 1248 menstruatae
3057 1190 3472 1246 humiliaveruut
3497 1191 3550 1245 in
3581 1200 3652 1245 te.
3683 1187 3752 1244 Et

2162 1279 2527 1358 unusqmsque
2571 1285 2624 1341 in
2678 1300 2896 1340 uxorem
2950 1283 3180 1356 proximi
3231 1282 3314 1337 sui
3370 1290 3622 1353 operatus
3669 1291 3756 1336 est

2161 1377 2646 1435 abominationem:
2675 1384 2729 1433 et
2744 1392 2898 1432 socer
2912 1391 3105 1431 nurum
3127 1389 3276 1430 suam
3301 1373 3486 1444 polluit
3513 1371 3750 1436 nefarie;

2162 1471 2328 1527 frater
2354 1485 2596 1527 sororem
2625 1484 2794 1535 suam,
2827 1469 2987 1523 filiam
3018 1467 3183 1539 patris
3203 1465 3287 1520 sui
3307 1465 3574 1536 oppressit
3599 1464 3649 1517 in
3678 1473 3751 1517 te.

2161 1564 2381 1620 Munera
2410 1570 2738 1634 acceperunt
2764 1561 2904 1634 apud
2945 1571 2995 1617 te
3021 1561 3088 1616 ad
3125 1559 3506 1616 eﬂundendum
3541 1557 3756 1628 sangui-

2162 1675 2324 1726 nem;
2375 1673 2592 1715 usuram
2646 1666 2703 1713 et
2757 1654 3301 1726 superabundantiam
3349 1652 3644 1722 accepisti,
3701 1656 3759 1704 et

2161 1769 2326 1810 avare
2347 1753 2620 1824 proximos
2639 1759 2757 1806 tuos
2783 1749 3215 1812 calumniabaris,
3243 1747 3454 1818 meique
3480 1745 3647 1800 oblita
3671 1758 3753 1808 es,

2162 1847 2237 1902 ait
2267 1846 2521 1902 Dominus
2551 1846 2714 1900 Deus.
2745 1841 2816 1898 Et
2844 1851 2956 1914 post
2983 1840 3254 1915 paululum
3281 1855 3302 1895 :
3331 1839 3399 1894 Et
3437 1839 3633 1894 factum
3673 1844 3760 1891 est

2163 1938 2385 1994 verbum
2413 1936 2623 1992 Domini
2652 1936 2718 1990 ad
2751 1951 2838 1991 me
2862 1934 3047 1990 dicens
3076 1951 3090 1988 :
3122 1933 3242 1988 Filii
3270 1931 3502 1987 hominis
3526 1973 3541 1996 ,
3566 1929 3653 1984 dic
3680 1928 3753 1993 ei,

2162 2031 2242 2088 Tu
2271 2048 2330 2088 es
2349 2040 2492 2088 terra
2513 2029 2806 2096 immunda,
2835 2037 2889 2084 et
2909 2043 3015 2083 non
3041 2027 3311 2098 compluta
3335 2026 3385 2080 in
3413 2025 3500 2079 die
3530 2021 3756 2078 furoris.

2161 2127 2476 2199 Conjuratio
2503 2125 2882 2198 prophetarum
2912 2123 2966 2178 in
2991 2121 3170 2178 medio
3201 2121 3334 2192 ejus.
3371 2118 3521 2174 Sicut
3550 2117 3634 2171 leo
3661 2130 3758 2170 ru-

2161 2221 2315 2292 giens
2355 2220 2677 2290 capiensque
2719 2215 2955 2290 praedam
2981 2257 2996 2282 ,
3027 2215 3258 2270 animam
3287 2214 3308 2244 ²
3335 2210 3752 2274 devoraverunt,

2163 2327 2296 2383 opes
2325 2320 2380 2366 et
2411 2311 2640 2382 pretium
2671 2315 2991 2380 acceperunt
3015 2348 3032 2375 ,
3073 2306 3258 2360 viduas
3287 2303 3402 2374 ejus
3428 2301 3757 2372 multiplica-

2166 2411 2359 2458 verunt
2377 2403 2427 2456 in
2451 2400 2628 2458 medio
2646 2400 2807 2456 illius.
2830 2397 3150 2456 Sacerdotes
3178 2397 3294 2466 ejus
3315 2399 3760 2464 contempserunt

2165 2494 2338 2567 legem
2378 2511 2572 2562 meam,
2618 2503 2674 2551 et
2717 2493 3020 2564 polluerunt
3065 2489 3364 2546 sanctuaria
3408 2503 3570 2543 mea:
3612 2488 3759 2540 inter

2163 2596 2407 2644 sanctum
2441 2595 2496 2644 et
2533 2585 2813 2658 profanum
2855 2601 2962 2639 non
2993 2583 3293 2638 habuerunt
3321 2579 3624 2636 distantiam
3653 2619 3667 2642 ,
3701 2585 3760 2632 et

2164 2681 2304 2736 inter
2341 2679 2601 2751 pollutum
2639 2689 2694 2734 et
2733 2674 3066 2732 immundum
3106 2690 3213 2729 non
3255 2671 3653 2727 intellexerunt.
3689 2665 3762 2723 Et

2165 2783 2279 2847 post
2305 2774 2432 2829 duos
2459 2789 2631 2828 uersus
2661 2791 2675 2828 :
2704 2771 2979 2841 Principes
3007 2769 3123 2841 ejus
3152 2768 3204 2822 in
3235 2765 3411 2822 medio
3441 2765 3584 2820 illius
3602 2762 3760 2835 quasi

2165 2865 2277 2937 lupi
2307 2865 2578 2936 rapientes
2604 2863 2838 2934 praedam
2863 2903 2879 2929 ,
2911 2861 2979 2916 ad
3003 2856 3386 2915 effundendum
3417 2855 3756 2926 sanguinem,

2165 2968 2219 3014 et
2269 2958 2336 3014 ad
2382 2957 2680 3030 perdendas
2725 2957 2953 3021 animas,
3005 2963 3059 3009 et
3077 2969 3237 3008 avare
3283 2950 3533 3007 sectanda
3584 2949 3758 3005 lucra.

2165 3050 2449 3120 Prophetae
2493 3058 2671 3104 autem
2711 3048 2826 3117 ejus
2856 3045 3115 3103 liniebant
3143 3060 3236 3100 eos
3260 3044 3460 3115 absque
3486 3052 3760 3112 tempera-

2166 3149 2371 3209 mento,
2403 3141 2646 3196 videntes
2673 3155 2832 3206 vana,
2862 3148 2916 3194 et
2949 3137 3252 3194 divinantes
3279 3135 3632 3200 mendacium,
3670 3133 3758 3190 di—

2165 3244 2370 3301 centes,
2406 3234 2530 3290 llaec
2555 3233 2684 3289 dicit
2709 3231 2966 3288 Dominus
3001 3232 3182 3298 Deus;
3215 3245 3337 3286 cum
3367 3229 3623 3284 Dominus
3647 3242 3759 3282 non

2166 3329 2236 3384 sit
2261 3328 2489 3384 locutus.
2521 3327 2712 3399 Populi
2741 3335 2901 3383 terrae
2926 3325 3388 3382 calumniabantur
3412 3321 3758 3386 calumniam,

2167 3429 2223 3477 et
2263 3420 2539 3492 rapiebant
2579 3419 2874 3485 violenter,
2920 3433 3148 3489 egenum
3195 3425 3249 3472 et
3293 3429 3583 3486 pauperem
3627 3411 3765 3466 affli-

2165 3515 2397 3586 gebant,
2441 3522 2496 3568 et
2523 3512 2783 3568 advenam
2825 3509 3202 3582 opprimebant
3249 3507 3514 3564 calumnia
3557 3504 3766 3576 absque

2163 3605 2387 3676 judicio.
2439 3605 2507 3660 Et
2547 3603 2767 3675 quaesivi
2812 3602 2879 3670 de
2927 3604 3007 3658 eis
3052 3601 3226 3657 virum
3267 3600 3359 3672 qui
3397 3600 3767 3669 interponeret

2169 3713 2354 3770 sepem
2374 3739 2387 3760 ,
2417 3706 2472 3752 et
2505 3703 2672 3752 staret
2709 3693 2984 3766 oppositus
3011 3702 3199 3749 contra
3234 3707 3322 3747 me
3361 3708 3456 3763 pro
3483 3699 3622 3745 terra
3647 3731 3664 3756 ,
3695 3703 3766 3746 ne

2170 3790 2536 3862 disperderem
2572 3804 2723 3856 eam;
2753 3797 2806 3844 et
2833 3803 2938 3843 non
2965 3787 3162 3843 inveni.
3196 3784 3266 3840 Et
3293 3782 3454 3840 effudi
3481 3798 3641 3852 super
3666 3796 3763 3837 eos

2172 3881 2589 3953 indignationem
2629 3895 2823 3946 meam,
2855 3889 2910 3934 et
2937 3879 2993 3934 in
3023 3879 3146 3949 igne
3173 3878 3266 3933 iras
3293 3893 3427 3932 mea:
3451 3872 3765 3944 consumpsi

2169 3990 2285 4029 eos.
2308 3973 2459 4028 Viam
2483 3988 2670 4029 eorum
2695 3972 2750 4028 in
2774 3981 2934 4043 caput
2958 3986 3145 4028 eorum
3169 3968 3397 4035 reddidi,
3415 3968 3488 4023 ait
3507 3967 3768 4022 Dominus

2170 4066 2332 4122 Deus.

2243 4157 2313 4212 Et
2339 4157 2601 4228 aliquanto
2627 4165 2740 4227 post
2767 4151 3017 4229 [xum]
3047 4172 3061 4209 :
3097 4152 3166 4210 Et
3195 4151 3391 4209 factum
3430 4159 3514 4208 est
3540 4150 3768 4206 verbum

2139 4312 2143 4316 Α
2171 4250 2381 4306 Domini
2412 4249 2479 4306 ad
2509 4265 2597 4306 me
2625 4249 2831 4316 dicens,
2862 4247 2962 4303 Fili
2991 4247 3244 4308 hominis,
3279 4247 3497 4316 loquere
3531 4245 3597 4300 ad
3627 4245 3769 4300 filios

2169 4345 2352 4415 populi
2385 4344 2481 4411 tui,
2510 4353 2565 4398 et
2588 4343 2735 4398 dices
2760 4342 2826 4397 ad
2852 4357 2967 4408 eos,
2989 4340 3157 4397 Terra
3180 4356 3302 4396 cum
3323 4339 3583 4394 induxero
3603 4353 3771 4408 super

2172 4451 2291 4491 eam
2316 4434 2572 4506 gladium,
2601 4441 2655 4490 et
2679 4434 2860 4490 tulerit
2886 4433 3113 4504 populus
3135 4441 3292 4488 terrae
3314 4432 3484 4486 virum
3511 4445 3672 4484 unum
3699 4429 3771 4484 de

2173 4528 2480 4585 novissimis
2510 4529 2620 4584 suis
2646 4570 2662 4596 ,
2691 4537 2747 4584 et
2772 4527 3113 4583 constituerit
3139 4542 3263 4582 eum
3291 4541 3454 4598 super
3480 4542 3540 4582 se
3568 4539 3768 4596 specu-

2174 4622 2432 4688 latorem;
2480 4630 2536 4677 et
2581 4622 2671 4677 ille
2719 4621 2912 4676 viderit
2965 4621 3197 4692 gladium
3251 4621 3554 4676 venientem
3606 4634 3772 4688 super

2174 4724 2394 4782 terram,
2419 4723 2473 4770 et
2496 4713 2753 4769 cecinerit
2773 4713 3015 4780 buccina,
3034 4724 3086 4768 et
3108 4712 3503 4768 annuntiaverit
3529 4711 3728 4782 populo
3751 4728 3769 4767 :

2173 4806 2400 4861 audiens
2426 4815 2606 4861 autem
2636 4805 2880 4876 quisquis
2911 4805 3001 4859 ille.
3039 4815 3123 4861 est
3153 4805 3386 4860 sonitum
3416 4803 3680 4868 buccinzr,
3711 4810 3772 4860 et

2179 4914 2285 4953 non
2332 4914 2391 4954 se
2428 4897 2813 4963 observaverit,
2859 4897 3172 4967 veneritque
3216 4897 3443 4967 gladius,
3489 4903 3544 4950 et
3587 4893 3770 4950 tulerit

2173 5006 2332 5056 eum;
2377 4991 2592 5062 sanguis
2632 4989 2799 5060 ipsius
2840 5004 3004 5060 super
3027 4997 3186 5059 caput
3223 4988 3340 5060 ejus
3365 4989 3490 5044 erit.
3520 4986 3768 5043 Sunitum

2174 5081 2415 5137 buccinae
2443 5081 2681 5148 audivit,
2715 5089 2770 5138 et
2799 5097 2907 5137 non
2935 5096 2996 5138 se
3035 5080 3376 5147 observavit;
3403 5081 3620 5150 sanguis
3649 5078 3769 5150 ejus

2174 5174 2228 5230 in
2257 5176 2373 5246 ipso
2407 5175 2528 5230 erit.
2564 5174 2621 5230 Si
2659 5183 2837 5230 autem
2879 5191 2940 5231 se
2977 5175 3306 5239 custodierit,
3337 5175 3569 5230 animam
3612 5188 3770 5229 suam

2173 5267 2418 5322 salvabit.
2455 5266 2608 5335 Quod
2649 5267 2694 5321 si
2734 5266 3039 5337 speculator
3066 5266 3260 5323 viderit
3283 5267 3517 5338 gladium
3555 5269 3772 5325 venien-

2174 5368 2304 5424 tem,
2347 5369 2402 5414 et
2439 5373 2544 5414 non
2584 5358 2881 5414 insonuerit
2918 5358 3161 5426 buccina,
3201 5367 3257 5415 et
3299 5359 3528 5430 populus
3564 5376 3670 5414 non
3710 5375 3774 5416 se

2173 5450 2520 5518 custodierit,
2546 5450 2863 5521 veneritque
2887 5449 3099 5520 gladius
3116 5491 3131 5517 ,
3160 5457 3216 5505 et
3245 5449 3425 5505 tulerit
3453 5449 3521 5506 de
3546 5448 3626 5506 eis
3653 5435 3780 5506 ani-I

2174 5559 2316 5600 mam
2365 5561 2380 5598 :
2425 5545 2518 5600 ille
2567 5543 2783 5616 quidem
2831 5544 2885 5599 in
2938 5538 3218 5616 iniquitate
3265 5559 3362 5599 sua
3414 5552 3602 5614 captus
3650 5552 3770 5612 est;

2173 5637 2485 5710 sanguinem
2504 5645 2684 5692 autem
2699 5636 2816 5708 ejus
2831 5636 2900 5694 de
2917 5652 3082 5694 manu
3101 5634 3452 5709 speculatoris
3471 5637 3768 5710 requiram.

2237 5751 2254 5783 ί
2278 5751 2352 5824 sic
2365 5751 2519 5824 etiam
2531 5748 2657 5812 apud
2673 5749 3088 5824 meronymumnet
3104 5749 3157 5800 in
3175 5755 3284 5802 lss.
3636 5755 3696 5802 At
3719 5750 3770 5802 ID

2174 5813 2369 5864 excusis
2390 5810 2573 5872 Bibiiis;
2589 5810 2828 5884 sprevisti,
2851 5810 2898 5864 'et
2919 5811 3119 5864 sabbata
3137 5825 3246 5864 mea

2237 5871 2510 5946 {Vulgata,
2546 5887 2764 5939 aramus;
2785 5887 3063 5940 quanquam
3083 5873 3237 5926 illain
3267 5877 3404 5927 norb.
3445 5874 3565 5928 Bibl.
3591 5875 3763 5941 habet,
