4110 6434
402 374 510 433 946

404 492 473 548 Et
496 498 554 547 tu
578 532 593 560 ,
623 488 700 545 fili
730 487 963 545 hominis
985 526 1001 553 ,
1028 485 1419 558 speculatorem
1456 483 1579 540 dedi
1624 492 1678 539 te
1710 483 1891 539 domui
1917 483 1994 538 ls-

404 584 513 642 rael
539 602 552 641 :
581 582 804 639 audiens
826 597 954 653 ergo
983 597 1048 637 ex
1078 595 1172 635 ore
1200 595 1321 635 meo
1351 592 1676 646 sermonem,
1709 578 1991 632 annuntia-

401 679 485 735 bis
526 676 604 733 eis
644 692 711 732 ex
750 691 854 730 me.
904 674 958 732 Si
1006 688 1092 729 me
1137 672 1349 729 dicente
1390 671 1457 727 ad
1506 671 1755 741 impium,
1804 670 1989 740 impie,

401 780 576 828 morte
618 769 894 836 morieris;
940 782 1047 823 non
1089 766 1253 823 fueris
1280 767 1523 832 locutus,
1553 774 1611 821 ut
1639 779 1699 821 se
1725 763 1993 821 custodiat

400 867 598 938 impius
625 880 657 920 a
689 864 771 919 via
797 878 891 919 sua
926 881 938 917 :
970 862 1085 933 ipse
1115 861 1308 931 impius
1349 860 1402 915 in
1434 858 1713 931 iniquitate
1739 873 1834 913 sua
1870 872 1994 913 mon

400 960 601 1023 rietur;
635 957 946 1027 sanguinem
974 963 1149 1010 autem
1169 954 1285 1023 ejus
1304 953 1372 1008 de
1394 968 1553 1007 manu
1576 961 1665 1007 tua
1696 951 1988 1022 requiram.

401 1052 459 1109 Si
486 1060 664 1106 autem
685 1048 1028 1104 annuntiante
1055 1058 1106 1103 te
1125 1046 1191 1101 ad
1213 1046 1451 1117 impium,
1471 1054 1576 1100 uta
1594 1044 1692 1099 viis
1721 1044 1831 1099 sbis
1858 1060 1991 1099 con-

400 1154 655 1209 vertatur,
681 1151 735 1198 et
764 1156 867 1217 non
900 1140 1058 1197 fuerit
1084 1154 1373 1196 conversus
1413 1154 1444 1191 a
1499 1136 1583 1192 via
1620 1152 1717 1191 sua
1747 1156 1759 1191 :
1795 1137 1907 1206 ipse
1937 1136 1990 1192 in

402 1240 682 1310 iniquitate
710 1253 804 1292 sua
831 1235 1117 1300 morietur;
1148 1250 1307 1304 porro
1333 1243 1389 1288 tu
1415 1233 1645 1287 animam
1676 1239 1821 1286 tuam
1852 1230 1989 1285 libe-

398 1336 548 1394 rasti.
577 1333 659 1389 Tu
689 1346 835 1401 ergo,
867 1330 938 1384 ﬁli
964 1330 1213 1395 hominis,
1242 1328 1329 1383 dic
1352 1327 1417 1382 ad
1445 1327 1661 1381 domum
1687 1324 1870 1387 lsrael,
1901 1322 1991 1379 Sic

400 1428 562 1485 locuti
611 1426 741 1482 estis
792 1423 1050 1489 dicentes,
1095 1422 1403 1492 iniquitates
1454 1432 1649 1475 nostra:
1683 1426 1738 1474 et
1777 1426 1990 1488 peccata

400 1530 581 1576 nostra
622 1534 785 1589 super
810 1531 908 1572 nos
941 1524 1097 1581 sunt,
1130 1524 1185 1570 et
1222 1515 1271 1568 in
1315 1512 1446 1585 ipsis
1487 1528 1584 1568 nos
1628 1510 1986 1578 tabescimus;

400 1612 666 1684 quomodo
682 1627 809 1681 ergo
825 1612 1001 1666 vivere
1026 1607 1355 1680 poterimus?
1376 1608 1469 1662 Dic
1491 1606 1555 1661 ad
1576 1622 1689 1673 eos,
1716 1606 1847 1660 Vivo
1867 1621 1985 1676 ego,

399 1705 525 1760 dicit
568 1705 824 1759 Dominus
854 1703 1014 1769 Dens,
1046 1702 1171 1756 nolo
1201 1710 1426 1755 mortem
1470 1697 1639 1767 impii.
1680 1696 1772 1752 sed
1805 1706 1861 1752 ut
1898 1713 1985 1753 re-

400 1805 637 1852 vertatur
665 1796 681 1827 ¹
712 1794 907 1863 impius
937 1808 965 1845 a
997 1794 1080 1847 via
1111 1808 1205 1846 sua
1244 1791 1380 1847 mala
1405 1832 1420 1855 ,
1450 1798 1504 1844 et
1537 1790 1678 1845 vivat
1707 1808 1729 1861 :_
1760 1804 1985 1845 conver-

400 1888 569 1943 timini
608 1903 637 1940 a
679 1886 780 1941 viis
813 1885 1006 1941 vestris
1056 1884 1334 1953 pessimis;
1362 1890 1417 1936 et
1458 1897 1623 1951 quare
1664 1880 1982 1946 moriemini,

400 1979 590 2033 domus
617 1977 815 2031 Israel?
846 1976 925 2029 Tu
965 1962 1142 2045 itaque.
1164 2016 1178 2039 ,
1215 1973 1289 2028 fili
1329 1973 1564 2028 hominis
1588 2014 1603 2039 ,
1631 1972 1715 2027 dic
1742 1971 1809 2026 ad
1849 1971 1987 2028 filios

401 2072 578 2142 pepuli
611 2070 685 2123 tui
720 2087 730 2125 :
767 2068 983 2123 Justitia
1021 2067 1152 2136 justi
1180 2082 1284 2120 non
1330 2066 1577 2121 liberabit
1605 2080 1725 2120 eum
1758 2064 1810 2118 in
1851 2078 1985 2133 qua-

398 2180 627 2237 cumque
651 2162 737 2218 die
764 2161 1089 2232 peccaverit;
1120 2170 1171 2214 et
1203 2159 1447 2229 impietas
1475 2159 1619 2229 impii
1642 2173 1749 2212 non
1777 2156 1989 2212 nocebit

396 2258 447 2312 ei
491 2258 541 2311 in
579 2270 909 2327 quacumque
947 2253 1035 2307 die
1078 2266 1367 2307 conversus
1406 2250 1566 2305 fuerit
1602 2250 1669 2305 ab
1714 2248 1986 2319 impietate

396 2366 492 2405 sua
528 2368 542 2405 :
574 2359 627 2405 et
650 2349 824 2419 justus
853 2362 957 2403 non
990 2346 1184 2417 poterit
1213 2346 1391 2399 vivere
1432 2344 1481 2398 in
1516 2342 1719 2413 justitia
1760 2357 1853 2397 sua
1874 2382 1889 2409 ,
1930 2342 1985 2399 in

396 2456 729 2513 quacumque
755 2440 841 2494 die
866 2438 1181 2509 peccaverit.
1212 2436 1436 2491 Etiamsi
1460 2434 1649 2489 dixero
1670 2434 1817 2503 justo
1838 2432 1984 2503 quod

395 2534 501 2588 vita
532 2533 695 2599 vivat,
727 2542 781 2587 et
822 2531 1057 2588 confisus
1102 2530 1153 2584 in
1190 2528 1396 2599 justitia
1428 2542 1524 2581 sua
1568 2525 1753 2581 iecerit
1787 2524 1980 2595 iniqui-

398 2637 591 2693 tatem;
619 2642 805 2682 omnes
837 2625 1057 2696 justitia:
1083 2624 1199 2693 ejus
1224 2622 1476 2677 oblivioni
1506 2620 1785 2676 tradentur
1807 2661 1822 2686 ,
1849 2625 1905 2673 et
1930 2617 1983 2673 in

396 2722 672 2789 iniquitate
698 2736 791 2774 sua
817 2734 975 2789 quam
1003 2726 1253 2788 operatus
1278 2724 1379 2781 est,
1405 2715 1455 2768 in
1489 2714 1602 2784 ipsa
1630 2712 1904 2767 morietur.
1925 2707 1983 2767 Si

395 2823 570 2868 autem
597 2813 780 2867 dixero
812 2809 1005 2881 impio,
1035 2809 1203 2863 Morte
1230 2806 1477 2861 morieris
1497 2848 1510 2870 ,
1541 2814 1595 2859 et
1615 2804 1783 2874 egerit
1810 2805 1985 2874 paeni-

398 2908 617 2962 tentiam
648 2921 675 2959 a
703 2912 921 2975 peccato
960 2917 1056 2956 suo
1081 2942 1095 2966 ,
1126 2900 1415 2969 feceritque
1446 2897 1697 2967 judicium
1736 2905 1790 2950 et
1821 2895 1981 2966 justi-

397 3004 563 3065 tiam.
620 3001 805 3072 pignus
854 2996 1145 3053 restituerit
1196 2995 1287 3049 ille
1352 2993 1581 3063 impius,
1637 2991 1983 3061 rapinamque

398 3094 710 3158 reddiderit,
740 3094 790 3147 in
819 3089 1084 3145 mandatis
1113 3088 1237 3142 vitae
1265 3082 1637 3150 ambulaverit,
1667 3098 1768 3138 nec
1796 3082 1985 3139 fecerit

396 3189 681 3260 quidquam
731 3186 1017 3253 injustum;
1068 3180 1173 3235 vita
1224 3178 1387 3245 vivet,
1438 3183 1495 3232 et
1549 3190 1653 3231 non
1702 3175 1978 3230 morietur.

395 3280 582 3335 Omnia
615 3286 829 3348 peccata
864 3276 980 3344 ejus
1014 3287 1133 3344 quae
1169 3270 1411 3342 peccavit
1448 3284 1554 3323 non
1585 3265 1985 3337 imputabuntur

395 3372 465 3427 ei.
493 3370 755 3426 Iudicium
788 3365 1114 3435 etjnstitiam
1145 3362 1288 3429 fecit,
1311 3362 1419 3416 vita
1451 3361 1611 3415 vivet.
1638 3359 1707 3414 Et
1734 3358 1985 3414 dixerunt

395 3463 491 3519 filii
515 3462 694 3535 populi
737 3460 810 3515 tui
842 3476 854 3512 :
884 3456 999 3513 Non
1031 3464 1114 3512 est
1153 3456 1291 3526 aequi
1334 3452 1586 3524 ponderis
1626 3451 1713 3505 via
1751 3449 1979 3506 Domini.

397 3556 466 3609 Et
490 3556 723 3625 ipsorum
753 3551 835 3605 via
852 3550 1045 3620 injusta
1070 3557 1171 3604 est.
1192 3544 1325 3601 Cum
1344 3545 1487 3599 enim
1509 3542 1791 3599 recesserit
1808 3542 1985 3612 justus

396 3663 429 3703 ι
450 3646 651 3717 justitia
678 3660 793 3708 sua,
824 3643 1115 3713 feceritque
1133 3638 1473 3710 iniquitates,
1514 3636 1773 3692 morietur
1803 3639 1855 3690 in
1883 3636 1980 3691 eis.

397 3740 603 3796 Etcum
631 3736 915 3793 recesserit
944 3734 1136 3803 impius
1161 3731 1230 3785 ab
1253 3730 1523 3801 impietate
1548 3744 1665 3796 sua,
1695 3726 1984 3798 feceritque

396 3831 649 3903 judicium
678 3838 731 3884 et
750 3827 1030 3898 justitiam,
1056 3824 1201 3880 vivet
1226 3823 1278 3877 in
1299 3822 1397 3877 eis.
1425 3822 1491 3876 Et
1510 3821 1685 3876 dicitis
1714 3837 1727 3873 :
1756 3819 1873 3875 Non
1903 3828 1986 3875 est

400 3931 544 3977 recta
577 3922 657 3974 via
692 3919 918 3973 Domini.
961 3917 1403 3987 Unumquemque
1424 3914 1575 3985 juxta
1603 3913 1715 3967 vias
1748 3927 1873 3968 suas
1897 3912 1987 3983 ju-

399 4015 608 4079 dicabo,
645 4012 712 4067 de
744 4011 892 4066 vobis
931 4009 1122 4064 domus
1169 4008 1354 4063 lsrael.
1393 4006 1460 4061 Et
1505 4014 1613 4076 post
1652 4004 1987 4076 quadraginta

398 4125 573 4163 novem
596 4123 765 4161 versus
795 4121 812 4158 :
844 4106 907 4159 Et
939 4113 1015 4166 tu,
1047 4102 1121 4156 illi
1152 4101 1401 4167 hominis,
1431 4099 1505 4156 fili
1532 4099 1712 4170 populi
1739 4098 1815 4152 tui
1844 4097 1933 4168 qui
1962 4097 1985 4131 ³

398 4200 684 4269 loquuntur
708 4197 772 4251 de
805 4205 854 4251 te
875 4198 1023 4265 juxta
1046 4208 1226 4247 muros
1253 4202 1308 4247 et
1338 4192 1390 4245 in
1414 4190 1563 4245 ostiis
1584 4189 1866 4244 domorum
1892 4230 1907 4255 ,
1931 4196 1987 4244 et

397 4292 582 4347 dicunt
604 4304 739 4345 unus
768 4288 832 4343 ad
864 4288 1125 4351 alterum,
1151 4285 1231 4338 vir
1250 4282 1317 4339 ad
1354 4283 1655 4353 proximum
1685 4296 1838 4336 suum
1860 4323 1875 4349 ,
1899 4280 1985 4336 di-

398 4398 602 4456 centes,
634 4386 844 4453 Venite,
874 4394 928 4441 et
951 4384 1227 4439 audiamus
1256 4382 1344 4453 qui
1362 4382 1431 4436 sit
1449 4396 1626 4437 sermo
1652 4379 1935 4452 egrediens
1953 4394 1984 4434 a

398 4482 642 4538 Domino.
676 4480 746 4534 Et
772 4478 991 4534 veniunt
1028 4476 1095 4533 ad
1126 4486 1210 4543 te,
1240 4476 1391 4547 quasi
1430 4475 1477 4530 si
1525 4473 1851 4545 ingrediatur
1883 4486 1985 4543 po-

399 4577 591 4647 pulus;
621 4583 674 4629 et
699 4574 886 4629 sedent
925 4587 1103 4627 coram
1136 4580 1207 4635 te,
1238 4570 1463 4641 populus
1487 4583 1657 4632 mens,
1687 4576 1741 4623 et
1766 4566 1988 4622 audiunt

396 4684 673 4726 sermones
698 4676 845 4732 tuos,
870 4675 925 4721 et
951 4681 1055 4719 non
1086 4663 1287 4719 faciunt
1311 4678 1404 4718 eos
1434 4679 1449 4717 :
1476 4662 1600 4733 quia
1626 4662 1681 4716 in
1715 4660 1981 4715 canticum

396 4763 508 4819 oris
536 4762 618 4816 sui
643 4768 857 4816 vertunt
897 4759 1033 4822 illos,
1058 4766 1109 4812 et
1138 4755 1418 4810 avaritiam
1448 4769 1598 4809 suam
1628 4753 1867 4823 sequitur
1890 4766 1987 4807 cor

396 4870 606 4910 eorum.
637 4852 704 4907 Et
724 4867 785 4907 es
804 4850 884 4907 eis
906 4848 1055 4919 quasi
1083 4862 1297 4902 carmen
1320 4844 1580 4899 musicum
1599 4843 1641 4912 ⁸,
1675 4842 1817 4914 quod
1838 4844 1986 4898 suavi

395 4946 646 5016 dulcique
673 4958 806 4998 sono
834 4942 1071 5007 canitur;
1104 4948 1155 4994 et
1186 4937 1408 4993 audiunt
1438 4936 1603 4993 verba
1646 4945 1768 5002 tua,
1798 4944 1850 4991 et
1877 4951 1984 4991 non

396 5037 598 5093 faciunt
635 5052 698 5092 ea
736 5034 778 5088 ⁸.
815 5035 883 5090 Et
920 5049 1041 5089 cum
1089 5031 1296 5087 venerit
1333 5030 1475 5103 quod
1522 5030 1834 5103 praedictum
1873 5040 1983 5099 est;

395 5146 522 5187 ecce
551 5130 692 5186 enim
731 5127 910 5195 venit;
952 5136 1079 5182 tunc
1116 5125 1287 5182 scient
1321 5124 1464 5197 quod
1508 5125 1795 5197 prophetes
1826 5123 1987 5180 fuerit

397 5224 538 5278 inter
562 5236 676 5277 eos.

456 5311 694 5388 [xum]
712 5330 725 5366 :
740 5311 811 5368 Et
828 5311 1024 5366 factum
1036 5320 1119 5367 est
1131 5309 1349 5367 verbum
1362 5310 1573 5365 Domini
1588 5310 1653 5365 ad
1675 5324 1761 5366 me
1778 5310 1982 5378 dicens,

397 5404 501 5460 Fili
519 5404 769 5470 hominis,
794 5401 1053 5474 propheta
1071 5400 1139 5456 de
1159 5401 1461 5471 pastoribus
1482 5399 1675 5467 Israel;
1700 5401 1981 5473 propheta,

397 5505 451 5552 et
491 5494 641 5552 dices
678 5494 1004 5568 pastoribus,
1043 5491 1170 5547 Haec
1215 5490 1348 5546 dicit
1382 5492 1640 5547 Dominus
1683 5492 1844 5559 Deus,
1891 5492 1984 5549 Vae

462 5633 556 5706 ¹.ιυ
590 5630 833 5706 ,Ὺωεειιειρ
871 5634 1231 5706 conteretur;
1263 5627 1508 5706 vastos“?
1545 5636 1656 5706 vos
1692 5631 1987 5706 ίιξςθωίωω

398 5694 551 5745 verbo
572 5690 765 5756 dicitur,
786 5690 1135 5756 convertimini,
1162 5690 1507 5756 σοπὶκενιέηιίιιέΔ
1517 5690 1563 5744 α’
1571 5692 1676 5755 viis,
1701 5690 1795 5744 etc.

462 5759 553 5825 ξω
576 5752 802 5825 omnibus
824 5766 929 5807 mss.
947 5755 1092 5806 deest
1115 5752 1400 5825 pronomen,
1424 5752 1523 5820 qui.

465 5821 484 5884 ἓ
510 5822 684 5884 Regius
705 5820 860 5884 eode;
873 5854 888 5879 ,
908 5831 1103 5868 carmen
1123 5820 1431 5884 musicorum.

465 5877 1600 5943 Hminetaudientveroatuamtnonfaciau.

1657 367 1745 424 DE
1782 366 2161 426 SCRIPTURA
2204 368 2447 429 SACRA.

3583 378 3691 437 948

2099 487 2401 556 pastoribus
2438 485 2625 555 lsrael,
2668 488 2757 559 qui
2799 488 3091 560 pascebant
3125 490 3462 561 semetipsos,
3500 493 3688 551 Nonne

2097 594 2285 651 greges
2314 589 2602 651 pascuntur
2626 596 2656 637 a
2700 582 3039 654 pastoribus?
3067 582 3175 640 Lac
3207 584 3570 642 comedebatis
3589 629 3605 655 ,
3632 597 3687 644 et

2098 672 2236 729 lanis
2287 675 2691 745 operiebamini,
2737 685 2792 733 et
2837 676 2978 749 quod
3023 692 3263 734 crassum
3311 686 3428 735 erat
3476 680 3686 735 occide.

2098 762 2236 820 batis
2263 765 2304 833 ί,
2334 781 2546 839 gregem
2585 775 2763 823 autem
2807 784 2984 823 meum
3032 784 3139 824 non
3179 769 3496 840 paseebatis.
3532 768 3685 840 Quod

2098 856 2365 913 infirmum
2386 858 2481 914 fuit
2502 875 2605 915 non
2626 859 2997 917 consolidastis
3013 878 3027 927 ;
3043 871 3096 917 et
3113 862 3253 932 quod
3274 874 3554 934 aegrotum,
3579 880 3687 922 non

2098 951 2360 1017 sanastis;
2406 951 2549 1023 quod
2590 951 2816 1009 fractum
2852 964 2963 1023 est,
2996 971 3101 1011 non
3146 956 3435 1028 alligastis;
3459 968 3515 1015 et
3542 960 3685 1031 quod

2097 1042 2360 1113 abjectum
2399 1054 2519 1112 est,
2562 1062 2668 1101 non
2712 1046 3033 1116 reduxistis;
3078 1049 3220 1119 quod
3264 1052 3535 1121 perierat,
3576 1068 3686 1110 non

2097 1137 2365 1206 quaesistis
2393 1156 2409 1195 :
2435 1138 2528 1196 sed
2548 1155 2668 1197 cum
2690 1142 3000 1200 austeritate
3024 1142 3367 1214 imperabatis
3389 1146 3468 1202 eis
3493 1154 3549 1203 et
3562 1162 3687 1205 cum

2097 1231 2353 1299 potentia.
2392 1232 2457 1287 Et
2496 1233 2751 1305 dispersae
2790 1243 2914 1291 sunt
2947 1250 3076 1292 oves
3109 1252 3265 1305 meae,
3293 1253 3358 1293 eo
3386 1240 3530 1311 quod
3574 1256 3684 1300 non

2098 1334 2239 1381 esset
2266 1336 2445 1395 pastor
2475 1346 2487 1381 :
2518 1337 2573 1383 et
2603 1328 2752 1383 factae
2778 1339 2901 1384 sunt
2930 1330 2982 1384 in
3012 1329 3412 1387 devorationem
3447 1334 3686 1391 omnium

2095 1418 2385 1474 bestiarum
2407 1420 2537 1491 agri,
2565 1430 2617 1475 et
2638 1420 2892 1490 dispersae
2910 1432 3035 1477 sunt
3058 1439 3071 1485 ;
3097 1431 3151 1477 et
3171 1433 3483 1479 erraverunt
3498 1440 3688 1496 greges

2095 1513 2200 1569 mei
2223 1512 2276 1568 in
2296 1515 2503 1570 cunctis
2529 1515 2817 1578 montibus.
2843 1528 2895 1571 et
2923 1517 2975 1571 in
3003 1516 3254 1573 universo
3275 1519 3409 1573 colle
3438 1520 3685 1588 excelso;

2095 1614 2149 1660 et
2183 1620 2342 1675 super
2381 1622 2595 1662 omnem
2643 1607 2829 1663 faciem
2871 1617 3030 1663 terra:
3068 1609 3295 1679 dispersi
3341 1620 3463 1665 sunt
3499 1627 3687 1682 greges

2095 1700 2218 1754 mei.
2255 1700 2321 1754 Et
2350 1715 2455 1755 non
2484 1710 2599 1757 erat
2624 1702 2714 1771 qui
2754 1702 3051 1772 requireret
3084 1720 3095 1755 :
3127 1719 3234 1758 non
3262 1712 3413 1767 erat,
3446 1704 3682 1775 inquam,

2094 1792 2183 1861 qui
2224 1793 2537 1862 requireret.
2583 1793 2905 1864 Propterea,
2938 1804 3211 1865 pastores,
3239 1796 3419 1852 audite
3460 1796 3683 1852 verbum

2094 1885 2304 1940 Domini
2337 1904 2349 1941 :
2381 1885 2515 1941 Vivo
2544 1902 2673 1957 ego,
2702 1887 2827 1943 dicit
2852 1890 3106 1943 Dominus
3134 1891 3273 1943 Deus
3298 1932 3311 1954 ,
3343 1891 3465 1961 quia
3495 1906 3593 1962 pro
3617 1905 3686 1949 eo

2094 1977 2233 2048 quod
2260 1977 2384 2032 facti
2414 1987 2534 2033 sunt
2562 1995 2753 2049 greges
2781 1980 2885 2034 mei
2911 1980 2963 2033 in
2986 1980 3227 2049 rapinam
3254 1983 3297 2044 ’,
3321 1990 3374 2036 et
3398 1996 3527 2036 oves
3553 1997 3689 2038 meas

2093 2070 2146 2125 in
2178 2070 2583 2125 devorationem
2629 2070 2866 2126 omnium
2906 2071 3200 2126 bestiarum
3245 2073 3393 2143 agri,
3435 2087 3502 2129 eo
3545 2071 3689 2142 quod

2094 2178 2199 2218 non
2235 2171 2379 2217 esset
2419 2170 2601 2232 pastor
2641 2161 2855 2233 (neque
2896 2162 3037 2218 enim
3084 2164 3409 2233 quaesierunt
3446 2172 3690 2234 pastores

2092 2269 2310 2325 gregem
2351 2269 2563 2319 meum;
2614 2254 2706 2309 sed
2741 2256 3028 2325 pascebant
3066 2264 3307 2326 pastores
3348 2258 3684 2330 semetipsos,

2094 2356 2149 2400 et
2176 2361 2368 2416 greges
2396 2361 2548 2401 meos
2569 2361 2675 2401 non
2698 2347 2987 2416 pascebant
3012 2346 3030 2418 )
3054 2366 3067 2402 :
3102 2357 3400 2419 propterea,
3426 2361 3688 2420 pastores,

2091 2437 2271 2492 audite
2299 2438 2523 2493 verbum
2563 2438 2773 2493 Domini
2812 2456 2823 2491 :
2859 2438 2986 2493 llaec
3024 2438 3154 2494 dicit
3200 2440 3457 2497 Dominus
3500 2442 3641 2497 Deus
3667 2476 3695 2509 ,η

2092 2529 2235 2585 Ecce
2285 2546 2385 2600 ego
2442 2531 2557 2601 ipse
2606 2546 2773 2601 super
2815 2540 3058 2602 pastores
3084 2574 3097 2597 ,
3145 2534 3414 2602 requiram
3468 2549 3683 2604 gregem

2093 2636 2273 2676 meum
2297 2621 2365 2677 de
2392 2637 2553 2677 manu
2575 2638 2785 2690 eorum,
2804 2631 2859 2679 et
2884 2618 3096 2679 cessare
3116 2639 3209 2680 eos
3236 2624 3445 2690 faciam,
3471 2634 3528 2680 ut
3549 2625 3685 2681 ultra

2093 2730 2198 2771 non
2235 2724 2458 2786 pascant
2494 2733 2709 2788 gregem
2736 2760 2751 2784 ,
2782 2732 2883 2775 nec
2918 2729 3135 2787 pascant
3176 2720 3403 2791 amplius
3441 2730 3686 2791 pastores

2092 2807 2410 2877 semetipsos
2435 2824 2450 2872 ;
2479 2818 2533 2863 et
2559 2808 2798 2864 liberabo
2818 2825 3035 2880 gregem
3062 2826 3238 2865 meum
3268 2810 3334 2865 de
3361 2825 3453 2866 ore
3474 2826 3684 2879 eorum,

2092 2907 2147 2953 et
2188 2914 2295 2954 non
2326 2900 2429 2954 erit
2466 2899 2547 2955 eis
2575 2901 2715 2955 ultra
2761 2902 2814 2955 in
2850 2916 3051 2957 escam.
3082 2901 3149 2956 Et
3178 2912 3288 2972 post
3324 2904 3637 2975 aliquantum
3667 2918 3688 2960 :

2091 2991 2203 3049 Vos
2244 3001 2443 3058 autem,
2491 3009 2679 3065 greges
2723 2996 2851 3063 mei,
2899 2995 3014 3051 haec
3055 2996 3185 3051 dicit
3225 2996 3481 3053 Dominus
3521 3000 3681 3065 Dens,

2092 3085 2233 3143 Ecce
2257 3102 2358 3157 ego
2381 3087 2563 3156 judico
2607 3088 2747 3143 inter
2774 3105 2936 3159 pecus
2971 3098 3026 3145 et
3050 3106 3211 3161 pecus
3240 3092 3463 3147 arietum
3493 3100 3549 3148 et
3574 3092 3686 3147 hir-

2091 3193 2276 3234 corum
2304 3178 2345 3232 ³.
2368 3179 2559 3235 Nonne
2583 3181 2712 3235 satis
2742 3181 2891 3237 vobis
2912 3192 3025 3237 erat
3046 3198 3239 3253 pascua
3264 3182 3405 3240 bona
3430 3184 3687 3255 depasci?

2092 3268 2313 3341 Insuper
2349 3279 2405 3326 et
2453 3271 2707 3342 reliquias
2760 3288 3074 3342 paseuarum
3124 3283 3424 3330 vestrarum
3467 3276 3685 3332 concul-

2091 3364 2253 3419 castis
2278 3363 2501 3433 pedibus
2526 3366 2747 3428 vestris;
2774 3374 2827 3420 et
2855 3380 2975 3419 cum
3009 3367 3346 3436 purissimam
3378 3383 3572 3438 aquam
3599 3368 3683 3423 bi-

2092 3455 2311 3521 beretis,
2333 3456 2594 3525 reliquam
2624 3456 2847 3527 pedibus
2876 3460 3069 3514 vestris
3108 3459 3402 3515 turbabatis
3434 3478 3447 3514 :
3479 3470 3534 3518 et
3557 3475 3685 3517 oves

2092 3565 2226 3605 mea:
2252 3548 2337 3603 his
2370 3564 2489 3619 qua:
2517 3550 2827 3604 conculcata
2860 3550 3083 3620 pedibus
3109 3552 3299 3605 vestris
3327 3550 3555 3617 fuerant,
3587 3567 3682 3622 pa-

2092 3641 2405 3705 scebantur;
2434 3649 2487 3694 et
2516 3655 2633 3710 qua:
2672 3641 2833 3711 pedes
2864 3643 3026 3697 vestri
3056 3643 3417 3709 turbaverant,
3450 3643 3563 3699 haec
3594 3644 3680 3698 bi-

2092 3732 2311 3788 bebant.
2334 3733 2624 3804 Propterea
2652 3733 2767 3787 inec
2795 3733 2925 3789 dicit
2953 3734 3209 3789 Dominus
3238 3736 3377 3791 Deus
3405 3736 3470 3789 ad
3497 3751 3593 3792 eos
3618 3735 3640 3767 ⁵
3669 3755 3685 3791 :

2093 3824 2231 3879 Ecce
2259 3839 2358 3894 ego
2397 3824 2511 3894 ipse
2546 3824 2729 3895 judico
2758 3825 2898 3881 inter
2928 3842 3090 3897 pecus
3120 3827 3319 3899 pingue
3341 3838 3395 3884 et
3425 3828 3680 3884 macilen-

2094 3924 2241 3982 tum;
2272 3931 2369 3985 pro
2398 3931 2462 3971 eo
2492 3917 2633 3987 quod
2666 3918 2919 3973 lateribus
2941 3927 2997 3974 et
3022 3918 3259 3975 humeris
3290 3920 3684 3991 impingebatis,

2092 4017 2147 4063 et
2175 4008 2426 4065 cornibus
2447 4010 2639 4064 vestris
2665 3995 3003 4065 v'entilabatis
3027 4012 3205 4066 omnia
3230 4010 3439 4068 infirma
3466 4027 3681 4084 pecora,

2091 4099 2264 4155 donec
2289 4100 2727 4173 dispergerentur
2753 4102 2917 4157 foras.

2165 4192 2233 4245 Et
2276 4204 2387 4263 post
2433 4194 2750 4263 aliquantum
2798 4192 2971 4267 [XLV/.1
3012 4212 3023 4247 :
3078 4195 3203 4251 Haec
3247 4195 3377 4251 dicit
3428 4196 3687 4255 Dominus

2094 4286 2256 4354 Deus,
2285 4284 2525 4342 Sufficiat
2550 4286 2722 4351 vobis,
2757 4288 3024 4356 principes
3053 4286 3245 4353 Israel;
3274 4288 3604 4360 iniquitatem
3633 4299 3688 4345 et

2094 4381 2311 4451 rapinas
2336 4380 2691 4447 intermittite,
2722 4389 2775 4434 et
2797 4379 3092 4448 judicium,
3122 4388 3176 4435 et
3194 4381 3452 4451 justitiam
3492 4382 3683 4452 facile,

2094 4480 2149 4527 et
2177 4481 2423 4542 separate
2452 4472 2679 4526 confinia
2708 4479 2887 4525 vestra
2926 4486 2953 4524 a
2998 4471 3197 4542 pepulo
3235 4487 3385 4539 meo,
3427 4473 3557 4529 dicit
3584 4475 3683 4530 i)o«

2094 4564 2274 4635 minus
2309 4564 2470 4620 Deus.
2507 4564 2718 4619 Statera
2748 4562 2892 4633 justa
2917 4570 2972 4618 et
2999 4563 3124 4635 cphi
3150 4563 3355 4635 justum
3384 4564 3487 4621 erit
3509 4565 3661 4621 vobis
3712 4566 3732 4637 κ

2093 4666 2149 4715 et
2173 4659 2361 4714 beatus
2385 4658 2580 4729 justus.
3710 4650 3714 4673 ί

2164 4749 2276 4806 Ista
2304 4750 2367 4804 de
2389 4750 2529 4805 libris
2558 4749 2816 4822 posuimus
2835 4792 2849 4817 ,
2880 4767 3005 4823 quos
3030 4758 3080 4805 et
3104 4748 3277 4806 Judari
3303 4752 3569 4807 canonicos
3594 4753 3684 4806 ha-

2096 4843 2242 4912 bent,
2271 4830 2530 4915 inquibus
2559 4860 2730 4898 eorum
2754 4844 3037 4899 invenimus
3063 4843 3236 4915 aliqua
3264 4860 3376 4911 qua:
3403 4844 3519 4898 huic
3546 4845 3683 4915 operi

2092 4939 2428 4994 convenirent.
2472 4936 2578 4992 Sed
2616 4955 2714 4993 non
2747 4947 2863 4993 sunt
2890 4940 3153 4995 omittendi
3178 4948 3224 4994 et
3261 4940 3314 4993 hi
3336 4955 3461 5011 quos
3486 4940 3684 5011 quidem

2095 5044 2212 5088 ante
2254 5032 2538 5089 Saluatoris
2572 5032 2839 5088 adventum
2864 5044 3059 5089 constat
3096 5050 3203 5089 esse
3228 5033 3567 5104 conscriptos,
3596 5036 3686 5088 sed

2094 5145 2177 5184 eos
2203 5145 2303 5183 non
2328 5136 2552 5200 receptos
2575 5144 2605 5180 a
2630 5124 2828 5182 Judwis
2855 5128 3030 5197 recipit
3058 5136 3223 5180 tamen
3245 5125 3469 5193 ejusdem
3496 5124 3687 5182 Salva.

2094 5221 2217 5275 toris
2244 5220 2489 5275 Ecclesia.
2519 5218 2587 5273 In
2622 5219 2701 5273 his
2729 5229 2847 5273 sunt
2876 5218 2977 5272 duo
3006 5218 3090 5289 qui
3135 5217 3425 5273 Salomonis
3451 5235 3485 5271 a
3520 5218 3685 5288 pluri-

2095 5313 2186 5368 bus
2212 5314 2557 5385 appellantur,
2586 5320 2791 5382 propter
2815 5310 3107 5381 quamdam,
3139 5309 3267 5364 sicut
3296 5309 3546 5374 existimo,
3577 5308 3684 5363 elo-

2093 5406 2198 5476 quii
2222 5404 2625 5459 similitudinem.
2657 5401 2796 5456 Nam
2824 5400 3117 5456 Salomonis
3146 5417 3245 5454 non
3273 5417 3397 5463 esse,
3431 5401 3558 5454 nihil
3584 5400 3687 5453 du-

2094 5500 2253 5555 bitant
2281 5500 2465 5571 quique
2492 5496 2758 5552 doctiores.
2804 5494 2914 5550 Nec
2942 5504 3107 5549 tamen
3146 5495 3255 5565 ejus
3293 5496 3375 5565 qui
3408 5492 3688 5549 Sapientia!

2158 5635 2177 5668 ι
2200 5640 2331 5694 Mss,
2350 5628 2681 5683 comedebatis.

2157 5698 2180 5760 ξ
2204 5688 2383 5760 Regius
2403 5694 2578 5760 codex,
2601 5703 2772 5760 greges
2788 5703 2885 5742 met
2900 5688 3005 5742 dati
3025 5696 3135 5741 sum
3149 5703 3203 5741 in
3216 5688 3454 5754 rapinam.

2159 5759 2180 5791 ³
2202 5753 2332 5817 idsi,
2355 5753 2621 5807 arietem'ei

2158 5819 2275 5881 {sic
2299 5813 2443 5881 etiam
2464 5818 2590 5881 apud
2607 5818 2945 5881 Hieronymum
2964 5822 3017 5866 et
3030 5818 3081 5866 in
3102 5822 3211 5867 Mss.
3236 5814 3396 5867 Bibliis
3407 5813 3543 5867 Cori).
3563 5821 3617 5867 At
3635 5813 3686 5867 in

2092 5880 2236 5942 prelo
2255 5882 2401 5932 editis
2420 5878 2570 5931 habet
2593 5878 2811 5943 Vulgata,
2833 5879 2899 5929 ad
2919 5892 3014 5929 vos.
