4110 6462
449 388 555 456 N7

449 515 656 583 dicitur,
681 512 914 584 quisnam
937 516 1002 571 sit
1021 525 1196 573 auctor
1219 525 1427 589 apparet
1452 517 1552 590 (a).
1592 514 1741 571 Illum
1764 532 1878 572 vero
1901 514 2029 571 alte-

448 626 562 666 rum
587 627 734 683 quem
762 628 995 668 vocamus
1024 612 1458 680 Ecclesiastt'cum,
1490 612 1626 686 quod
1650 610 1800 669 Iesus
1825 614 2032 686 quidam

445 706 733 785 scripserit,
760 708 843 779 qui
872 705 1252 793 cognominatur
1294 706 1509 773 Siraclt,
1549 714 1745 762 constat
1779 705 1909 761 inter
1947 722 2031 761 eos

446 797 533 869 qui
557 797 786 854 eumdem
812 798 993 854 librum
1018 807 1175 863 totum
1213 798 1453 873 legerunt.
1500 796 1577 855 De
1614 799 1740 855 libro
1775 815 1895 872 ergo
1924 799 2029 855 Sa-

447 891 652 964 pientiae
674 893 769 959 ista
790 892 904 946 huic
932 892 1074 963 operi
1096 909 1370 966 congruere
1394 893 1499 947 uisa
1518 903 1653 949 sunt.
1842 886 1847 893 ’

853 986 941 1045 DE
979 986 1185 1053 LIBRO
1221 987 1623 1053 δΑΡιΕΝΤω.

515 1073 669 1153 [Cap.
701 1074 766 1153 1.]
795 1078 1004 1150 Diligite
1046 1080 1336 1150 justitiam,
1389 1082 1478 1159 qui
1518 1081 1765 1151 judicatis
1808 1090 2023 1138 terram.

444 1165 652 1226 Sentlte
678 1168 744 1225 de
771 1169 997 1224 Domino
1025 1170 1079 1225 in
1106 1171 1363 1240 bonitate,
1393 1180 1448 1228 et
1471 1170 1523 1228 in
1551 1172 1887 1243 simplicitate
1912 1187 2029 1229 cor-

444 1260 527 1318 dis
553 1262 774 1333 quaerite
804 1262 972 1317 illum.
1004 1262 1264 1332 Quoniam
1295 1263 1559 1319 invenitur
1586 1264 1653 1319 ab
1696 1264 1779 1320 his
1802 1265 1888 1336 qui
1921 1279 2027 1319 non

442 1359 650 1410 tentant
672 1352 856 1421 illum;
889 1362 1107 1425 apparet
1136 1363 1311 1409 autem
1338 1354 1416 1411 eis
1444 1356 1533 1427 qui
1571 1355 1729 1411 fidem
1755 1355 1945 1412 habent
1973 1356 2026 1410 in

442 1445 614 1505 illum.
659 1447 932 1503 Perversa:
958 1448 1099 1519 enim
1136 1448 1484 1520 cogitationes
1521 1457 1769 1519 separant
1814 1465 1842 1502 a
1873 1449 2024 1505 Deo:

441 1539 661 1621 probata
691 1549 866 1597 autem
895 1542 1063 1596 virtus
1087 1541 1308 1613 corripit
1326 1540 1657 1612 insipientes.
1683 1539 1942 1608 Quoniam
1970 1537 2025 1597 in

443 1632 758 1689 malevolam
797 1633 1029 1688 animam
1061 1646 1167 1688 non
1211 1631 1454 1688 introibit
1486 1632 1772 1703 sapientia,
1808 1647 1906 1687 nec
1933 1632 2027 1687 ha-
2094 1688 2097 1693 ,

437 1722 628 1781 bitabit
674 1725 726 1780 in
778 1739 1005 1795 corpore
1051 1721 1265 1779 subdito
1311 1723 1561 1793 peccatis.
1611 1722 1835 1779 Sanctus
1882 1724 2024 1783 enim

437 1814 670 1887 Spiritus
711 1816 1003 1889 disciplinas
1048 1815 1266 1888 eﬂ‘ugiet
1310 1818 1525 1882 tlctnm;
1571 1824 1626 1873 et
1662 1815 1861 1873 auferet
1892 1833 1951 1873 se
1991 1832 2025 1874 ι

436 1907 843 1979 cogitationibus
863 1922 984 1979 quae
1009 1916 1133 1965 sunt
1158 1909 1274 1966 sine
1302 1909 1605 1975 intellectu;
1637 1919 1692 1965 et
1709 1911 2026 1981 corripietur

435 2015 465 2055 a
494 2003 904 2074 superveniente
930 2002 1227 2074 iniquitate.
1258 2002 1528 2076 Benignus
1570 2015 1652 2061 est
1680 2006 1821 2062 enim
1869 2007 2024 2078 spiri.

432 2101 524 2150 tus
546 2095 856 2167 sapientiae,
903 2104 1088 2151 etnon
1115 2095 1359 2163 liberabit
1398 2096 1731 2154 maledictum
1762 2100 1779 2132 ¹
1811 2115 1839 2154 a
1872 2099 2023 2159 labiis

437 2187 584 2253 suis;
615 2187 865 2258 quoniam
910 2202 1094 2241 renum
1134 2186 1273 2242 iilius
1301 2189 1450 2243 testis
1476 2197 1556 2242 cst
1585 2189 1740 2251 Deus.
1770 2199 1824 2245 et
1846 2192 2023 2247 cordis

434 2274 553 2350 ejus
577 2287 843 2335 scrutator
865 2287 950 2335 est
972 2294 1152 2347 verus,
1183 2289 1237 2335 et
1257 2280 1448 2351 lingua:
1474 2281 1612 2336 illius
1631 2281 1857 2336 auditor.
1889 2282 2023 2350 Quo-

430 2370 578 2426 niam
608 2370 825 2441 spiritus
844 2370 1050 2426 Domini
1078 2372 1301 2442 replevit
1324 2373 1507 2426 orbem
1530 2380 1813 2439 terrarum,
1841 2383 1893 2430 et
1918 2374 2022 2432 hoc

434 2459 576 2533 quod
602 2462 839 2516 continet
867 2452 1073 2520 omnia.
1106 2462 1382 2518 scientiam
1416 2460 1573 2520 habet
1600 2462 1763 2519 vocis.
1798 2465 2022 2537 Propter

436 2551 543 2611 boc
568 2554 659 2631 qui
702 2553 937 2626 loquitur
980 2554 1190 2625 iniqua,
1222 2570 1325 2610 non
1356 2563 1528 2626 potest
1557 2556 1753 2625 latere,
1785 2558 1879 2613 sed
1920 2572 2019 2615 nec

431 2648 703 2719 praeteriet
728 2647 875 2702 illum
900 2648 1197 2716 corripiens
1219 2646 1499 2717 judicium.
1536 2647 1589 2701 In
1611 2650 2019 2719 cogitationibus

430 2739 573 2797 enim
601 2738 747 2810 impii
780 2737 1127 2810 interrogatio
1150 2740 1251 2794 erit
1278 2756 1294 2794 :
1326 2754 1629 2795 sermonum
1668 2752 1845 2797 autem
1881 2743 2018 2799 illius

428 2831 630 2888 auditio
660 2830 726 2899 ad
756 2831 1037 2886 Dominum
1065 2832 1273 2899 veniet,
1304 2832 1370 2888 ad
1400 2833 1790 2904 correptionetn
1822 2835 2018 2906 iniqui-

429 2932 598 2980 tatum
634 2923 797 2979 illius.
827 2920 1089 2999 Quoniam
1118 2923 1264 2979 auris
1290 2925 1389 2980 zeli
1418 2924 1565 2979 audit
1598 2926 1775 2981 omnia
1795 2969 1810 2994 ,
1841 2928 1892 2982 e't
1932 2937 2013 2999 tu-

430 3016 631 3072 multus
669 3016 1147 3071 murmurationum
1194 3033 1298 3071 non
1338 3014 1711 3073 abscondetur.
1741 3018 2017 3076 Custoditc

429 3121 557 3178 ergo
581 3121 678 3161 vos
714 3122 743 3162 a
773 3109 1224 3176 murmuratione,
1275 3123 1396 3180 quas
1435 3111 1565 3164 nihil
1603 3111 1854 3181 prodest;
1894 3123 1948 3168 et
1983 3128 2017 3169 a

428 3196 757 3253 detractione
785 3197 989 3269 parcite
1028 3197 1259 3270 linguas:
1292 3202 1542 3271 quoniam
1576 3217 1885 3273 responsum
1916 3204 2013 3262 ob-

429 3302 643 3345 scurum
671 3290 693 3323 ⁹
722 3288 778 3346 in
803 3304 1026 3347 vacuum
1068 3306 1175 3348 non
1204 3292 1321 3349 ibit.
1352 3293 1425 3350 Os
1452 3304 1627 3351 autem
1655 3298 1794 3368 quod
1821 3299 2016 3355 menti—

428 3386 538 3448 tur,
565 3379 761 3436 oceidit
786 3382 1042 3435 animam.

502 3470 570 3528 Et
597 3473 751 3547 paulo
778 3483 891 3545 post
917 3469 1043 3548 [m.]
1068 3492 1082 3528 τ
1111 3473 1211 3541 Qui
1241 3473 1513 3531 confidunt
1536 3476 1591 3531 in
1619 3476 1782 3539 ilium,
1814 3477 2013 3534 intelli-

424 3577 553 3640 gent
578 3567 892 3635 veritatem;
937 3576 991 3622 et
1032 3565 1217 3623 ﬁdeles
1258 3567 1309 3621 in
1354 3567 1637 3624 dilectione
1674 3570 2013 3640 aequiust-ent

425 3658 502 3715 illi
528 3677 542 3716 :
571 3660 691 3731 quia
718 3658 916 3716 donum
943 3667 998 3716 et
1026 3674 1125 3729 pax
1154 3670 1233 3714 cst
1258 3660 1440 3715 electis
1467 3659 1626 3716 illius.
1656 3663 1804 3733 ltnpii
1834 3673 2010 3719 autem

424 3751 719 3806 secundum
746 3764 864 3822 qua:
883 3751 1271 3822 cogitaverunt,
1298 3753 1690 3822 correptionem
1722 3751 2007 3819 habebunt,

424 3844 514 3914 qui
541 3842 888 3914 neglexerunt
906 3843 1169 3914 justitiam
1190 3843 1233 3910 ³,
1260 3853 1313 3898 et
1338 3859 1368 3898 a
1400 3843 1622 3899 Domino
1649 3854 2007 3901 recesserunt.

423 3926 750 4007 Sapientiam
772 3937 912 3992 enim
935 3943 990 3991 et
1008 3934 1342 4007 disciplinam
1368 3938 1455 4007 qui
1478 3938 1674 4009 objicit,
1705 3937 1884 3995 infelix
1905 3946 2006 3997 est.

426 4027 493 4083 Et
522 4038 632 4100 post
665 4044 755 4084 sea:
784 4043 955 4084 versus
975 4042 996 4083 :
1023 4028 1282 4095 Quoniam
1310 4025 1437 4083 felix
1478 4028 1679 4084 sterilis
1717 4038 1770 4085 et
1809 4030 2012 4086 incoin-

424 4123 671 4191 quinata,
702 4138 821 4193 quin
849 4122 1073 4176 nescivit
1099 4129 1270 4174 torum
1314 4120 1370 4175 in
1395 4119 1622 4188 delicto;
1650 4121 1866 4179 habebit
1901 4125 2011 4180 fru-

420 4220 565 4268 ctum
607 4211 664 4267 in
702 4212 1036 4283 respectione
1066 4214 1360 4267 animarum
1385 4209 1450 4267 δτ
1479 4221 1534 4268 et
1572 4213 1742 4284 spado
1770 4216 1859 4288 qui
1902 4231 2006 4271 non

420 4316 675 4379 operatus
694 4316 777 4362 est
796 4320 891 4377 per
908 4319 1099 4361 manus
1121 4319 1247 4361 suas
1266 4305 1618 4377 iniquitatem,
1642 4320 1743 4364 nec
1761 4308 2011 4380 cogitavit

336 4442 343 4447 .
414 4398 674 4456 adversus
704 4398 989 4453 Dominum
1016 4397 1360 4469 nequissima.

490 4491 561 4548 Et
598 4501 709 4565 post
732 4491 1047 4565 aliquantum
1074 4488 1201 4565 [VL]
1227 4509 1245 4545 :
1293 4491 1487 4547 Audite
1514 4506 1676 4563 ergo.
1724 4506 1911 4565 reges,
1954 4503 2009 4550 et

419 4584 736 4655 intelligite;
767 4583 987 4651 discite,
1018 4581 1246 4653 judices,
1274 4580 1460 4639 ﬁnium
1491 4592 1647 4640 terra;
1671 4583 1929 4655 justitiam
1959 4585 2004 4642 '.

418 4676 662 4733 Prmbetc
693 4692 884 4742 aures,
926 4692 1022 4731 vos
1063 4677 1151 4745 qui
1200 4676 1483 4731 continetis
1523 4676 1919 4745 multitudines,
1948 4688 2008 4735 et

417 4769 639 4843 placetis
664 4767 813 4824 vobis
854 4768 908 4823 in
954 4767 1123 4824 turbis
1148 4769 1441 4824 nationum.
1471 4769 1732 4838 Quoniam
1774 4772 1894 4827 data
1922 4781 2007 4829 est

414 4878 448 4919 a
475 4862 700 4919 Domino
729 4868 964 4933 potestas
990 4859 1177 4929 vobis,
1209 4868 1265 4917 et
1297 4861 1468 4918 virtus
1492 4862 1558 4918 ab
1587 4862 1880 4929 Altissimo,
1910 4865 2001 4935 qui

483 5144 507 5176 ⁸
526 5148 579 5213 tn
605 5136 830 5213 Vulgata,
852 5136 1506 5213 gitimngm:
1527 5137 1578 5189 in
1600 5146 1790 5202 grteco,
1814 5136 2005 5192 uinule-

406 5203 615 5258 luautes
632 5203 714 5255 tati
736 5203 948 5256 dikaiou.
1018 5203 1035 5206 "

474 5266 498 5300 δ
518 5266 825 5328 Carnutensis
844 5264 1001 5328 codex
1028 5265 1168 5328 juxta
1189 5261 1438 5325 Vulgatam
1454 5262 1519 5328 Ain
1542 5262 1685 5312 editis
1715 5269 1767 5313 et
1789 5262 1836 5313 in
1859 5264 1999 5315 cori).

412 5334 517 5379 uss.
558 5325 752 5388 Bibliis,
787 5324 1060 5377 animarum
1088 5324 1381 5376 sanctam
1422 5324 1597 5386 Abest,
1629 5331 1904 5379 motorum
1925 5360 1941 5387 ,
1973 5338 2003 5377 a

405 5402 641 5514 Ἧι,
649 5447 893 5516 justitiam
911 5462 1006 5500 nec
1024 5449 1078 5500 in
1098 5446 1319 5514 Vulgata,
1337 5447 1505 5511 necin
1527 5461 1687 5513 graeco
1701 5448 1968 5513 reperitur.

472 5560 547 5670 ἳα)
568 5567 637 5610 De
655 5559 803 5621 hujus
820 5556 930 5632 libri
951 5563 1151 5608 auctore
1173 5569 1271 5607 non
1303 5557 1375 5607 sic
1396 5555 1685 5621 loquebatur
1707 5558 2003 5636 Augustinus

495 5624 563 5672 ib.
586 5621 696 5672 2de
717 5627 938 5671 Doctrina
956 5619 1240 5672 Christiana.
1260 5631 1366 5672 can.
1389 5618 1439 5672 8.
1457 5633 1507 5670 n.
1532 5619 1616 5672 13.
1638 5618 1727 5669 sed
1749 5631 1859 5668 cum
1881 5630 1999 5672 soe-

410 5624 459 5673 in
476 5624 563 5673 tib.
586 5624 696 5672 2de
717 5624 938 5671 Doctrina
956 5624 1240 5680 Christiana,
1260 5631 1366 5681 cap.
1389 5624 1439 5679 8,
1457 5633 1507 5670 ιι.
1532 5624 1616 5678 15,
1638 5624 1727 5669 sed
1749 5631 1859 5668 cum
1881 5627 1999 5680 Spe-

407 5682 719 5755 wtuutsmd
733 5682 1071 5755 ,ωηςίιιειενθιν
1084 5681 1491 5755 memet
1512 5682 1785 5755 opinione":
1801 5681 2000 5755 uim

407 5760 505 5812 qua
531 5745 625 5795 illic
644 5740 1100 5814 sapientiae-librum
1108 5744 1173 5814 ab
1195 5740 1309 5814 test:
1510 5740 1739 5805 scriptum
1924 5755 2001 5793 as-

408 5804 654 5860 set-uerat.
678 5804 851 5856 denter
866 5804 953 5855 lib.
971 5804 1005 5855 2
1036 5812 1264 5864 ttetraet...
1279 5818 1324 5861 ο.
1351 5804 1401 5864 4,
1425 5804 1618 5855 necnon
1639 5806 1997 5855 annotationem

413 5881 466 5920 tn
492 5869 775 5933 [radicum
791 5867 969 5928 locum,
988 5865 1074 5918 lib.
1092 5865 1125 5919 Ξ
1143 5866 1209 5919 de
1230 5867 1450 5925 Doctrina

1662 401 1719 457 S.
1760 396 2120 459 AUGUSTINI
2158 399 2523 463 SPECULUM

3616 414 3718 474 918

2147 516 2490 591 lntcrrogabit
2508 535 2669 594 opera
2688 530 2883 594 vestra,
2905 533 2959 582 et
2973 526 3318 598 cogitationes
3338 532 3657 588 scrutabitur
3679 536 3718 588 ί.

2137 612 2396 680 Quoniam
2425 629 2544 670 cum
2571 616 2759 673 essetis
2787 618 3014 675 ministri
3040 620 3189 690 regni
3219 622 3405 694 ipsius,
3432 640 3537 680 non
3567 635 3719 683 recte

2131 704 2426 776 judicastis,
2475 724 2649 780 neque
2688 710 2994 769 custodistis
3038 713 3206 783 legem
3229 715 3486 787 justitiaz,
3543 735 3718 791 neque

2137 798 2424 855 secundum
2463 803 2788 858 voluntatem
2837 803 2931 861 Dei
2973 802 3300 862 ambulastis.
3348 806 3623 866 Horrende
3659 821 3714 868 et

2136 890 2241 944 cito
2270 893 2543 963 apparebit
2568 894 2751 962 vobis;
2782 896 3030 967 quoniam
3054 896 3311 969 judicium
3332 900 3677 958 durissimum
3696 946 3715 972 ,

2135 981 2220 1039 bis
2244 985 2330 1054 qui
2372 994 2637 1055 pnesunt,
2670 986 2779 1043 fiet.
2813 988 3017 1060 Exiguo
3041 992 3183 1047 enim
3222 992 3532 1050 conceditur
3556 997 3719 1053 misc-

2133 1074 2400 1143 ricordia;
2448 1088 2691 1150 potentes
2733 1091 2910 1138 autem
2947 1092 3190 1155 potenter
3217 1094 3483 1145 tormenta
3508 1092 3715 1161 patien-

2134 1171 2237 1221 tur.
2266 1166 2381 1223 Non
2415 1169 2555 1225 enim
2582 1171 2856 1227 subtrahet
2884 1188 3165 1244 personam
3193 1177 3504 1250 cujusquam
3531 1181 3712 1236 Domi-

2135 1274 2252 1326 nus,
2284 1277 2381 1318 ucc
2405 1263 2735 1320 reverebitur
2765 1267 3179 1337 magnitudinem
3206 1271 3551 1342 cujusquam;
3581 1288 3714 1344 quo-

2132 1350 2273 1405 niam
2302 1353 2548 1422 pusillum
2576 1363 2630 1410 et
2663 1371 2911 1427 magnum
2940 1357 3057 1430 ipse
3081 1358 3227 1427 fecit,
3258 1370 3312 1417 et
3330 1363 3606 1434 :equaliter
3635 1366 3713 1419 illi

2131 1456 2259 1499 cura
2284 1453 2363 1499 est
2394 1445 2461 1500 de
2485 1447 2751 1503 omnibus.
2779 1445 3111 1506 Fortioribos
3132 1461 3307 1507 autem
3338 1452 3528 1510 fortior
3553 1453 3716 1510 instat

2130 1536 2414 1616 cruciatus.
2460 1537 2541 1593 Ad
2566 1555 2662 1596 vos
2701 1548 2910 1609 autem,
2941 1543 3064 1599 mali
3095 1559 3249 1616 reges
3268 1546 3317 1612 ⁸,
3356 1556 3483 1601 sunt
3512 1546 3568 1602 hi
3593 1561 3716 1602 sero

2131 1642 2318 1683 mones
2344 1630 2468 1696 mei,
2499 1639 2556 1685 ttt
2580 1630 2797 1687 discatis
2820 1633 3133 1704 sapientiam
3154 1678 3170 1703 ,
3197 1642 3253 1690 et
3292 1652 3395 1691 non
3431 1638 3709 1693 excidatis.

2130 1718 2228 1786 Qui
2260 1720 2400 1774 enim
2429 1723 2777 1779 custodierint
2807 1724 3064 1795 justitiam
3090 1727 3233 1797 juste
3269 1728 3311 1793 ³,
3338 1728 3712 1799 justiflcabun-

2112 1820 2248 1877 tur;
2272 1820 2327 1866 et
2344 1812 2433 1882 qui
2457 1811 2738 1869 didicerint
2756 1815 2878 1882 ista,
2902 1817 3173 1873 invenient
3191 1819 3315 1889 quid
3335 1819 3712 1890 respondeant.

2127 1899 2499 1977 Concupiscitc
2529 1922 2654 1977 ergo
2696 1922 2972 1964 sermones
3006 1924 3183 1974 meos,
3223 1910 3425 1982 diligite
3464 1912 3618 1977 illos,
3658 1920 3716 1969 et

2128 1991 2389 2051 habebitis
2414 1996 2765 2068 disciplinam.
2796 1998 2947 2055 Clara
2986 2009 3069 2057 est
3104 2002 3246 2058 enim
3267 2044 3283 2070 ,
3313 2011 3366 2058 et
3410 2019 3528 2075 qua:
3572 2019 3713 2060 nun-

2128 2103 2285 2160 quam
2336 2100 2629 2145 marcescat
2677 2090 2968 2160 sapientia;
3012 2100 3068 2149 et
3108 2093 3262 2149 facile
3287 2094 3497 2150 videtur
3522 2093 3590 2151 ab
3630 2096 3716 2152 his

2126 2182 2217 2254 qui
2246 2182 2473 2253 diligunt
2501 2199 2647 2248 eam;
2680 2196 2731 2240 et
2760 2184 3026 2241 invenitur
3056 2186 3125 2242 ab
3154 2186 3237 2242 his
3262 2188 3352 2259 qui
3382 2197 3627 2258 quierunt
3652 2188 3718 2243 il-

2127 2274 2252 2330 lam.
2282 2275 2627 2347 Praeoccupat
2648 2276 2736 2348 qui
2761 2293 2820 2332 se
2847 2280 3245 2348 concupiscunt,
3277 2288 3334 2334 ut
3356 2279 3461 2335 illis
3485 2293 3545 2337 se
3570 2282 3716 2351 prio-

2126 2381 2243 2423 rem
2280 2368 2545 2423 ostendat.
2577 2367 2680 2447 Qui
2717 2369 2785 2424 de
2825 2369 2944 2426 luce
2974 2370 3265 2442 vigilaverit
3291 2372 3356 2426 ad
3387 2372 3560 2438 illam,
3606 2389 3714 2430 non

2128 2457 2433 2514 laborabit:
2480 2459 2804 2517 assidentem
2848 2464 2991 2517 enim
3038 2463 3182 2518 illam
3232 2463 3467 2521 inveniet
3511 2465 3717 2523 foribus

2124 2551 2254 2605 suis.
2287 2550 2531 2621 Cogitare
2568 2551 2709 2607 enim
2739 2551 2807 2608 de
2832 2552 2919 2608 illa
2950 2567 3139 2609 sensus
3168 2563 3251 2609 est
3279 2565 3713 2623 consummatus;

2125 2652 2177 2699 et
2206 2644 2294 2715 qni
2323 2645 2617 2716 vigilaverit
2642 2662 2738 2717 pro
2763 2647 2849 2701 illa
2872 2690 2887 2715 ,
2915 2648 3022 2702 cito
3046 2648 3149 2703 erit
3177 2661 3417 2705 securus.
3446 2648 3714 2718 Quoniam

2124 2734 2314 2808 dignos
2337 2752 2395 2794 se
2435 2738 2547 2807 ipsa
2572 2739 2817 2795 circumit
2845 2755 3119 2812 qurerens,
3153 2749 3209 2795 et
3258 2741 3313 2796 in
3343 2741 3442 2797 viis
3470 2741 3717 2797 ostendet

2123 2840 2183 2883 se
2211 2828 2312 2884 illis
2338 2829 2599 2898 hilariter,
2630 2839 2683 2887 et
2709 2832 2761 2886 in
2800 2832 2944 2886 omni
2972 2831 3303 2902 providentia
3329 2832 3563 2889 occurrit
3583 2832 3713 2891 illis.

2123 2920 2334 2976 initium
2375 2923 2518 2979 enim
2565 2924 2709 2980 illius
2735 2924 3013 2981 verissima
3055 2935 3134 2980 est
3179 2924 3473 2996 disciplina!
3508 2942 3715 2983 concu-

2124 3013 2403 3083 piscentia.
2427 3016 2564 3069 (Iura
2587 3031 2715 3086 ergo
2735 3015 3032 3085 disciplinae
3051 3015 3268 3071 dilectio
3288 3027 3398 3082 est;
3425 3026 3480 3073 et
3497 3017 3716 3073 dilectio

2121 3104 2405 3161 custoditio
2449 3106 2623 3177 legum
2654 3106 2796 3163 illius
2840 3117 2959 3164 est:
2990 3108 3277 3163 eustoditio
3316 3116 3494 3163 autem
3531 3107 3711 3179 legum

2122 3198 2454 3253 confirmatio
2484 3197 2507 3232 ⁸
2550 3199 2964 3269 incorruptionis
3004 3208 3116 3262 est;
3161 3199 3484 3269 incorruptis
3529 3207 3712 3256 autem

2119 3289 2245 3346 facit
2270 3305 2390 3347 esse
2414 3290 2714 3361 proximum
2745 3293 2875 3347 Deo.
2918 3292 3361 3361 Concupiscentia
3406 3293 3583 3364 itaque
3626 3304 3717 3347 sa‘

2120 3384 2330 3453 pientizr
2347 3382 2563 3439 deducit
2582 3384 2645 3436 ad
2660 3396 2880 3453 regnum
2896 3391 3227 3453 perpetuum.
3252 3382 3310 3440 Si
3329 3398 3456 3454 ergo
3478 3383 3718 3441 delecta-

2120 3474 2247 3527 tnini
2281 3472 2498 3528 sedibus
2522 3482 2577 3529 et
2600 3475 3009 3540 stemmatibus,
3058 3484 3214 3545 reges
3253 3474 3459 3546 populi,
3504 3474 3715 3543 inicito

2118 3568 2453 3639 sapientiam,
2484 3567 2618 3624 utin
2646 3574 2959 3639 perpetuum
2986 3567 3241 3635 regnetis.

2191 3658 2258 3713 Et
2280 3661 2433 3729 paulo
2464 3669 2573 3731 post
2595 3657 2759 3734 [an]
2785 3677 2797 3713 :
2831 3659 2897 3715 Et
2921 3658 2963 3714 si
2985 3658 3246 3730 justitiam
3274 3658 3394 3730 quis
3416 3658 3608 3731 diligit,
3633 3658 3713 3716 las

2117 3750 2276 3807 bores
2298 3751 2455 3821 hujus
2474 3767 2692 3823 magnas
2710 3753 2906 3808 habent
2930 3754 3169 3808 virtutes.
3189 3752 3542 3808 Sobrietatem
3560 3753 3709 3809 cuitu

2117 3850 2173 3897 et
2199 3844 2513 3913 sapientiam
2542 3842 2700 3900 docet
2718 3888 2732 3910 ,
2764 3855 2817 3899 et
2840 3844 3099 3915 justitiam
3122 3854 3178 3901 et
3202 3845 3451 3903 virtutem
3468 3884 3485 3911 ,
3511 3846 3709 3919 quibus

2117 3933 2298 3988 utilius
2324 3933 2459 3988 nihil
2493 3936 2542 3989 in
2572 3935 2675 3990 vita
2703 3935 3029 3991 hominibus.

2194 4023 2346 4080 Nunc
2360 4026 2475 4099 jam
2495 4024 2558 4080 de
2579 4026 2705 4082 tibro
2725 4027 2811 4100 qui
2833 4026 3216 4083 Ecclesiarticus
3234 4028 3438 4094 dicitur,
3472 4029 3710 4102 pom

2116 4126 2232 4173 sunt
2260 4132 2371 4184 qua!
2411 4118 2660 4173 videntur.
2693 4118 2772 4173 De
2807 4134 2910 4190 quo
2948 4119 3031 4173 hic
3055 4121 3204 4174 etiam
3228 4135 3287 4175 ea
3327 4119 3516 4176 dicina
3539 4120 3705 4191 deputo

2116 4214 2207 4273 ter,
2233 4224 2347 4281 qua:
2366 4209 2429 4265 de
2458 4208 2846 4266 Proverbiorum
2871 4211 2998 4266 libro
3021 4224 3134 4266 cura
3161 4212 3497 4282 praelectum;
3520 4229 3704 4283 qunt—

2116 4299 2188 4355 ais
2217 4302 2269 4355 in
2295 4301 2391 4357 isto
2425 4301 2774 4356 Ecclesiastico
2813 4300 2961 4373 plura
2988 4304 3259 4357 νεωτάτη
3299 4304 3417 4358 huic
3439 4304 3580 4377 operi
3604 4321 3702 4358 ne.

2112 4392 2351 4448 cessat-ia.

2569 4483 2658 4543 DE
2696 4485 3254 4549 ECCLESIAS'I‘ICO.

2185 4596 2338 4673 [Cap.
2371 4597 2435 4673 1.]
2460 4597 2645 4655 Timor
2670 4599 2876 4655 Domini
2915 4600 3151 4655 scientia:
3186 4600 3518 4671 religiositas.
3548 4601 3700 4658 Reli-

2112 4693 2333 4763 giositas
2357 4690 2620 4748 custodiet
2654 4702 2705 4748 et
2730 4691 3035 4762 justiiicabit
3062 4706 3175 4759 cur,
3200 4692 3582 4762 jucunditatem
3613 4703 3700 4749 at-

2112 4799 2216 4854 que
2242 4783 2489 4855 gaudium
2534 4782 2698 4840 dabit.
2740 4782 2966 4838 Timenti
3002 4784 3283 4841 Dominum
3317 4786 3449 4840 bene
3475 4786 3613 4853 erit,
3644 4796 3701 4842 et

2110 4876 2164 4931 in
2192 4874 2379 4932 diebus
2405 4875 2873 4933 consummationis
2922 4876 3063 4932 illius
3104 4878 3467 4933 benedicetur.
3516 4879 3699 4934 Pleni—

2111 4970 2239 5026 tudo
2268 4971 2543 5040 sapientia‘.
2584 4979 2663 5024 est
2690 4971 2879 5027 timere
2910 4970 3076 5026 Deum
3097 5012 3113 5038 ,
3144 4980 3197 5025 et
3222 4971 3496 5040 plenitudo
3518 4986 3549 5027 ι
3581 4969 3698 5026 fru-

2107 5062 2283 5119 ctibus
2312 5062 2468 5119 illius.
2515 5061 2577 5115 Et
2608 5071 2719 5133 post
2762 5062 2889 5117 duo:
2924 5075 3135 5118 versus:
3170 5062 3378 5117 Corona
3421 5062 3696 5133 sapientiae

2110 5154 2270 5209 timor
2309 5153 2536 5209 Domini.
2570 5153 2634 5207 Et
2662 5162 2774 5225 post
2799 5163 3018 5223 quatuor
3043 5168 3211 5209 versus
3237 5166 3257 5208 ε
3289 5154 3453 5209 Radix
3482 5156 3696 5224 sapien-

2111 5250 2196 5303 tia:
2222 5256 2306 5304 est
2341 5246 2527 5302 timere
2569 5247 2885 5302 Dominum:
2920 5248 3051 5303 rami
3088 5247 3228 5303 enim
3274 5248 3417 5303 illius
3444 5248 3694 5319 longaevi.

2108 5340 2164 5395 in
2191 5339 2453 5395 thesauris
2476 5336 2749 5410 sapientiae
2777 5337 3073 5395 intellectus
3096 5344 3203 5407 est,
3221 5348 3275 5395 et
3300 5339 3538 5395 scientia:
3565 5340 3697 5396 reli~

2106 5492 2879 5608 ιὼῗεδιῗῆἑὲἕᾱιτπνιιεωω.
2908 5501 2962 5548 At
2983 5493 3100 5551 editi
3122 5493 3425 5560 ῖθῐθὺιηιορι
3441 5490 3492 5559 ἂι
3511 5493 3695 5562 “Was

2170 5621 2190 5653 ί
2216 5621 2472 5690 .tbestvox
2492 5651 2515 5690 ,_
2532 5615 2673 5690 moti.
2710 5628 2739 5689 ρ
2764 5617 2981 5685 Vulgata.
3010 5625 3154 5670 Porro
3176 5619 3223 5671 in
3258 5631 3407 5690 graec.
3431 5631 3520 5689 pro
3549 5630 3690 5680 voce,

2104 5693 2261 5745 reges,
2278 5679 2477 5745 legitur,
2494 5679 2735 5745 tnrnnuot'.

2207 5750 2256 5792 tn
2288 5740 2503 5805 Vulgata,
2509 5740 2644 5803 justo
2656 5742 2785 5805 fuste
2806 5742 2888 5793 :iu
2900 5756 3078 5805 graneo,
3087 5740 3246 5805 Itonos
3268 5746 3319 5795 ta
3341 5741 3496 5793 hosta.

2169 5805 2284 5873 {sic
2306 5806 2353 5855 in
2376 5800 2521 5855 luditis
2538 5812 2588 5854 et
2601 5800 2860 5873 ttssjuxta
2882 5800 3324 5873 graec.{bebuidsis.
3340 5811 3396 5855 At
3417 5805 3468 5856 in
3490 5800 3693 5868 Vulgata

2105 5868 2303 5930 legitur,
