4110 6458
396 487 655 557 giosttas:
700 481 998 540 exsecutio
1043 489 1226 538 autem
1284 480 1650 552 peccatoribus
1697 479 1976 552 sapientia.

399 576 582 634 Timor
610 574 818 631 Domini
835 573 1053 644 expellit
1073 571 1367 641 peccarim.
1389 571 1522 628 Nam
1541 573 1630 644 qui
1652 572 1767 628 sine
1787 572 1982 628 timore

400 679 518 738 est,
549 684 660 726 non
688 675 863 740 potest
885 667 1158 737 iustiﬁcari
1188 668 1228 720 ‘.
1255 666 1528 722 Iracundia
1559 665 1699 721 enim
1727 663 1980 720 animosi-

397 762 524 817 tatis
565 761 737 827 illius,
763 757 1044 814 subversio
1071 757 1213 813 titius
1255 767 1356 813 est.
1403 756 1672 828 Sapiens'
1721 771 1886 827 usque
1925 756 1982 811 in

396 863 610 922 tentpus
625 849 912 908 sustinebit
939 849 1165 920 patiens,
1195 859 1250 904 et
1276 859 1457 919 postea
1485 848 1710 904 redditio
1731 847 1981 918 jucundi-

403 943 544 1002 tatis.
577 944 755 1001 Bonus
783 956 974 1000 salsus
999 956 1167 1009 usque
1189 941 1247 995 iu
1271 951 1480 1011 tempus
1503 939 1793 996 abscondet
1817 938 1983 993 verba

400 1036 576 1100 illius,
622 1044 679 1093 et
721 1033 858 1092 labia
899 1033 1183 1087 multorum
1211 1031 1534 1086 enarrabunt
1575 1046 1790 1086 sensum
1821 1029 1981 1086 illius.

397 1126 795 1196 Concupiscens
822 1125 1170 1195 sapientiam,
1211 1139 1366 1179 serva
1409 1123 1704 1193 justitiam;
1744 1131 1802 1178 et
1846 1123 1984 1176 Deus

401 1222 655 1291 praebebit
675 1220 818 1277 illaut
849 1220 964 1274 tibi.
985 1218 1252 1288 Sapientia
1275 1217 1420 1291 cui
1444 1226 1498 1271 et
1519 1216 1794 1285 disciplina
1819 1216 1985 1270 timor

398 1313 638 1377 Domini;
666 1323 726 1370 et
753 1311 893 1382 quod
923 1311 1312 1380 beneplacituut
1340 1321 1421 1366 est
1443 1308 1555 1373 illi,
1583 1308 1717 1363 ﬁdes
1743 1318 1800 1362 et
1827 1324 1978 1362 man-

399 1404 660 1470 suetudo,
703 1413 760 1458 et
785 1403 1099 1473 adimplebit
1138 1402 1411 1456 thesauros
1447 1410 1566 1456 tuos
1587 1400 1626 1452 ³.
1657 1399 1773 1454 Non
1804 1400 1880 1454 sis
1905 1401 1984 1455 in-

399 1495 668 1551 credibilis
691 1494 868 1554 timori
894 1493 1122 1560 Domini,
1147 1503 1200 1548 et
1219 1509 1287 1549 ne
1307 1495 1600 1549 accesseris
1625 1493 1688 1545 ad
1713 1494 1859 1547 illum
1887 1493 1987 1546 du-

399 1587 521 1659 plici
543 1587 724 1652 corde.
749 1587 823 1642 Ne
842 1587 1000 1647 fueris
1022 1586 1298 1658 hypocrita
1315 1586 1366 1640 in
1383 1596 1663 1657 conspectu
1684 1585 1982 1652 hominum,

397 1691 450 1734 et
497 1697 601 1734 non
643 1679 1013 1734 scandalizeris
1051 1679 1204 1734 labiis
1244 1680 1363 1734 tuis.
1399 1679 1623 1734 Attende
1665 1679 1714 1733 in
1763 1680 1888 1747 illis,
1919 1695 1985 1734 ne

397 1771 534 1834 forte
560 1773 746 1837 cadas,
777 1782 830 1831 et
871 1773 1102 1828 adducas
1127 1773 1320 1826 anima:
1351 1783 1450 1826 tua:
1487 1771 1886 1839 confusionem;
1933 1779 1987 1827 et

398 1866 598 1926 revolet
625 1867 763 1922 Dens
791 1866 1100 1923 abscondita
1127 1877 1244 1932 tua,
1290 1875 1345 1922 et
1387 1865 1440 1920 in
1487 1867 1663 1921 medio
1703 1881 1985 1937 synagoga:

399 1959 562 2018 elidat
589 1969 657 2020 te.
683 1961 943 2028 Quoniam
967 1960 1237 2016 occessisti
1263 1960 1490 2031 maligne
1513 1960 1580 2015 ad
1607 1960 1908 2028 Dominum,
1932 1968 1985 2016 et

396 2068 490 2112 cor
515 2064 662 2110 tuum
689 2055 902 2126 plenum
925 2063 1009 2109 est
1035 2054 1163 2108 dolo
1187 2062 1243 2109 et
1267 2055 1488 2109 fallacia.

468 2142 604 2218 [IL]:
629 2145 750 2212 Fili,
782 2146 1038 2201 accedens
1063 2146 1128 2199 ad
1149 2146 1459 2200 servitutem
1481 2144 1596 2210 Dei,
1616 2155 1694 2198 sta
1715 2145 1764 2198 in
1795 2143 1985 2199 timore

401 2249 450 2294 et
471 2239 696 2308 justitia.
725 2251 776 2294 et
811 2254 1042 2309 μωρίη-ει
1069 2240 1303 2292 animant
1334 2248 1478 2293 tuam
1505 2238 1572 2293 ad
1601 2239 1980 2303 tentationem;

397 2341 451 2388 et
475 2332 711 2402 deprime
733 2348 828 2388 cor
844 2341 1018 2400 tuum,
1038 2343 1094 2388 et
1118 2333 1339 2387 sustine.
1373 2333 1585 2388 Declina
1609 2347 1792 2386 aurem
1816 2341 1980 2401 tuam,

395 2436 451 2484 et
476 2427 661 2496 excipe
687 2427 844 2481 verba
886 2427 1200 2489 intellectus,
1236 2435 1375 2481 etne
1406 2427 1621 2480 festines
1656 2426 1706 2481 in
1738 2422 1986 2496 tempus“

399 2517 748 2573 obductionis.
775 2518 989 2572 Sustine
1013 2519 1450 2572 sustentationem
1493 2519 1608 2585 liei,
1659 2519 1985 2586 conjungere

399 2611 542 2676 Deo,
584 2620 639 2666 et
685 2612 918 2677 sustine,
969 2620 1024 2666 ut
1069 2622 1275 2667 crescat
1323 2613 1372 2666 in
1405 2612 1696 2666 novissimo
1720 2613 1824 2666 vita
1873 2620 1980 2665 tua.

397 2702 570 2758 Omne
596 2702 738 2773 quod
757 2702 852 2757 tibi
877 2703 1182 2772 applicitum
1205 2704 1384 2770 fuerit,
1409 2705 1620 2772 accipe;
1653 2713 1707 2758 et
1729 2704 1778 2756 in
1799 2703 1984 2758 dolore

398 2795 631 2859 sustine,
681 2804 736 2850 et
777 2796 829 2850 in
860 2795 1154 2852 humilitate
1199 2805 1286 2852 tua
1313 2798 1622 2869 patientiam
1653 2797 1807 2851 habe.
1841 2799 1983 2862 Quo-

397 2887 540 2942 niam
569 2886 623 2941 in
649 2887 772 2956 igne
798 2887 1050 2962 probatur
1075 2903 1262 2942 aurum
1309 2895 1367 2943 et
1393 2897 1669 2958 argentum
1693 2904 1706 2951 ;
1738 2886 1983 2942 homines

397 2993 528 3036 vero
571 2979 910 3050 receptibiles
937 2980 959 3014 ⁵
1004 2979 1054 3034 in
1108 2980 1320 3035 camino
1361 2979 1765 3034 tinniiliatiouis.
1815 2980 1984 3035 Crede

398 3069 532 3136 Deo,
563 3079 617 3125 et
645 3071 976 3140 recuperabit
999 3079 1084 3135 te;
1113 3079 1168 3125 et
1191 3070 1357 3140 dirige
1381 3073 1519 3125 viam
1549 3080 1716 3138 tuam,
1745 3081 1797 3126 et
1827 3085 1982 3140 spera

397 3161 452 3222 in
482 3161 652 3222 illum.
698 3163 859 3217 Serva
905 3165 1148 3217 timorem
1185 3163 1355 3225 illius,
1385 3172 1440 3217 et
1477 3163 1529 3216 in
1569 3162 1661 3217 illo
1691 3171 1980 3218 veterasce.

398 3252 692 3318 Metuentes
712 3253 1016 3320 Dominum,
1039 3255 1294 3309 sustinete
1317 3255 1732 3310 misericordiam
1755 3255 1901 3326 ejus;
1931 3266 1986 3312 et

399 3359 507 3409 non
534 3343 826 3410 deﬂeantis
852 3345 920 3398 ab
951 3345 1063 3408 illo,
1095 3361 1162 3400 ne
1185 3346 1406 3400 cadetis.
1452 3346 1549 3412 Qui
1579 3348 1774 3402 timetis
1803 3348 1984 3402 [tomi-

400 3453 550 3502 nutn,
583 3437 782 3500 credite
811 3438 918 3504 illi,
945 3448 998 3493 et
1026 3453 1130 3492 non
1174 3439 1516 3492 evacuabitur
1552 3454 1760 3494 merces
1787 3449 1980 3496 vestra.

399 3530 497 3598 Qui
527 3531 724 3592 timetis
752 3533 1053 3602 hominum,
1084 3545 1292 3604 sperate
1320 3536 1372 3588 in
1399 3535 1569 3603 illum,
1598 3547 1649 3590 et
1674 3537 1725 3590 in
1755 3537 1986 3593 oblecta-

402 3625 547 3680 tiooc
574 3625 594 3658 ⁸
627 3626 803 3682 veniet
831 3627 979 3682 vobis
1008 3627 1390 3682 misericordia.
1425 3629 1522 3696 Qui
1551 3631 1749 3683 timetis
1781 3630 1944 3684 Deum
1968 3673 1983 3697 ,

401 3713 601 3784 diligite
616 3715 784 3782 illum,
799 3728 851 3771 et
864 3716 1297 3772 illuminabuntur
1307 3719 1468 3772 corda
1484 3726 1676 3774 vestra.
1697 3721 1983 3790 Respicite,

404 3807 496 3860 ﬁlii
515 3849 533 3876 ,
569 3809 812 3873 nationes
840 3810 1111 3868 hominum
1132 3854 1145 3875 ,
1176 3822 1231 3867 et
1256 3815 1444 3868 scitote
1472 3833 1484 3867 :
1514 3816 1634 3885 quis
1661 3816 1891 3885 speravit
1935 3818 1983 3870 in

402 3897 647 3966 Domino,
667 3908 723 3966 et
739 3899 993 3961 confusus
1013 3912 1095 3960 est
1110 3905 1164 3957 7?
1186 3907 1477 3974 permansit
1497 3907 1546 3959 in
1571 3907 1831 3961 mandatis
1847 3907 1981 3977 ejus,

401 3998 458 4052 et
485 3990 770 4056 derelictus
799 3995 917 4052 est?
945 4003 999 4052 et
1021 3997 1140 4066 quis
1172 3996 1314 4050 illum
1343 3998 1637 4065 invocavit,
1667 4010 1717 4055 el
1747 4001 1988 4069 despexit

402 4082 551 4138 illum
568 4084 591 4137 ?
608 4085 864 4151 Quoniam
885 4087 1002 4156 pius
1017 4097 1070 4142 et
1087 4088 1388 4144 misericors
1405 4101 1484 4144 est
1507 4091 1665 4156 Deus,
1686 4102 1738 4146 et
1759 4095 1988 4148 remittet

401 4173 722 4252 intemporo
765 4179 1116 4236 tribulationis
1156 4192 1368 4250 peccata
1397 4185 1642 4239 omnibus
1666 4187 1992 4256 exquirenti-

402 4267 502 4322 bus
526 4283 586 4324 se
607 4269 658 4324 in
690 4271 930 4328 veritate.
960 4270 1051 4327 Va:
1075 4272 1268 4344 duplici
1299 4275 1460 4330 corde
1489 4276 1532 4342 ⁸,
1557 4286 1614 4330 et
1641 4277 1790 4332 labiis
1819 4279 1988 4334 scele-

402 4359 521 4426 stis,
549 4369 602 4416 et
627 4362 868 4417 manibus
899 4363 1384 4432 malefacicntibus,
1419 4376 1472 4424 et
1500 4371 1760 4436 peccatori
1795 4379 1986 4424 terram

405 4453 720 4524 ingredienti
749 4454 956 4512 duabus
979 4457 1098 4510 viis.
1142 4458 1233 4512 Vn:
1258 4459 1528 4516 dissolutis
1555 4463 1735 4528 corde,
1768 4465 1854 4534 qui
1883 4479 1990 4519 non

404 4544 628 4600 credunt
655 4546 797 4614 Deo;
829 4548 946 4602 ideo
968 4563 1070 4607 non
1099 4558 1448 4620 proteguntur
1472 4554 1539 4607 ab
1559 4569 1644 4607 eo.
1677 4554 1766 4608 Vae
1791 4555 1872 4609 his
1900 4555 1991 4623 qui

404 4638 751 4708 perdiderunt
799 4642 1204 4705 sustinendam,
1263 4642 1350 4710 qui
1417 4643 1820 4713 dereliqueruut
1881 4647 1993 4702 vias

405 4739 598 4796 rectas,
629 4740 683 4786 et
709 4731 1039 4790 diverteruut
1069 4735 1118 4790 in
1143 4733 1257 4789 vias
1284 4749 1494 4804 pravas.
1528 4735 1590 4788 Et
1613 4736 1735 4802 quid
1767 4735 1989 4804 hicietis,

406 4838 527 4878 cum
559 4823 820 4894 inSpicere
859 4827 1082 4895 cieperit
1125 4827 1300 4882 Deus?
1327 4826 1426 4893 Qui
1464 4826 1651 4880 timent
1678 4827 1989 4893 Dominum,

406 4931 512 4986 non
542 4926 701 4978 erunt
745 4917 1080 4973 incredibiles
1122 4917 1285 4974 verbo
1329 4917 1502 4984 illius;
1553 4927 1606 4972 et
1633 4919 1722 4989 qui
1766 4919 1991 4990 diligunt

473 5052 490 5084 ι
516 5050 849 5116 vulgata,_non
871 5050 1058 5116 poterit.

469 5116 490 5178 ξ
517 5113 628 5166 νοί
639 5113 832 5178 sapiens
851 5113 993 5165 abest
1009 5115 1208 5178 asacris
1230 5113 1406 5178 Bibliis.

474 5175 493 5243 ξ
519 5175 864 5243 negius'codex
880 5212 894 5236 ,
918 5183 962 5227 ct
985 5175 1261 5243 adimplcbit
1287 5190 1526 5228 sermones
1549 5181 1670 5229 tuos.
1698 5177 1919 5243 Vulgata,
1950 5188 1997 5232 et

409 5237 689 5302 tttliinpfebit
711 5237 955 5302 thesauros
979 5237 1126 5289 iuius;

473 5301 492 5365 ξ
519 5298 715 5364 Vulgata
734 5335 749 5359 ,
785 5298 834 5352 in
863 5309 1072 5365 (corpore
1099 5315 1115 5352 :
1135 5303 1275 5365 juxta
1315 5315 1529 5364 gratetur)
1547 5337 1563 5363 ,
1594 5315 1655 5354 en
1672 5301 1822 5355 linire.

471 5363 491 5426 εξ
515 5361 653 5426 iussi,
677 5361 1009 5426 acceptabilcs.

475 5424 743 5536 :ézulgata,
765 5422 819 5476 iit
851 5422 1208 5477 oblectationem
1235 5427 1410 5488 :juxta
1430 5439 1642 5489 graecum
1659 5459 1676 5485 ,
1699 5423 1769 5479 eis
1790 5427 1997 5493 euphro-

609 5547 726 5622 editi
750 5549 1079 5622 et..\tss..juxta
1102 5550 1562 5622 gracLAtvulgata,
1577 5547 1693 5613 quia
1712 5550 1871 5601 nullus
1893 5565 1998 5616 spe-

407 5617 548 5678 raezt,
574 5620 709 5678 etc...
734 5617 839 5678 quis
862 5617 988 5678 enirn
1010 5617 1287 5678 pertimuit,
1310 5618 1419 5678 Acte.

472 5675 494 5706 ⁸
521 5675 717 5739 Vulgata
742 5671 758 5723 Ξ
777 5681 836 5739 ,ζέε
860 5671 1058 5739 remittet
1077 5675 1126 5724 in
1149 5674 1228 5739 (tie
1253 5671 1572 5726 tribulationis
1594 5679 1803 5736 peccata,
1826 5683 1871 5726 et
1894 5690 2000 5737 pro-

408 5751 474 5789 νει
483 5744 556 5786 tor
577 5735 646 5788 eSt
659 5736 874 5788 omnibus
895 5735 1252 5800 qunirentibus
1268 5752 1335 5797 se,
1364 5744 1442 5800 etc
1483 5735 1672 5800 (irruens
1694 5751 1809 5786 vero
1834 5735 2001 5790 tostus

408 5803 478 5872 εἰς.
510 5809 687 5870 φίλως
714 5808 768 5850 ει
786 5798 982 5872 remittit
1034 5807 1244 5872 peccata,
1275 5812 1320 5852 ει
1342 5798 1779 5862 satvatintemporc
1799 5800 2001 5854 κτῶμαι.

407 5863 566 5913 timus.
599 5872 682 5916 Vm
703 5863 924 5915 cordibus
945 5863 1143 5914 timidis.
1674 5877 1682 5887 ο

1631 365 1726 424 DE
1759 364 2142 426 SCRIPTURA
2169 367 2414 426 SAGRA.

3577 378 3681 435 950

2091 481 2276 550 illum,
2327 483 2720 542 conservatum
2755 485 2896 542 viam
2944 483 3105 541 illius.
3135 485 3234 554 Qui
3273 486 3465 544 tlment
3492 488 3674 546 Domi-

2087 589 2238 643 num,
2273 577 2539 648 inquirent
2562 595 2680 649 quae
2707 577 3038 650 beneplacita
3065 589 3190 636 sunt
3217 579 3331 649 illi;
3358 588 3412 636 et
3437 583 3528 654 qui
3551 582 3673 638 dili-

2088 682 2216 742 gunt
2245 687 2388 736 eum,
2417 672 2766 742 seplebuntur
2783 671 2900 744 lege
2929 672 3113 743 ipsius.
3143 671 3245 744 Qui
3273 672 3460 730 timent
3489 674 3672 730 Domi~

2088 777 2243 828 num,
2273 764 2646 834 przeparabunt
2672 762 2834 822 corda
2861 777 2955 819 sua
2977 805 2992 834 ,
3039 773 3092 820 et
3117 765 3186 820 iit
3214 773 3506 836 conspectu
3534 767 3676 822 illius

2089 853 2492 911 sanctiﬁcabunt
2529 857 2737 913 animas
2781 871 2925 912 suas.
2972 855 3073 928 Qui
3121 857 3310 914 tlment
3351 859 3674 927 Dominum,

2088 946 2392 1002 custodiunt
2448 949 2694 1004 mandata
2747 949 2927 1018 illius,
2972 958 3026 1006 et
3055 949 3360 1020 patientiam
3407 949 3676 1009 habebunt

2089 1053 2257 1108 usque
2284 1039 2348 1092 ad
2373 1039 2757 1112 iuspectionem
2785 1040 2962 1109 illius,
3004 1040 3276 1110 dicentes,
3320 1041 3376 1099 Si
3409 1043 3672 1112 paeniten-

2093 1129 2216 1183 tiam
2250 1147 2350 1184 non
2383 1131 2667 1203 egerimus,
2695 1133 2991 1188 incidemus
3022 1133 3072 1188 in
3109 1135 3197 1188 Dei
3227 1148 3443 1198 manus,
3474 1144 3526 1189 et
3565 1149 3672 1190 non

2090 1222 2144 1277 in
2190 1240 2377 1278 manus
2405 1226 2697 1279 hominum.
2728 1223 3031 1282 Secundum
3078 1227 3217 1280 enim
3261 1225 3675 1298 magnitudinem
3725 1295 3733 1308 ‘

2090 1315 2252 1383 illius,
2285 1318 2362 1372 sic
2389 1332 2442 1373 et
2471 1317 2832 1373 misericordia
2865 1318 3030 1388 ipsius
3056 1333 3175 1372 cum
3200 1318 3333 1388 ipso.

2161 1405 2287 1482 [1",]
2333 1409 2449 1464 Filii
2502 1411 2808 1480 sapientis,
2859 1411 3079 1467 ecclesia
3123 1411 3422 1481 justorum;
3451 1420 3504 1466 et
3532 1413 3678 1467 natio

2090 1499 2336 1568 illorum,
2381 1503 2682 1558 obedientia
2709 1514 2762 1558 et
2801 1503 3035 1558 dilectio.
3067 1504 3330 1558 iudicium
3375 1505 3540 1577 patris
3579 1520 3676 1559 au—
3725 1573 3730 1586 δ

2091 1595 2218 1660 (lite,
2249 1595 2339 1648 lilii
2372 1595 2619 1662 dilecti‘,
2651 1603 2704 1650 et
2731 1596 2807 1650 sic
2829 1594 3012 1661 facite,
3049 1605 3103 1649 ut
3131 1595 3262 1650 salvi
3298 1596 3433 1651 sitis.
3469 1595 3535 1650 Et
3563 1605 3676 1668 post

2092 1685 2218 1738 duos
2244 1703 2412 1740 versus
2437 1701 2455 1740 :
2479 1687 2575 1754 Qui
2608 1686 2775 1756 diligit
2803 1687 2968 1742 Deum
2989 1727 3003 1752 ,
3032 1686 3274 1740 exorabit
3298 1702 3395 1756 pro
3422 1687 3672 1756 peccatis,

2090 1786 2143 1830 et
2163 1777 2456 1832 continebit
2481 1795 2539 1832 se
2567 1780 2634 1833 ab
2663 1779 2767 1836 illis
2793 1792 2810 1846 ;
2843 1778 2894 1833 in
2927 1780 3167 1834 oratione
3196 1780 3398 1834 dierum
3426 1778 3676 1833 exaudie-

2092 1877 2194 1920 tur.
2236 1868 2303 1921 Et
2347 1869 2482 1922 sicut
2523 1870 2612 1939 qui
2643 1870 2998 1936 thesaurizat,
3029 1869 3104 1923 ita
3144 1880 3199 1924 et
3241 1870 3331 1939 qui
3362 1868 3676 1924 honorificat

2090 1970 2316 2015 matrem
2349 1976 2518 2014 suam.
2543 1961 2640 2030 Qui
2685 1962 2998 2016 honoriﬁeat
3032 1970 3232 2032 patrem
3255 2003 3268 2026 ,
3299 1960 3678 2031 jncundabitur

2089 2051 2144 2106 in
2173 2052 2312 2106 filiis.
2329 2053 2426 2118 Qui
2449 2052 2674 2106 honorat
2701 2063 2902 2122 patrem
2929 2067 3104 2116 suum,
3124 2052 3228 2104 vita
3251 2051 3391 2106 vivet
3411 2051 3674 2121 longiore;

2089 2154 2145 2202 et
2170 2146 2260 2216 qui
2287 2144 2502 2200 obaudit
2534 2145 2694 2213 patri,
2730 2144 3062 2215 refrigeranti
3103 2153 3349 2199 matrem.
3383 2144 3483 2209 Qui
3531 2145 3680 2198 timet

2090 2238 2281 2306 Deum,
2308 2241 2540 2293 honorat
2565 2249 2835 2308 parentes;
2860 2248 2912 2292 et
2941 2237 3088 2308 quasi
3119 2237 3346 2292 dominis
3373 2238 3569 2292 serviet
3594 2237 3678 2292 his

2089 2332 2179 2402 qui
2224 2347 2281 2386 se
2322 2341 2640 2402 genuerunt.
2691 2331 2746 2385 In
2775 2348 2936 2400 (mere
2967 2342 3016 2385 et
3057 2343 3305 2386 sernmnc
3332 2343 3383 2384 et
3413 2331 3556 2384 omni
3585 2346 3678 2402 pa-

2092 2426 2274 2478 tientia
2303 2424 2503 2478 honera
2533 2435 2734 2493 patrem
2760 2433 2929 2488 tuum,
2957 2435 3010 2476 ut
3033 2423 3382 2494 superveniat
3402 2423 3493 2477 tibi
3516 2424 3677 2478 bene-

2091 2515 2252 2570 dictio
2275 2532 2303 2568 a
2333 2515 2556 2568 Domino
2582 2518 2623 2567 '.
2660 2513 2724 2566 Et
2754 2528 2862 2583 post
2887 2526 2984 2568 (res
3013 2532 3180 2569 versus
3206 2531 3225 2570 :
3253 2513 3329 2571 Ne
3351 2513 3592 2585 glorieris
3621 2517 3676 2570 in

2091 2608 2409 2664 Contumelia
2453 2608 2615 2676 patris
2656 2609 2750 2660 tui.
2784 2606 2849 2660 Et
2881 2617 2988 2674 post
3023 2617 3120 2660 tres
3151 2624 3318 2661 versus
3349 2621 3368 2660 :
3395 2606 3490 2660 Fili
3511 2647 3528 2674 ,
3561 2622 3678 2660 sus-

2092 2702 2209 2773 cipe
2230 2710 2504 2755 senectam
2537 2701 2700 2770 patris
2729 2702 2802 2754 tui
2826 2742 2836 2758 .
2863 2709 2914 2754 et
2942 2717 3008 2755 ne
3029 2702 3316 2756 contristes
3345 2715 3466 2755 eum
3495 2701 3546 2754 in
3571 2702 3674 2756 vita

2091 2793 2252 2847 illius.
2287 2793 2352 2845 Et
2380 2792 2426 2845 si
2455 2791 2712 2846 defecerit
2743 2807 2898 2846 sensu
2921 2833 2935 2858 ,
2971 2793 3178 2847 veniam
3209 2793 3275 2848 da
3295 2833 3311 2860 ,
3341 2801 3394 2848 et
3433 2809 3499 2847 ne
3529 2807 3676 2860 sper-

2092 2900 2187 2938 nas
2214 2899 2336 2939 eum
2355 2883 2412 2937 in
2441 2894 2524 2936 tua
2549 2883 2764 2938 virtute.
2794 2883 2859 2936 Et
2891 2895 3000 2954 post
3021 2894 3238 2955 quatuor
3255 2901 3428 2940 uersus
3459 2900 3478 2938 .'
3504 2884 3675 2952 Quam

2089 2977 2244 3032 malae
2275 2977 2424 3031 famae
2454 2986 2534 3032 est
2553 3018 2568 3042 ,
2596 2977 2686 3047 qui
2707 2977 3026 3048 derelinquit
3053 2978 3286 3047 patrem!
3313 2985 3368 3032 et
3392 2987 3476 3033 est
3513 2978 3678 3032 male-

2092 3069 2263 3122 dictus
2290 3085 2320 3123 a
2349 3070 2475 3136 Deo,
2505 3069 2592 3139 qui
2621 3079 2898 3139 exasperat
2925 3078 3172 3125 matrem.
3199 3068 3322 3136 Fili,
3353 3069 3406 3124 in
3421 3084 3672 3125 mansue-

2093 3162 2272 3217 tudine
2306 3178 2466 3232 opera
2503 3172 2590 3216 tua
2637 3163 2860 3231 perfice,
2890 3172 2943 3217 et
2967 3177 3128 3232 super
3160 3163 3429 3217 hominum
3456 3162 3676 3232 gloriam

2091 3254 2344 3324 diligeris.
2361 3256 2569 3322 Quanto
2591 3269 2812 3325 magnus
2833 3269 2913 3321 es,
2931 3254 3147 3309 humilia
3171 3263 3221 3309 te
3248 3256 3302 3308 in
3319 3255 3563 3308 omnibus
3583 3273 3596 3319 ;
3624 3264 3680 3308 et

2092 3361 2270 3400 coram
2301 3348 2407 3402 Deo
2440 3349 2676 3402 invenies
2713 3347 2933 3417 gratiam
2967 3349 3252 3417 :qnoniam
3283 3363 3465 3417 magna
3491 3357 3677 3418 poten-

2095 3437 2162 3494 tia
2193 3437 2281 3492 Dei
2311 3439 2472 3492 solius
2492 3480 2504 3502 ,
2552 3448 2607 3491 et
2647 3439 2715 3492 ab
2744 3439 3027 3493 humilibus
3055 3439 3364 3493 honoratur.
3397 3438 3596 3492 Altiora
3625 3447 3678 3493 te

2093 3545 2159 3585 nc
2199 3529 2505 3599 quaesieris,
2537 3540 2589 3584 et
2635 3532 2849 3584 fortiora
2894 3541 2944 3584 te
2971 3547 3036 3586 ne
3061 3541 3326 3586 scrutatus
3345 3533 3506 3587 fueris
3541 3551 3554 3586 :
3581 3533 3674 3588 sed

2093 3637 2210 3691 qua:
2239 3622 2487 3692 praecepit
2507 3621 2600 3676 tibi
2631 3624 2785 3687 Deus,
2817 3623 2906 3678 illa
2931 3625 3102 3693 cogita
3131 3639 3378 3695 semper;
3402 3634 3454 3679 et
3480 3625 3530 3681 in
3561 3626 3678 3695 plu-

2093 3714 2238 3769 ribus
2266 3715 2515 3783 operibus
2545 3715 2661 3785 ejus
2687 3731 2752 3770 ne
2780 3715 2942 3771 fueris
2984 3717 3244 3772 curitisus.
3281 3718 3394 3772 Non
3425 3718 3566 3772 enim
3596 3726 3680 3772 est

2095 3807 2187 3863 tibi
2229 3807 2587 3862 necessarium
2624 3824 2686 3864 ea
2732 3826 2849 3878 qnze
2892 3809 3201 3866 abscondita
3249 3821 3372 3866 sunt
3411 3811 3452 3878 ³,
3496 3811 3677 3867 videre

2093 3900 2262 3955 oculis
2291 3900 2414 3954 tuis.
2447 3899 2512 3954 Et
2536 3909 2647 3972 post
2673 3912 2772 3955 tm
2793 3917 2961 3956 versus
2988 3903 3221 3958 :Mnltos
3245 3905 3386 3959 enim
3417 3901 3679 3976 lmplana-

2093 3993 2168 4047 vit
2187 3990 2208 4023 ⁸
2227 3992 2461 4061 suspicio
2477 4007 2683 4060 eorum,
2703 4003 2754 4046 et
2775 3994 2828 4054 in
2857 3995 3087 4050 vanitate
3111 3996 3336 4051 detinuit
3355 4011 3544 4052 sensus
3563 3997 3679 4052 illo-

2094 4101 2230 4140 rum.
2258 4084 2365 4140 Cor
2389 4085 2578 4140 durmn
2625 4087 2762 4140 male
2806 4087 3015 4142 habebit
3064 4089 3115 4142 in
3163 4089 3478 4154 novissimo;
3507 4095 3561 4145 et
3587 4091 3682 4160 qui

2095 4189 2236 4232 amat
2275 4179 2566 4247 periculum
2590 4220 2604 4244 ,
2639 4179 2690 4232 in
2725 4180 2816 4233 illo
2844 4180 3054 4249 peribit.
3087 4179 3193 4237 Cor
3219 4183 3522 4251 ingrediens
3549 4183 3682 4239 duas

2093 4270 2228 4332 vias,
2253 4285 2358 4323 non
2390 4269 2606 4324 habebit
2631 4284 2948 4333 successus;
2980 4283 3032 4323 et
3061 4273 3424 4340 pravicordius
3450 4273 3473 4304 ⁸
3496 4275 3548 4328 in
3577 4274 3681 4329 illis

2095 4359 2557 4414 scandalizabitur.
2586 4360 2693 4414 Cor
2724 4375 2948 4429 nequam
2978 4360 3282 4428 gravabitur
3307 4362 3356 4414 in
3385 4361 3678 4430 doloribus;

2097 4463 2150 4508 et
2177 4461 2426 4523 peccator
2453 4451 2669 4522 adjiciet
2692 4452 2756 4506 ad
2801 4451 3146 4520 peccandum.
3168 4450 3236 4506 Et
3275 4465 3386 4525 post
3422 4455 3548 4509 duos
3576 4472 3684 4509 ver-

2097 4563 2181 4600 sus
2210 4560 2231 4603 :
2259 4546 2364 4600 Cor
2406 4545 2622 4615 sapiens
2660 4544 2972 4613 intelligitur
2999 4543 3052 4598 in
3095 4544 3389 4614 sapientia;
3437 4558 3490 4600 et
3535 4547 3682 4602 auris

2097 4637 2233 4694 bona
2275 4637 2457 4694 audiet
2503 4651 2625 4690 cum
2675 4635 2821 4689 omni
2867 4637 3296 4705 concupiscentia
3347 4637 3680 4708 sapientiam.

2099 4729 2321 4798 Sapiens
2352 4744 2444 4785 cor
2467 4739 2520 4784 el.
2544 4728 2870 4797 intelligibile
2895 4728 3181 4783 abstinebit
3205 4744 3263 4784 se
3292 4744 3323 4784 a
3349 4731 3608 4800 peccatis,
3631 4741 3686 4786 et

2101 4822 2152 4876 in
2181 4821 2431 4892 «ipcribus
2460 4822 2680 4893 justitize
2721 4836 2998 4877 successus
3026 4821 3258 4877 habebit.
3285 4821 3464 4894 Ignem
3493 4824 3688 4879 arden—

2102 4925 2207 4972 tem
2230 4917 2518 4987 cxstinguit
2545 4929 2717 4988 aqua;
2748 4925 2802 4970 et
2825 4916 3162 4990 eleentosyna
3188 4917 3389 4971 resistit
3414 4919 3683 4987 peccatis:

2163 5119 2178 5152 ⁸
2208 5127 2255 5168 ιιι
2280 5116 2440 5168 Bibliis
2477 5117 2672 5167 excusis
2701 5115 2847 5165 deest
2867 5125 2992 5176 vox,
3031 5111 3198 5171 dilecti
3223 5125 3242 5166 :
3263 5113 3474 5168 habetur
3495 5115 3546 5166 ln
3567 5116 3688 5170 anti-

2098 5183 2208 5246 quis
2232 5180 2347 5246 Bibl.
2371 5179 2759 5246 Corbeiensibus.

2163 5247 2182 5276 ³
2207 5245 2405 5304 Vulgata
2430 5245 2569 5305 juxta
2592 5253 2836 5303 graecum,
2859 5237 2920 5290 ab
2940 5252 3012 5292 eo.
3046 5246 3097 5289 In
3126 5237 3290 5290 Biblils
3309 5246 3472 5290 tatnen
3501 5239 3692 5306 scriptis

2097 5307 2235 5374 Corb.
2259 5307 2484 5364 habetur,
2508 5318 2537 5352 (ι
2562 5312 2673 5374 nec.
2843 5368 2855 5374 Δ
2922 5361 2934 5374 .

2164 5369 2185 5399 ³
2206 5374 2344 5426 Mss,
2368 5363 2686 5417 necessariwn
2722 5363 2931 5426 scrutari

2099 5423 2522 5502 ondt_tm_1t_,videre
2539 5423 2884 5502 audistttis.__
3171 5499 3192 5502 _
3228 5501 3248 5502 η
3583 5485 3669 5502 η,
3715 5430 3738 5502 ί

2164 5494 2184 5523 ’⁵
2210 5485 2409 5540 Pulchre
2433 5490 2920 5552 restiondetgraeoo,
2943 5486 3127 5550 potioris
3160 5499 3250 5551 ραι·
3279 5485 3548 5552 cpianésen.
3583 5485 3694 5536 Vul-
3717 5485 3736 5552 ζ
3805 5519 3808 5522 -

2100 5562 2211 5617 gata
2246 5567 2364 5602 vero
2401 5549 2581 5617 habet,
2613 5549 2791 5617 Διιίιιιεςιδ
2826 5549 3009 5617 qugtpte
3048 5549 3389 5617 sitppl_a_7_;!:zi'it._
3402 5549 3725 5617 puanqnarn;

2103 5610 2314 5674 Vulgata:
2348 5621 2511 5663 auctor
2549 5613 2702 5675 inhoc
2742 5610 2847 5675 ipso
2884 5610 3024 5674 libro,
3049 5610 3154 5675 cap.
3185 5613 3272 5670 iii,
3299 5627 3342 5661 v.
3375 5610 3460 5671 l2,
3487 5610 3692 5660 verbum
3717 5610 3725 5675 ἲ

2101 5671 2353 5786 elplnnéscn
2377 5677 2542 5735 vertit,
2566 5671 2841 5738 imptuudvit
2860 5675 2938 5724 :id
2963 5671 3058 5736 est,
3073 5671 3287 5736 decepit,
3309 5675 3355 5722 in
3381 5687 3598 5722 errorem
3622 5675 3693 5726 in—
3719 5672 3724 5697 δ

2101 5754 2118 5786 ‹,
2135 5743 2255 5786 uxit.

2101 5743 2255 5788 duxit.

2164 5805 2185 5836 ι
2209 5809 2291 5849 iis.
2312 5799 2488 5868 Regius
2511 5833 2526 5859 ,
2551 5797 2688 5868 praei
2722 5798 3070 5868 cordis;_juxta
3092 5795 3353 5868 _\ulgatam
3394 5797 3440 5844 in
3463 5809 3693 5868 exutas.

2919 5857 3003 5909 ibi.
3029 5861 3194 5918 habet,
3205 5857 3566 5922 putricordius.

2959 5377 3018 5414 ea
3035 5373 3146 5426 quae
3160 5360 3437 5414 abscmtcttta
3453 5367 3564 5414 stmt
3592 5375 3610 5414 :
3635 5369 3690 5416 et
3725 5335 3734 5372 ¹

2105 5839 2406 5928 queam";
2413 5839 2487 5911 ’ίῖἶ
2496 5839 2702 5924 atque
2721 5839 2916 5910 satis
