4110 6476
408 359 504 422 951

411 485 463 530 et
495 432 632 529 Deus
659 478 973 546 prospector
989 469 1108 540 ejus
1136 469 1153 501 ¹
1181 468 1271 541 qui
1297 466 1470 524 reddit
1486 464 1729 539 gratiam,
1759 462 2001 522 meminit

411 566 465 622 in
496 575 767 637 posterum
790 564 835 631 ';
861 571 913 619 et
939 561 995 618 in
1016 570 1255 632 tempore
1280 574 1436 616 casus
1455 558 1532 615 tui
1556 557 1796 614 invenies
1821 559 2001 612 ﬁrma—

355 673 371 689 ‘
413 667 673 714 mentum.

484 746 605 824 [tm]
625 746 746 813 Fili,
767 746 1161 836 eleemosynam
1180 743 1429 817 pauperis
1448 742 1517 798 né
1537 740 1770 808 fraudes,
1791 749 1846 797 et
1868 755 1998 795 ocu-

410 843 492 901 los
532 854 653 901 tuos
703 858 769 898 ne
829 850 1159 896 transvertas
1208 854 1240 894 a
1284 852 1536 910 paupere.
1585 836 1831 891 Animam
1879 848 2002 890 esu-

412 939 636 994 rientem
664 949 731 990 ne
756 932 1085 1004 despexeris,
1116 940 1290 988 etnon
1317 945 1603 1002 exasperes
1627 944 1912 1001 pauperem
1943 927 1999 984 in

410 1027 589 1099 inopia
614 1042 730 1083 sua.
763 1025 869 1082 Cor
893 1025 1066 1096 inopis
1092 1039 1162 1081 ne
1184 1024 1441 1081 afllixeris
1463 1065 1477 1088 ,
1509 1031 1563 1077 et
1584 1037 1687 1077 non
1720 1021 2001 1092 protrahas

411 1121 593 1181 datum
620 1120 959 1193 angustia‘nti.
990 1120 1339 1191 Rogationem
1381 1118 1718 1175 contribulati
1758 1132 1828 1175 ne
1863 1116 1997 1186 abji-

409 1217 553 1284 cias,
586 1224 639 1271 et
665 1230 769 1269 non
791 1223 1003 1270 avertas
1024 1214 1212 1269 faciem
1242 1221 1383 1267 tuam
1410 1212 1477 1267 ab
1502 1225 1691 1284 egeno.
1724 1210 1807 1266 Ab
1844 1209 2002 1279 inope

409 1322 517 1363 non
547 1305 758 1362 auferas
774 1307 959 1362 oculos
978 1316 1096 1364 tuos
1124 1315 1339 1376 propter
1368 1305 1500 1361 iram
1523 1346 1536 1371 ,
1559 1313 1613 1360 et
1639 1319 1744 1359 non
1766 1303 1999 1359 derelin-

407 1415 542 1470 quas
583 1399 943 1470 quaerentibus
972 1399 1063 1454 tibi
1093 1406 1237 1453 retro
1264 1396 1601 1453 maledicere.
1640 1394 2002 1451 Maledicentis

410 1494 555 1549 enim
588 1493 681 1549 tibi
722 1494 772 1547 in
800 1493 1152 1548 amaritudine
1182 1493 1374 1547 anima:
1401 1491 1716 1549 exaudictur
1740 1491 2000 1562 depreca-

410 1586 485 1642 tio
514 1585 675 1641 illius.
706 1586 961 1641 Exaudiet
990 1596 1166 1642 autem
1195 1602 1337 1653 eum,
1379 1588 1469 1657 qui
1500 1586 1629 1642 fecit
1663 1586 1830 1641 illum.
1854 1585 1999 1640 Con-

406 1680 702 1749 gregationi
722 1694 1012 1749 pauperum
1037 1679 1300 1735 affabilem
1326 1688 1376 1733 te
1399 1679 1578 1744 facito,
1608 1688 1662 1735 et
1689 1680 2001 1750 presbytero

409 1770 627 1825 humilia
676 1774 906 1826 animam
953 1781 1134 1840 tuam,
1183 1782 1236 1827 et
1291 1784 1536 1844 magnato
1586 1773 1802 1827 humilia
1843 1783 2002 1843 caput

409 1870 581 1919 tuum.
613 1864 823 1919 Declina
858 1866 1074 1937 pauperi
1113 1865 1229 1919 sine
1256 1866 1465 1919 tristitia
1509 1881 1693 1922 aurem
1735 1875 1875 1920 tuam
1904 1909 1917 1932 ,
1948 1874 2001 1922 et

412 1956 574 2012 redde
604 1956 835 2011 debitum
869 1968 1013 2012 tuum
1031 1999 1045 2022 ,
1072 1967 1126 2013 et
1145 1958 1408 2028 responde
1432 1959 1504 2013 illi
1537 1959 1751 2029 paciﬁca
1775 1960 1827 2014 in
1852 1975 2004 2014 man-

408 2047 711 2102 suetudine.
741 2048 932 2103 Libera
961 2064 1081 2103 eum
1109 2049 1200 2119 qui
1226 2049 1470 2119 injuriam
1501 2050 1720 2121 patitur,
1754 2051 1820 2106 de
1842 2067 2003 2106 manu

410 2137 628 2208 superbi
657 2154 672 2205 ;
701 2148 757 2194 et
777 2154 881 2194 non
896 2140 1048 2195 aeide
1071 2139 1212 2195 feras
1227 2140 1282 2196 in
1307 2142 1481 2196 anima
1506 2150 1612 2197 tua.
1640 2142 1691 2197 In
1714 2142 2003 2212 judicando

409 2240 526 2287 esto
564 2232 868 2288 misericors
886 2274 902 2300 ,
946 2234 1159 2305 pupillis
1197 2243 1253 2288 ut
1282 2242 1433 2305 pater
1452 2277 1466 2301 ,
1495 2243 1549 2290 et
1577 2251 1676 2307 pro
1700 2236 1818 2291 viro
1845 2238 2001 2292 matri

408 2320 642 2388 illorum;
665 2332 719 2378 et
740 2323 850 2379 eris
872 2325 1016 2378 velut
1041 2324 1178 2379 ﬁlius
1204 2325 1459 2379 Altissimi
1483 2326 1797 2393 obaudiens,
1824 2339 1875 2383 et
1903 2329 2004 2383 mi-

410 2417 673 2472 serebitur
712 2419 786 2472 tui
826 2419 997 2489 magis
1026 2434 1184 2490 quam
1213 2430 1402 2475 mater.
1432 2421 1703 2489 Sapientia
1738 2421 1862 2476 ﬁliis
1891 2423 2003 2478 suis

409 2510 574 2565 vitam
605 2510 913 2581 inspiravit,
939 2520 995 2567 et
1009 2499 1235 2582 suscipit
1261 2511 1595 2584 inquirentes
1622 2529 1681 2570 se
1710 2524 1763 2569 et
1795 2516 2003 2584 prieibit

408 2600 465 2659 in
501 2604 584 2659 via
616 2602 857 2673 justitiaz.
890 2606 956 2659 Et
987 2608 1078 2676 qui
1117 2605 1260 2661 illam
1298 2605 1501 2677 diligit,
1530 2606 1702 2678 diligit
1723 2608 1882 2663 vitam
1910 2625 1923 2674 ;
1948 2617 2004 2665 et

408 2696 500 2767 qui
547 2695 886 2767 vigilaverint
937 2698 1003 2753 ad
1055 2698 1234 2767 illam,
1274 2699 1698 2770 complectantur
1729 2701 1999 2771 placerem

408 2788 527 2858 ejus
554 2788 595 2842 ⁸.
627 2787 728 2857 Qui
755 2790 1023 2846 tenuerint
1067 2790 1209 2849 illam
1234 2834 1251 2859 ,
1288 2794 1450 2847 vitam
1482 2791 1870 2848 htereditabunt
1894 2835 1907 2859 ,
1948 2802 2005 2850 et

408 2897 516 2952 quo
554 2881 793 2938 introibit
826 2883 1106 2941 benedicet
1140 2885 1300 2941 Deus.
1332 2885 1434 2956 Qui
1463 2889 1699 2942 serviunt
1732 2886 1817 2953 ei,
1846 2887 2005 2944 obse-

408 2986 635 3049 quentes
657 2988 812 3032 erunt
835 2986 1041 3045 sancto;
1070 2985 1126 3035 et
1152 2994 1246 3036 eos
1271 2980 1360 3051 qui
1387 2979 1614 3053 diligunt
1642 2981 1810 3049 illam,
1834 2981 2007 3053 diligit

409 3069 570 3125 Deus.
596 3069 697 3136 Qui
722 3070 868 3125 audit
889 3071 1054 3139 illam,
1077 3071 1281 3142 judicat
1299 3071 1320 3103 ‘
1333 3085 1520 3144 gentes
1540 3092 1554 3140 ;
1578 3084 1631 3131 et
1660 3076 1749 3146 qui
1771 3076 2005 3132 intuetur

409 3161 589 3228 illam,
625 3163 955 3232 permanebit
980 3164 1274 3221 conﬁdens.
1304 3165 1361 3222 Si
1386 3166 1674 3223 crediderit
1700 3168 1786 3236 ei,
1830 3169 2004 3225 luere-

412 3254 605 3310 ditabit
628 3254 795 3320 illam,
817 3263 872 3311 et
899 3264 1056 3312 erunt
1084 3257 1137 3311 in
1164 3256 1569 3314 conﬁrmatione
1595 3269 1853 3315 creatura:
1880 3260 2003 3315 illo-

411 3366 556 3407 rum.
585 3349 846 3417 Quoniam
873 3351 925 3405 in
961 3352 1253 3407 tentatione
1291 3352 1527 3407 ambulat
1570 3368 1691 3408 cum
1720 3368 1816 3421 eo,
1856 3363 1911 3409 et
1948 3354 2003 3409 in

408 3441 598 3513 primis
625 3441 770 3512 eligit
789 3458 932 3497 eum.
963 3443 1229 3500 Timorem
1259 3452 1313 3499 et
1341 3452 1541 3499 metum
1566 3454 1620 3500 et
1636 3446 2003 3516 probationem

411 3531 632 3588 inducet
660 3547 821 3603 super
855 3534 1024 3601 illum,
1054 3543 1109 3590 et
1132 3535 1389 3591 cruciabit
1415 3536 1561 3591 illum
1585 3537 1637 3592 in
1667 3539 2006 3595 tribuiatione

416 3622 674 3679 doctrinze
695 3641 834 3691 sum;
857 3625 1030 3682 donec
1056 3634 1225 3683 tentet
1250 3628 1397 3683 illum
1418 3628 1472 3683 in
1499 3629 1909 3699 cogitationibus
1938 3632 2004 3686 il-

414 3714 537 3779 lius,
564 3727 619 3772 et
646 3716 831 3773 credat
849 3718 1042 3774 anim
1069 3719 1230 3774 illius.
1266 3720 1332 3774 Et
1362 3720 1594 3776 ﬁrmabit
1622 3722 1790 3787 illum,
1820 3732 1874 3777 et
1902 3724 2005 3779 iter

414 3808 644 3865 adducet
670 3810 694 3843 ⁸
720 3810 982 3867 directum
1021 3811 1085 3866 ad
1118 3812 1286 3878 illum,
1315 3821 1364 3868 et
1414 3813 1701 3871 ltetiﬁcabit
1744 3816 1924 3882 illum;
1952 3824 2008 3873 et

416 3900 709 3957 denudabit
736 3902 1045 3958 abscondita
1072 3917 1167 3957 sua
1202 3903 1314 3968 illi,
1344 3910 1400 3959 et
1442 3903 1822 3962 thesaurizabit
1844 3922 2008 3978 super

416 3994 569 4049 illum
595 3994 871 4050 scientiam
894 4004 946 4049 et
968 3994 1289 4051 intellectum
1309 3995 1548 4068 justitite.
1570 3997 1627 4054 Si
1648 4007 1825 4054 autem
1850 4001 2009 4056 ober-

416 4086 648 4153 raverit,
691 4085 1023 4156 derelinqnet
1051 4086 1233 4155 illum,
1282 4096 1336 4144 et
1378 4089 1550 4146 tradet
1577 4107 1698 4147 eum
1737 4092 1790 4146 in
1817 4108 2009 4149 manus

416 4177 618 4233 inimici
647 4178 751 4235 sui.
783 4176 905 4245 Fili,
933 4193 1188 4234 conserva
1218 4187 1428 4251 tempus
1449 4223 1462 4247 ,
1496 4190 1550 4237 et
1577 4182 1751 4238 devita
1782 4198 1812 4237 a
1842 4185 2006 4240 malo.

417 4266 522 4326 Pro
570 4271 744 4326 anima
788 4278 878 4325 tua
925 4286 1033 4325 non
1075 4269 1423 4328 confundaris
1464 4272 1642 4331 dicere
1678 4289 1880 4331 verum.
1914 4277 2011 4333 Est

417 4361 561 4416 enim
590 4362 832 4419 confusio
856 4361 1126 4419 adducens
1149 4373 1448 4434 peccatum,
1471 4374 1525 4421 et
1544 4374 1625 4421 est
1646 4366 1889 4423 confusio
1911 4368 2009 4424 ad-

367 4484 378 4533 ,
418 4452 619 4512 ducens
644 4454 867 4527 gloriam
897 4465 952 4510 et
987 4457 1231 4526 gratiam.
1260 4455 1380 4512 Non
1408 4458 1637 4527 accipias
1679 4459 1867 4517 faciem
1909 4462 2007 4521 ad-

370 4548 608 4603 Eversus
657 4548 841 4604 faciem
894 4557 1069 4615 tuam,
1122 4565 1223 4606 nec
1269 4550 1525 4607 adversus
1578 4552 1810 4611 animam
1863 4568 2007 4614 tuam

419 4640 778 4696 mendacium.
822 4640 942 4697 Non
972 4644 1269 4699 reverearis
1298 4646 1596 4714 proximum
1622 4656 1772 4704 tuum
1803 4652 1855 4707 in
1879 4668 2010 4709 casu

420 4746 555 4798 suo,
586 4746 686 4787 nec
726 4732 955 4787 retineas
985 4734 1202 4789 verbum
1234 4735 1286 4790 in
1318 4743 1559 4807 tempore
1588 4738 1610 4771 ⁸
1649 4742 1852 4798 salutis.
1892 4744 2010 4801 Non

372 4812 380 4853 '7
423 4824 722 4882 abscondas
758 4826 1073 4897 sapientiam
1102 4837 1244 4883 tuam
1272 4829 1325 4885 in
1364 4829 1557 4888 decore
1581 4832 1717 4904 ejus.
1748 4834 1806 4891 in
1832 4837 2011 4909 lingua

480 4980 502 5075 ἒ
524 4981 779 5115 signum
792 4986 868 5030 Er.
1060 4988 1181 5054 \ep.
1205 4990 1315 5035 ιον.
1338 4990 1389 5034 tn
1412 4989 1481 5046 3.;
1503 4986 1577 5039 tui
1594 4992 1717 5064 ejus.
1763 4996 1823 5040 Μ.

528 5050 568 5115 ν.
605 5112 614 5115 ,
645 5050 975 5115 causam;
995 5056 1100 5115 el!“
1114 5056 1167 5115 επ
1464 5050 1630 5115 Abest.
1653 5064 1778 5115 eius.
1800 5065 1831 5103 a

418 5059 742 5173 pt'Jt‘i‘t‘iSi-‘Sf’
748 5059 1831 5173 arma:

416 5165 616 5262 legitur,
639 5172 686 5241 et
699 5166 753 5218 in
773 5173 982 5231 tempore
1011 5181 1151 5219 casus
1165 5169 1241 5220 sui
1260 5165 1464 5223 inveniet
1477 5169 1853 5262 firmamentum.

545 5236 719 5262 Romam
762 5230 916 5262 nmhnr
1001 5229 1361 5262 pnmlnlnmnm
1406 5234 1470 5262 Α..
1496 5247 1601 5262 Im...
1648 5251 1749 5262 ιη..-
1819 5248 1853 5262 Α

544 5230 721 5293 Regius
742 5229 954 5303 podex,
975 5229 1361 5303 complebantur
1403 5229 1602 5288 dulcare
1643 5238 1767 5301 ejus.
1817 5248 2012 5296 Graecus

417 5290 1038 5357 ῑθξωδιέηιριεδϋιεδοῃεᾳᾷ
1057 5290 1400 5357 ειὶρήνοδωισδ.

446 5353 1202 5432 ,.‘:."‘.‘l.8%E?PB°9.tJ¥W,-'
1232 5357 1732 5432 83‘..Patll°_mil‘atitt.
1751 5364 2010 5432 conﬁrma-

416 5416 543 5465 tione
563 5416 803 5483 creqturaz
844 5416 992 5483 ἱιᾶιῳ.
1038 5423 1096 5469 λι
1136 5418 1189 5467 in
1213 5416 1434 5483 antiqu
1466 5416 1751 5475 Corbeibl.
1783 5416 2012 5481 convenit

417 5483 631 5540 uterque
652 5475 788 5548 locus
809 5491 921 5529 cum
942 5479 1035 5529 hoc
1053 5478 1273 5542 Speculo.
1340 5475 1357 5483 ’
1789 5475 1895 5481 “’“’
1912 5475 2011 5481 ’“”

431 5540 1120 5617 ηἷέἕέἓτιμειλαθημάάαέα·
1144 5548 1291 5594 εἶτα
1319 5542 1451 5617 ’.Ιιμί
1470 5545 1604 5610 Pali"
1641 5551 1876 5617 ei).qu
1912 5552 2011 5605 kat’

659 5599 779 5673 pros
799 5608 962 5666 auten,
997 5609 1044 5655 et
1074 5617 1244 5673 rursus
1265 5599 1425 5659 redirit
1445 5599 1578 5661 r'ecta
1597 5599 1839 5664 ad'ulton.

485 5663 739 5742 ἒ
762 5663 1044 5742 Ἀι
1063 5667 1275 5742 Mss,th
1301 5676 1529 5742 tempore,
1555 5674 1695 5742 juxta
1725 5663 2007 5742 Vulgatam;

488 5689 505 5694 ν
530 5689 666 5737 suam,
690 5689 739 5715 ut
762 5689 963 5731 ιειιψῑιδ.
988 5689 1044 5716 At.
1064 5689 1192 5725 mss"
1222 5689 1275 5718 m
1301 5689 1529 5735 tempore,
1579 5689 1695 5724 una
1726 5689 2007 5742 vulgatam;

556 5739 627 5801 in
666 5730 988 5801 subsequenti
1012 5729 1270 5801 versiculo,
1310 5746 1413 5801 pro,
1450 5740 1495 5785 et
1531 5689 1752 5787 d'octrr'na
1770 5752 1821 5789 ut
1853 5740 2010 5793 verbis

690 5790 902 5864 praetert,
924 5797 971 5864 et
1231 5790 1446 5864 in‘oerpo
1466 5800 1659 5852 seruati.
1675 5806 1868 5854 Graqu
1888 5790 2009 5856 vero

421 5854 611 5912 textus,
628 5863 688 5903 en
710 5858 881 5904 remoti
899 5857 1094 5916 gtossés,
1124 5854 1177 5905 in
1197 5855 1337 5908 verba
1360 5856 1553 5916 imque.

1612 351 1671 410 Β.
1709 347 2079 409 AUGUSTINI
2115 348 2477 410 SPECULUII

3597 359 3706 419 95!

2109 464 2252 519 enim
2288 463 2596 535 agnoscitur
2633 463 2891 535 sapientia
2918 473 2976 521 et
3012 479 3204 523 sensus
3226 509 3243 537 ,
3284 476 3341 525 et
3380 471 3600 528 scientia
3647 484 3703 529 et

2107 554 2349 612 doctrina
2384 557 2437 611 in
2461 556 2644 613 verbis
2670 557 2945 627 veritatis,
2973 567 3029 614 et
3058 560 3454 619 ﬁrmamentum
3485 563 3537 619 in
3571 579 3701 636 ope-

2106 649 2255 704 ribus
2277 648 2517 719 justitise.
2547 650 2661 706 Non
2689 650 3025 707 contradicas
3053 652 3260 708 veritati
3287 654 3397 711 ullo
3422 655 3616 723 modo,
3642 666 3702 714 et

2106 741 2176 799 de
2203 742 2481 799 mendacio
2506 743 2878 799 ineruditionis
2910 755 3015 801 tua:
3041 745 3387 805 confundere.
3415 747 3533 805 Non
3565 764 3700 805 con-

2108 830 2346 890 fundaris
2382 834 2625 890 conﬁteri
2655 845 2867 906 peccata
2900 846 2987 892 tua
3008 880 3023 905 ,
3054 847 3111 894 et
3133 854 3202 895 ne
3235 839 3488 911 subjicias
3521 851 3576 897 te
3601 842 3703 898 ho-

2107 927 2237 982 mini
2262 943 2357 999 pro
2385 937 2622 998 peccato.
2654 929 2770 986 Noli
2802 931 3055 989 resistere
3078 942 3264 990 contra
3288 933 3478 992 faciem
3508 947 3667 1007 poten

2108 1020 2177 1075 tis
2199 1061 2215 1086 ,
2245 1035 2344 1076 nec
2379 1023 2591 1077 coneris
2617 1031 2801 1077 contra
2831 1024 2991 1080 ictum
3019 1024 3164 1081 ﬁnvii
3194 1028 3233 1081 ί.
3266 1027 3323 1083 In
3345 1026 3548 1098 iustitia
3574 1044 3699 1101 ago-

2107 1118 2288 1174 nizare
2314 1116 2411 1188 pro
2437 1117 2615 1173 anima
2647 1126 2734 1172 tua
2754 1160 2769 1185 ,
2793 1126 2845 1175 et
2871 1134 3039 1191 usque
3076 1122 3141 1175 ad
3170 1133 3398 1178 mortem
3424 1133 3570 1179 certa
3601 1137 3704 1193 pro

2101 1208 2330 1281 justitia;
2350 1210 2572 1266 et~Deus
2593 1210 2916 1282 expugnabit
2940 1228 3038 1282 pro
3065 1221 3116 1269 te
3140 1213 3387 1272 inimicos
3410 1224 3548 1269 tuos.
3580 1214 3701 1271 Noli

2106 1302 2298 1359 citatus
2325 1319 2446 1359 esse
2477 1302 2531 1359 in
2561 1303 2737 1374 lingua
2763 1312 2851 1375 tua
2874 1346 2889 1370 ,
2932 1316 2988 1361 et
3029 1306 3229 1363 inutilis
3264 1316 3316 1364 et
3359 1310 3616 1364 remissus
3644 1308 3701 1365 in

2107 1394 2359 1464 operibus
2386 1395 2510 1449 tuis.
2537 1394 2655 1450 Noli
2677 1410 2796 1450 esse
2821 1396 2957 1452 sicut
2987 1396 3073 1461 leo
3104 1399 3156 1453 in
3197 1398 3358 1454 domo
3382 1409 3469 1455 tua
3492 1442 3508 1466 ,
3537 1416 3698 1456 ever-

2110 1494 2225 1539 tens
2244 1484 2567 1542 domesticos
2588 1495 2728 1554 tuos,
2747 1494 2804 1543 et
2827 1489 3133 1557 opprimens
3158 1490 3426 1559 subjectos
3450 1491 3566 1547 tibi.
3586 1492 3702 1548 Non

2106 1579 2176 1632 sit
2202 1588 2449 1651 porrecta
2484 1596 2672 1636 manus
2702 1590 2787 1636 tua
2813 1581 2880 1637 ad
2907 1581 3224 1653 capiendum
3249 1626 3265 1652 ,
3293 1593 3349 1640 et
3373 1585 3440 1641 ad
3464 1585 3701 1641 dandum

2107 1673 2351 1728 collecta.

2179 1762 2280 1837 [v.]
2318 1763 2435 1818 Noli
2465 1763 2743 1821 attendere
2771 1765 2836 1819 ad
2876 1766 3243 1835 possessiones
3269 1766 3510 1838 iniquas,
3549 1776 3607 1823 et
3635 1783 3705 1824 ne

2107 1855 2312 1912 dixeris
2334 1897 2348 1921 ,
2382 1856 2479 1911 Est
2500 1857 2629 1911 mihi
2660 1856 2936 1914 sufﬁciens
2965 1859 3093 1913 vita.
3127 1859 3265 1914 Nihil
3292 1860 3435 1916 enim
3462 1860 3706 1931 proderit

2108 1947 2160 2001 in
2188 1956 2427 2016 tempore
2448 1948 2692 2004 vindictae
2714 1958 2769 2005 et
2789 1950 3144 2006 obductionis.
3165 1950 3283 2007 Non
3300 1954 3542 2023 sequaris
3564 1967 3703 2007 con-

2106 2040 2486 2109 cupiscentiam
2514 2041 2691 2097 cordis
2717 2043 2760 2107 ³,
2792 2052 2844 2098 et
2868 2058 2937 2098 ne
2963 2042 3184 2113 dixeris,
3213 2044 3492 2112 Quomodo
3516 2045 3706 2115 potui?

2106 2142 2196 2186 aut
2222 2133 2343 2202 quis
2367 2148 2454 2188 me
2488 2133 2735 2203 subjiciet
2768 2144 2988 2205 propter
3016 2134 3153 2192 facta
3190 2137 3351 2192 mea?
3388 2137 3530 2194 Deus
3554 2138 3702 2195 enim

2110 2224 2382 2284 vindicans
2405 2225 2713 2282 vindicabit.
2738 2227 2806 2282 Et
2836 2242 2903 2283 ne
2928 2227 3127 2284 dixeris
3146 2270 3162 2295 ,
3192 2229 3449 2297 Peccavi,
3475 2241 3530 2286 et
3568 2230 3699 2301 quid

2106 2317 2296 2373 accidit
2332 2318 2463 2372 mihi
2507 2319 2693 2374 triste?
2721 2320 3026 2375 Altissimus
3050 2321 3196 2376 enim
3222 2302 3303 2378 est
3342 2323 3551 2393 patiens
3576 2322 3704 2378 red-

2106 2408 2265 2464 ditor.
2297 2411 2369 2464 De
2396 2409 2682 2481 propitiata
2701 2420 3041 2482 peccatorum
3058 2412 3079 2444 ³
3097 2412 3209 2467 noli
3238 2428 3360 2469 esse
3384 2414 3504 2469 sine
3531 2421 3703 2478 metu;

2106 2516 2280 2571 neque
2299 2500 2518 2571 adjicias
2538 2512 2813 2573 peccatum
2838 2517 3002 2572 super
3019 2512 3300 2575 peccatum
3323 2523 3337 2561 :
3363 2514 3420 2562 et
3443 2521 3512 2561 ne
3529 2505 3703 2571 dicas.

2106 2595 2376 2651 Miseratio
2420 2595 2525 2675 Dei
2555 2610 2745 2667 magna
2796 2605 2914 2663 est;
2968 2596 3322 2653 multitudinis
3364 2607 3704 2668 peccatorum

2108 2704 2351 2743 meorum
2381 2689 2739 2745 miserebitur.
2776 2689 3139 2745 Misericordia
3163 2690 3307 2746 enim
3330 2700 3386 2747 et
3414 2692 3492 2745 ira
3520 2691 3588 2746 ab
3609 2690 3706 2745 illo

2107 2781 2214 2835 cito
2237 2781 2520 2850 proximat,
2538 2791 2599 2837 et
2629 2782 2681 2836 in
2704 2791 3012 2852 peccatores
3037 2782 3258 2852 respicit
3283 2782 3358 2837 ira
3386 2782 3549 2838 illius.
3578 2781 3703 2838 Non

2108 2872 2286 2927 tardes
2313 2876 2556 2929 converti
2580 2872 2647 2929 ad
2672 2874 2955 2929 Dominum
2972 2916 2986 2941 ,
3019 2882 3074 2930 et
3099 2889 3170 2930 ne
3195 2874 3411 2931 diﬁ‘eras
3438 2874 3508 2931 de
3535 2873 3625 2932 die
3648 2875 3701 2930 in

2109 2962 2272 3020 diem.
2320 2965 2508 3021 Subito
2536 2965 2678 3021 enim
2707 2966 2886 3022 veniet
2930 2967 3007 3022 ira
3050 2968 3228 3035 illius,
3264 2977 3322 3024 et
3361 2969 3414 3023 in
3460 2978 3706 3040 tempore

2109 3055 2356 3111 vindicta:
2399 3057 2673 3128 disperdet
2703 3065 2776 3113 te.
2804 3057 2925 3113 Noli
2951 3059 3142 3114 anxius
3168 3075 3288 3116 esse
3317 3061 3369 3115 in
3397 3060 3594 3116 divitiis
3620 3061 3704 3116 in-

2105 3148 2264 3218 justis
2297 3166 2308 3201 :
2341 3149 2471 3204 nihil
2501 3150 2642 3206 enim
2680 3151 2972 3221 proderunt
3014 3152 3107 3208 tibi
3148 3154 3202 3207 in
3231 3152 3320 3210 die
3364 3153 3708 3210 obductionis

2107 3252 2165 3299 et
2201 3242 2475 3298 vindictte.
2503 3243 2619 3299 Non
2650 3245 2879 3300 ventiles
2908 3256 2958 3300 te
3006 3246 3059 3301 in
3102 3246 3250 3301 onmi
3279 3255 3470 3314 vento,
3499 3256 3555 3304 et
3596 3263 3708 3304 non

2109 3348 2203 3391 eas
2232 3334 2285 3389 in
2313 3334 2460 3389 omni
2488 3334 2573 3389 via
2601 3332 2642 3389 ⁸.
2671 3334 2763 3391 Sic
2786 3338 2928 3392 enim
2957 3347 3204 3408 peccator
3230 3339 3484 3410 probatur
3505 3338 3709 3410 duplici

2109 3425 2308 3496 lingua.
2342 3426 2473 3482 Esto
2501 3428 2686 3485 firmus
2712 3428 2766 3484 in
2804 3429 2886 3484 via
2917 3430 3044 3497 Dei,
3076 3439 3131 3487 et
3171 3430 3224 3486 in
3264 3432 3488 3489 veritate
3515 3447 3710 3489 sensus

2111 3525 2186 3571 tut
2220 3527 2272 3571 ct
2305 3518 2565 3586 scientia;
2592 3530 2645 3577 et
2675 3530 3025 3592 prosequatur
3046 3533 3096 3579 te
3116 3523 3337 3579 verbum
3369 3525 3516 3596 pacis
3542 3534 3596 3581 et
3617 3524 3709 3597 ju-

2111 3610 2291 3665 stitite.
2317 3611 2446 3667 Esto
2473 3622 2784 3670 mansuetus
2807 3614 2875 3670 ad
2898 3614 3220 3671 audiendum
3249 3617 3469 3674 verbum
3497 3619 3625 3685 Dei,
3649 3627 3704 3674 ut

2113 3706 2397 3776 intelligas;
2427 3716 2481 3761 et
2508 3723 2631 3763 cum
2657 3709 2916 3779 sapientia
2938 3708 3083 3766 feras
3110 3711 3130 3743 '
3155 3724 3470 3782 responsum
3495 3727 3705 3770 verum.

2110 3797 2168 3855 Si
2190 3799 2385 3855 esttibi
2414 3801 2739 3870 intellectus,
2763 3804 3031 3875 responde
3060 3806 3304 3875 proximo
3332 3825 3346 3861 :
3378 3807 3461 3863 sin
3490 3816 3670 3864 autem
3690 3850 3706 3876 ,

2113 3892 2184 3946 sit
2212 3907 2404 3948 manus
2428 3900 2519 3948 tua
2551 3909 2715 3965 super
2733 3909 2794 3950 os
2824 3904 3003 3964 tuum;
3035 3912 3104 3954 ne
3127 3899 3355 3970 capiaris
3377 3900 3543 3957 verbo
3565 3900 3707 3956 indi-

2113 3984 2415 4055 sciplinato,
2438 3995 2495 4043 et
2517 3985 2881 4044 confundaris.
2911 3989 3096 4046 Honor
3116 3998 3171 4047 et
3195 3991 3361 4062 gloria
3383 3992 3437 4047 in
3459 4007 3711 4048 sermone

2114 4082 2317 4138 sensati
2351 4099 2364 4135 :
2397 4082 2575 4153 lingua
2593 4098 2722 4140 vero
2741 4083 3092 4154 imprudentis
3112 4084 3392 4142 subversio
3412 4094 3497 4142 est
3520 4075 3707 4157 ipsius.

2112 4171 2230 4230 Non
2258 4173 2545 4245 appelleris
2573 4189 2792 4230 susurro
2819 4176 2871 4230 in
2900 4176 3008 4231 vita
3038 4183 3147 4242 tua,
3169 4186 3225 4233 et
3243 4177 3299 4232 in
3326 4177 3501 4248 lingua
3532 4186 3617 4233 tua
3642 4194 3713 4236 ne

2115 4265 2364 4336 capiaris,
2386 4275 2441 4321 et
2458 4264 2821 4322 confundaris.
2852 4267 3025 4338 Super
3051 4268 3222 4323 furem
3242 4270 3383 4325 enim
3412 4278 3497 4325 est
3522 4270 3712 4327 confu-

2115 4358 2217 4425 sio,
2247 4366 2301 4413 et
2329 4357 2638 4428 poenitentia
2657 4398 2673 4426 ,
2696 4368 2750 4413 et
2787 4358 3063 4415 denotatio
3099 4360 3331 4430 pessima
3358 4376 3521 4431 super
3545 4361 3711 4416 bilin-

2113 4467 2271 4523 guem
2298 4469 2311 4505 :
2335 4452 2659 4508 susurratori
2678 4461 2856 4508 autem
2881 4452 3086 4520 odium,
3105 4463 3159 4509 et
3185 4454 3479 4522 inimicitia,
3498 4464 3553 4511 et
3577 4469 3711 4510 con-

2116 4545 2354 4601 tumelia.
2384 4544 2623 4602 Justiﬁca
2652 4545 2922 4617 pusillum,
2944 4555 3000 4603 et
3023 4562 3273 4618 magnum
3302 4548 3564 4604 similiter.

2188 4636 2263 4711 [v1
2273 4635 2310 4711 .]
2345 4636 2468 4694 Noli
2490 4637 2606 4693 ﬁeri
2631 4653 2728 4708 pro
2748 4638 2922 4694 amico
2947 4639 3193 4696 inimicus
3216 4640 3461 4710 proximo
3478 4659 3490 4694 :
3507 4640 3710 4712 impro-

2116 4730 2327 4801 perium
2367 4730 2511 4786 enim
2541 4737 2597 4785 et
2633 4730 3007 4786 contumeliam
3048 4732 3223 4789 malus
3249 4731 3589 4789 haereditabit
3613 4774 3626 4799 ,
3655 4742 3712 4789 et

2116 4824 2292 4880 omnis
2330 4832 2579 4893 peccator
2618 4824 2826 4879 invidus
2867 4833 2920 4879 et
2959 4824 3226 4895 bilinguis.
3257 4824 3376 4881 Non
3400 4834 3453 4881 te
3482 4825 3714 4883 extollas

2115 4916 2171 4971 in
2197 4916 2518 4987 cogitatione
2536 4916 2729 4971 anima:
2755 4924 2879 4984 tum,
2904 4917 3049 4972 velut
3074 4928 3277 4984 taurus;
3302 4934 3370 4973 ne
3389 4917 3532 4975 forte
3550 4919 3713 4976 elida-

2118 5016 2205 5062 tur
2229 5008 2398 5062 virtus
2429 5016 2514 5061 tua
2559 5022 2657 5078 per
2684 5008 2982 5063 stultitiam.
3011 5007 3078 5061 Et
3120 5018 3232 5080 post
3273 5002 3461 5082 septem
3492 5026 3663 5066 versus
3692 5028 3713 5067 :

2114 5099 2263 5156 Multi
2297 5101 2503 5173 pacifici
2532 5101 2640 5157 sint
2662 5102 2774 5168 tibi;
2805 5110 2858 5157 et
2886 5102 3225 5159 consiliarius
3249 5105 3319 5158 sit
3350 5104 3443 5159 tibi
3482 5120 3619 5161 unus
3640 5103 3714 5162 de

2172 5308 2197 5380 ,¹
2222 5306 2297 5379 .Sic
2317 5312 2423 5358 llas-
2442 5304 2584 5369 iulta
2617 5315 2768 5369 graec.
2799 5316 2852 5356 et
2872 5299 3060 5368 vnlgat.
3084 5309 3141 5356 At
3183 5302 3301 5356 editi
3320 5302 3586 5370 habebant,
3618 5306 3715 5371 m-

2114 5381 2425 5504 Μξηξξῖιξεᾳω
2445 5444 2457 5481 :
2477 5438 2543 5482 Ne
2556 5428 2775 5495 sequaris
2792 5428 2845 5483 in
2867 5426 3151 5494 fortitudine
3174 5435 3258 5482 tua
3279 5430 3714 5498 cmenpiscentt’am

2116 5492 3280 5643 Ῐῗῗίῗιῗίὲιξὶξέίδξιξεεθηοίηξερῆίεες,ρςξςειξξ
3294 5564 3710 5643 lacessisse»

2115 5618 2223 5684 peri
2243 5616 2525 5679 eailaamou,
2556 5626 2625 5667 De
2647 5616 2944 5692 propitiata;
2963 5616 3138 5669 omissa
3162 5634 3299 5680 voce,
3323 5616 3647 5684 pe'ccatontm.

2179 5683 2202 5714 δ
2223 5681 2297 5731 Sic
2341 5681 2458 5751 editi
2505 5686 2556 5731 et
2587 5686 2695 5750 uss.
2726 5688 2865 5742 Juxta
2910 5693 3058 5751 graec.
3096 5689 3152 5733 At
3189 5682 3389 5748 Vulgata
3419 5683 3602 5744 habet,
3656 5694 3699 5733 υ

2113 5755 2302 5796 onmem
2634 5748 2687 5791 in
2707 5754 2894 5792 omnem
2917 5748 3059 5792 riam.

2119 5806 2404 5920 {autcum
2438 5804 2629 5867 codex,
2650 5805 2746 5868 fer.
2769 5810 2985 5868 (itm,
3019 5803 3307 5872 pluheggou.
3338 5805 3569 5871 Vulgata,
3599 5820 3711 5872 pro-
