4110 6438
358 487 519 543 mille.
548 485 604 543 Si
631 486 872 558 possides
896 485 1147 555 amicum,
1172 487 1223 542 in
1246 487 1540 546 tentatione
1557 497 1776 560 possme
1795 504 1938 557 eum;

357 588 409 636 et
446 593 550 634 non
582 578 734 635 facile
763 579 952 635 credas
978 578 1052 635 illi
1082 581 1419 651 temetipsum
1448 581 1491 637 ί.
1520 581 1614 636 Est
1638 581 1779 636 enim
1809 581 1942 636 ami-

356 686 450 728 cus
477 672 767 728 secundum
810 683 1019 743 tempus
1056 688 1209 728 suum
1229 714 1246 741 ,
1274 682 1330 729 et
1359 689 1462 758 non
1512 672 1842 744 permanebit
1883 672 1938 728 in

354 765 442 820 die
467 765 859 820 tribulationis:
891 774 1045 821 etest
1065 768 1269 824 amicus
1292 765 1382 837 qui
1415 767 1718 836 egreditur'
1748 767 1813 822 ad
1841 767 1941 823 ini-

355 859 608 914 micitiam
637 876 650 913 :
678 869 732 915 et
774 867 856 915 est
885 859 1086 915 annicus
1112 859 1200 931 qui
1227 860 1407 916 odium
1437 869 1492 915 et
1529 859 1697 915 rixam
1723 871 1780 917 et
1805 877 1936 918 con-

350 952 487 1008 vicia
512 951 824 1008 denudabit.
855 952 949 1007 Est
976 961 1153 1008 autem
1182 953 1384 1007 amicus
1412 954 1588 1007 socius
1617 971 1816 1011 mensae
1837 1000 1852 1024 ,
1884 965 1938 1013 et

350 1059 456 1099 non
501 1043 830 1113 permanebit
867 1044 919 1098 in
948 1045 1036 1100 die
1079 1045 1430 1100 necessitatis.
1466 1046 1684 1101 Amicus
1721 1049 1764 1102 si
1809 1065 1934 1120 per-

348 1138 606 1193 manserit
627 1137 792 1203 ﬁxus,
815 1138 916 1193 erit
945 1137 1038 1192 tibi
1058 1138 1209 1208 quasi
1237 1137 1523 1208 comqualis
1543 1180 1557 1204 ,
1585 1147 1638 1193 et
1668 1140 1720 1194 in
1747 1139 1933 1198 dome-

348 1232 498 1286 stiois
524 1231 628 1285 tuis
660 1230 976 1285 ﬁducialiter
1001 1236 1137 1300 aget.
1172 1229 1227 1286 Si
1265 1230 1626 1285 humiliaverit
1665 1247 1723 1287 se
1747 1243 1932 1290 contra

347 1331 420 1389 te,
447 1333 502 1377 et
529 1337 558 1376 a
590 1321 723 1377 facie
751 1332 837 1376 tua
859 1322 1199 1378 absconderit
1241 1335 1333 1387 se,
1374 1321 1681 1376 unanimem
1713 1323 1932 1380 habebis

345 1416 632 1470 amicitiam
664 1415 879 1469 bonam.
912 1413 994 1469 Ab
1033 1413 1260 1468 inimicis
1309 1413 1413 1468 tuis
1455 1427 1735 1484 separare;
1769 1424 1821 1470 et
1863 1416 1930 1471 ab

343 1510 530 1563 amicis
570 1509 670 1562 tuis
712 1507 946 1562 attende.
974 1508 1191 1563 Amicus
1230 1506 1400 1562 ﬁdelis
1428 1509 1688 1577 preteetio
1730 1509 1924 1564 fortis:

342 1602 432 1672 qui
463 1610 641 1656 autem
673 1601 876 1655 invenit
903 1601 1048 1654 illum
1072 1641 1086 1666 ,
1135 1601 1336 1656 invenit
1379 1600 1703 1656 thesaurum.
1741 1603 1927 1658 Amico

343 1693 488 1749 ﬁdeli
512 1693 658 1748 nulla
681 1703 764 1748 est
788 1695 1142 1764 comparatio,
1169 1702 1224 1748 et
1246 1708 1351 1747 non
1377 1703 1460 1748 est
1483 1694 1639 1765 digna
1659 1694 1924 1764 pondera-

342 1788 415 1842 tio
441 1788 556 1842 aJri
585 1796 639 1841 et
660 1789 864 1857 argenti
891 1796 1074 1841 contra
1116 1786 1408 1842 bonitatem
1441 1787 1561 1842 ﬁdei
1588 1788 1748 1842 illius.
1778 1790 1926 1844 Ami-

339 1895 434 1934 cus
461 1879 631 1933 lldelis
654 1921 668 1943 ,
706 1878 1151 1934 medicamentum
1178 1879 1298 1933 vitae
1324 1891 1379 1934 et
1403 1879 1842 1946 immortalitatis;
1872 1890 1926 1936 et

339 1974 429 2043 qui
475 1980 718 2028 metuunt
756 1972 1072 2038 Dominum,
1119 1971 1392 2026 inveniunt
1418 1971 1586 2026 illum.
1627 1972 1726 2038 Qui
1775 1973 1926 2028 timet

339 2067 506 2120 Deum
523 2108 538 2133 ,
566 2081 720 2136 aeque
742 2064 960 2120 habebit
989 2064 1277 2118 amicitiam
1299 2064 1530 2130 bonam;
1559 2063 1808 2134 quoniam
1834 2079 1916 2119 sc-

336 2151 566 2207 cundum
587 2152 736 2206 illum
762 2150 865 2206 erit
885 2150 1089 2205 amicus
1115 2150 1277 2204 illius.
1303 2148 1404 2203 Fili
1431 2189 1446 2214 ,
1472 2163 1502 2202 a
1525 2148 1808 2218 juventule
1835 2159 1923 2205 tua

337 2238 522 2307 excipe
541 2237 860 2303 doctrinam,
883 2244 938 2290 et
968 2250 1134 2306 usque
1157 2233 1226 2290 ad
1254 2249 1418 2289 canos
1445 2235 1687 2290 invenies
1712 2235 1924 2305 sapien-

337 2332 484 2385 tiam.
506 2329 666 2396 Quasi
689 2329 732 2382 is
753 2328 841 2398 qui
868 2335 987 2382 arat
1011 2336 1065 2382 et
1084 2327 1330 2392 seminat,
1359 2326 1553 2382 accede
1581 2326 1648 2381 ad
1675 2327 1840 2395 illam,
1867 2337 1924 2384 et

336 2423 540 2477 sustine
574 2421 744 2475 bonos
770 2421 972 2475 fructus
999 2419 1160 2474 illius.
1187 2418 1244 2474 ln
1283 2434 1446 2488 opere
1467 2419 1608 2474 enim
1642 2419 1782 2474 illius
1811 2419 1924 2475 exi-

333 2529 495 2584 guum
522 2512 806 2578 laborabis,
836 2520 891 2568 et
913 2512 1021 2566 cito
1047 2511 1177 2566 edes
1204 2510 1270 2565 de
1298 2512 1728 2581 generationibus
1757 2512 1918 2568 illius.

333 2606 503 2674 Quam
521 2620 707 2676 aspera
725 2612 807 2660 est
829 2603 1048 2658 nimium
1071 2604 1326 2672 sapientia
1353 2603 1577 2659 indoctis
1595 2604 1918 2673 hominibus,

333 2706 388 2753 et
412 2712 516 2752 non
544 2695 874 2768 permanebit
901 2695 954 2749 in
971 2695 1059 2750 illa
1083 2709 1271 2752 excors
1293 2693 1333 2748 ³.
1353 2694 1514 2763 Quasi
1536 2695 1728 2766 lapidis
1747 2701 1920 2752 virtus

335 2789 578 2860 probatio
602 2789 705 2844 erit
727 2788 786 2842 in
813 2788 916 2843 illis
936 2829 950 2854 ,
979 2794 1035 2842 et
1072 2801 1176 2842 non
1213 2787 1631 2843 demorabuntur
1657 2789 1920 2860 projicere

331 2883 496 2938 illam.
523 2879 591 2936 Et
618 2890 733 2953 post
762 2880 889 2936 duos
915 2897 1082 2936 versus
1111 2895 1131 2935 :
1154 2880 1358 2948 Quibus
1383 2890 1562 2938 autem
1596 2883 1771 2953 agnita
1797 2894 1915 2950 est,

334 2972 657 3046 permanet‘
684 2987 853 3044 usque
881 2973 946 3028 ad
983 2983 1327 3044 conspectum
1367 2974 1483 3030 Dei.
1521 2975 1694 3042 Audi,
1727 2977 1799 3031 lili
1821 3020 1835 3045 ,
1865 2986 1918 3032 et

328 3070 510 3140 accipe
534 3068 814 3124 consilium
851 3067 1150 3123 intellectus
1175 3109 1190 3133 ,
1217 3076 1273 3122 et
1299 3083 1364 3122 ne
1386 3068 1607 3139 abjicias
1635 3072 1913 3126 consilium

329 3179 529 3221 meum.
577 3163 738 3234 lnjice
766 3162 958 3235 pedem
1005 3171 1151 3217 tuum
1183 3163 1236 3217 in
1262 3163 1548 3234 compedes
1577 3165 1714 3219 illius
1737 3207 1752 3232 ,
1781 3175 1834 3219 et
1863 3167 1914 3220 in

328 3268 572 3329 torquem
601 3258 720 3328 ejus
752 3257 948 3313 collum
976 3265 1145 3312 tuum.
1172 3254 1387 3327 Subjice
1418 3257 1699 3314 humerum
1730 3271 1910 3324 tuum,

326 3359 382 3406 ct
409 3359 558 3422 porta
585 3350 729 3407 illam
749 3391 764 3417 ,
801 3359 856 3406 et
892 3364 961 3405 ne
989 3349 1246 3406 acedicris
1273 3349 1496 3404 vinculis
1521 3351 1656 3420 ejus.
1686 3349 1741 3405 lu
1769 3353 1915 3407 omni

325 3444 504 3498 animo
533 3452 622 3498 tuo
659 3442 855 3499 accede
891 3444 959 3498 ad
1000 3443 1146 3498 illam
1170 3484 1186 3510 ,
1230 3451 1285 3498 et
1324 3442 1381 3497 in
1427 3443 1572 3497 omni
1606 3444 1798 3498 virtute
1827 3455 1913 3500 tua

325 3553 478 3592 serva
504 3535 616 3591 vias
639 3536 775 3605 ejus.
800 3535 1059 3606 lnvestiga
1088 3535 1325 3603 illam,et
1346 3535 1772 3592 manifestabitur
1793 3538 1910 3606 tibi;

324 3639 380 3684 et
402 3631 680 3686 continens
705 3628 877 3686 factus
919 3645 986 3684 ne
1029 3629 1380 3700 dereliqueris
1406 3645 1522 3684 eam
1558 3648 1571 3684 :
1606 3632 1659 3685 in
1690 3632 1915 3688 novissi-

323 3722 428 3776 mis
457 3719 597 3776 enim
628 3720 866 3776 invenies
903 3721 1142 3791 requiem
1172 3721 1224 3774 in
1251 3735 1313 3775 ea
1335 3762 1348 3786 ,
1377 3728 1432 3775 et
1457 3731 1796 3777 convertatur
1817 3724 1912 3779 tibi

325 3815 380 3868 in
405 3813 834 3880 oblectationem;
859 3821 915 3868 et
937 3821 1095 3868 erunt
1118 3812 1213 3868 tibi
1239 3811 1527 3884 compedes
1546 3813 1599 3869 in
1626 3815 1916 3885 protectio-

323 3921 447 3961 nem
479 3905 798 3961 fortitudinis
822 3915 876 3962 et
911 3906 1068 3962 bases
1094 3905 1305 3961 virtutis
1323 3946 1338 3972 ,
1366 3916 1422 3962 et
1451 3915 1665 3978 torques
1690 3908 1831 3964 illius
1856 3908 1911 3965 in

321 3999 516 4054 stolam
541 3998 747 4070 gloriai.
777 3997 841 4052 Et
877 4008 990 4070 post
1014 4007 1234 4070 quatuor
1257 4017 1428 4056 versus
1454 4017 1474 4056 :
1501 4001 1632 4069 Fili,
1662 4004 1707 4058 si
1732 4012 1912 4060 atten-

320 4094 466 4150 deris
495 4093 624 4148 mihi
643 4137 660 4161 ,
687 4093 862 4150 disces
893 4094 949 4160 ';
979 4104 1034 4149 et
1073 4094 1119 4150 si
1148 4095 1634 4152 accommodaveris
1676 4099 1909 4158 animam

322 4197 466 4243 tuam
487 4229 502 4253 ,
547 4187 758 4256 sapiens
795 4187 922 4242 eris.
950 4187 1019 4242 Et
1045 4187 1090 4242 si
1114 4186 1459 4244 inclinaveris
1491 4205 1677 4247 aurem
1721 4202 1864 4250 tuam
1889 4237 1906 4264 ,

319 4281 556 4354 excipies
585 4281 920 4348 doctrinam;
952 4291 1008 4338 et
1045 4281 1088 4335 si
1129 4280 1380 4337 dilexeris
1421 4282 1648 4352 audire,
1695 4286 1907 4358 sapiens

319 4375 447 4430 eris.
479 4374 534 4429 lu
565 4373 899 4429 multitudine
929 4374 1360 4446 presbyterorum
1406 4377 1746 4446 prudentium
1783 4389 1864 4437 sta
1888 4425 1903 4451 ,

318 4480 375 4526 et
401 4469 676 4540 sapientiae
704 4468 932 4529 illorum
949 4483 1016 4524 ex
1037 4467 1202 4524 corde
1222 4467 1548 4540 conjungere
1564 4513 1579 4539 ,
1609 4479 1667 4527 ut
1691 4487 1905 4528 onmem

319 4565 678 4621 narrationem
707 4563 799 4618 Dei
821 4563 998 4634 possis
1021 4563 1226 4630 audire,
1251 4571 1306 4618 et
1334 4564 1612 4632 proverbia
1642 4565 1814 4621 laudis
1839 4582 1907 4622 ne

209 4696 220 4706 .
318 4657 571 4728 effugiant
593 4665 663 4712 te.
695 4655 764 4710 Et
787 4654 834 4710 si
855 4653 1051 4711 videris
1074 4665 1342 4711 sensatum
1363 4694 1378 4720 ,
1405 4655 1593 4725 evigila
1619 4655 1684 4709 ad
1715 4656 1861 4710 illum
1887 4701 1901 4726 ,

315 4759 371 4806 et
406 4749 602 4822 gradus
630 4748 889 4804 ostiorum
918 4748 1058 4803 illius
1083 4755 1287 4802 exterat
1310 4762 1403 4816 pes
1433 4756 1574 4802 tuus.
1605 4746 1904 4818 Cogitatum

316 4842 455 4899 habe
496 4842 548 4897 in
575 4841 857 4912 praeceptis
876 4840 1006 4907 Dei,
1043 4848 1100 4894 et
1136 4839 1187 4893 in
1214 4838 1477 4894 mandatis
1505 4839 1647 4895 illius
1675 4841 1906 4898 maxime

314 4937 564 4994 assiduus
581 4945 726 5002 esto;
755 4945 808 4990 et
833 4936 946 5004 ipse
974 4932 1120 4988 dabit
1141 4947 1234 4988 cor
1261 4931 1374 5000 tibi,
1401 4939 1456 4988 et
1475 4933 1905 5006 concupiscentia

314 5031 590 5102 sapientia:
619 5028 830 5084 dabitur
859 5026 971 5081 tibi.

388 5120 533 5199 [vu.]
576 5120 695 5177 Noli
734 5121 908 5176 facere
947 5118 1118 5186 mala,
1148 5125 1203 5173 et
1239 5131 1344 5173 non
1384 5125 1436 5173 te
1477 5119 1901 5190 apprehendent.

315 5217 546 5276 Discede
581 5217 651 5273 ab
688 5214 870 5287 iniquo
890 5255 904 5280 ,
933 5223 986 5269 et
1010 5213 1264 5269 deﬁcient
1290 5211 1430 5267 mala
1451 5212 1546 5268 abs
1572 5221 1643 5269 te.
1673 5214 1792 5272 Non
1819 5233 1906 5274 se-

316 5313 490 5370 tnines
532 5309 674 5365 mala
718 5308 771 5363 in
810 5306 971 5362 sulcis
999 5305 1300 5376 injustitiae,
1331 5314 1385 5361 et
1420 5321 1527 5361 non
1567 5317 1737 5363 metes
1759 5325 1821 5364 ea
1848 5310 1903 5366 in

319 5403 642 5475 septuplum.
673 5399 793 5456 Noli
836 5414 1076 5470 quaarcre
1099 5399 1167 5454 ab
1206 5398 1422 5454 homine
1443 5397 1464 5429 ⁶
1504 5398 1776 5472 ducatum,
1805 5418 1902 5460 ne-

398 5519 414 5592 ξ
446 5518 577 5592 Xox,
602 5520 915 5592 temetipsum,
944 5520 1082 5592 abest
1105 5530 1133 5566 ι
1153 5521 1303 5570 sacris
1320 5519 1510 5569 Bibliis.

393 5582 412 5644 ξ
446 5580 672 5644 Vulgata,
691 5580 776 5644 qui
795 5581 1101 5632 convertitur.

391 5642 414 5704 ἒ
448 5642 579 5701 Mss.,
603 5642 867 5704 permanet.

391 5703 411 5780 ξ
445 5703 910 5780 βᾱὶιὶδζρενηρᾳηινηι.
928 5706 1005 5755 At.
1176 5706 1307 5780 juxta
1330 5706 1612 5780 Vulgatam,
1634 5715 1902 5780 permanet.

388 5768 408 5798 ε
445 5745 688 5836 ἧῖἓξὴιῖἕξ
704 5745 890 5836 His};
899 5745 1585 5836 ὲὲῥᾷτᾌῖιῖὲὲᾗ’ἑᾶηἰ,“ἐι⁸ἱιῖἑῗ
1595 5745 1903 5836 Βίῖῶξῆἥᾷ

322 5841 514 5880 necnon
542 5844 566 5878 a
589 5833 935 5881 sincerioribus
957 5831 1045 5880 Bib
1067 5831 1143 5881 iis.

391 5891 412 5922 ⁶
444 5892 525 5943 Sic
549 5893 694 5945 etiam
717 5894 764 5943 in
789 5895 996 5956 antiquis
1027 5893 1165 5945 Corb.
1202 5893 1387 5946 Bibliis.
1425 5894 1563 5947 Nunc
1594 5898 1757 5947 autem
1779 5894 1898 5947 Vul-

1585 371 1674 428 DE
1701 364 2081 429 SCRIPTURA
2113 373 2238 434 SAC
2247 378 2356 436 BA.

3527 402 3629 460 954

2048 504 2152 587 que
2175 507 2205 548 a
2235 509 2363 566 rege
2385 497 2692 558 cathedram
2723 503 2964 566 honoris.
2992 508 3108 568 Non
3142 519 3196 571 te
3214 514 3475 587 iustiﬁces
3503 534 3630 582 ante

2048 581 2250 653 Deum;
2277 591 2528 659 quoniam
2575 596 2786 665 agnitor
2820 601 2997 658 cordis
3049 606 3163 676 ipse
3209 581 3292 666 est
3321 628 3336 666 :
3364 621 3420 670 et
3466 630 3630 685 penes

2044 690 2223 745 regem
2246 681 2352 735 noli
2376 685 2512 740 velle
2536 687 2703 743 videri
2725 692 2958 761 sapiens.
2991 695 3108 753 Noli
3135 713 3377 774 quarere
3405 681 3517 763 ﬁeri
3537 708 3628 779 ju-

2033 770 2145 827 ‘dex
2163 813 2180 841 ,
2209 776 2310 830 nisi
2347 778 2392 832 si
2424 781 2568 837 vales
2597 785 2790 842 virtute
2818 789 3116 863 irrumpere
3140 770 3447 870 iniquitates
3471 804 3488 836 ¹
3509 770 3626 869 ςνηθ

2042 866 2179 924 forte
2206 875 2552 933 extremiscas
2591 879 2780 938 faciem
2819 889 3077 958 potentis,
3104 901 3159 948 et
3203 912 3369 966 ponas
3393 901 3620 958 scanda-

2041 958 2149 1014 lum
2178 961 2232 1016 in
2255 965 2488 1035 agilitate
2515 978 2602 1026 tua
2623 973 2664 1028 ².
2692 974 2807 1030 Non
2836 993 3023 1047 pecces
3044 981 3097 1037 in
3127 958 3517 1047 multitudinem
3537 994 3620 1049 ci-

2038 1053 2252 1124 vitatis,
2282 1075 2380 1116 uec
2423 1071 2472 1116 te
2501 1065 2754 1124 immittas
2801 1071 2855 1126 in
2889 1077 3135 1146 populum
3167 1098 3180 1134 :
3215 1099 3387 1156 neque
3431 1088 3618 1159 alliges

2039 1147 2267 1219 duplicia
2301 1165 2550 1224 peccata;
2583 1177 2684 1218 nec
2706 1165 2848 1220 enim
2869 1166 2920 1221 in
2950 1185 3056 1224 uno
3075 1174 3181 1230 eris
3207 1174 3478 1234 immunis.
3501 1181 3619 1238 Noli

2037 1257 2157 1298 esse
2205 1247 2555 1315 pusillanimis
2597 1254 2650 1309 in
2695 1257 2871 1314 anima
2902 1269 3008 1316 tua.
3043 1263 3313 1336 Exorare,
3346 1279 3401 1325 et
3444 1272 3622 1331 facere

2037 1335 2428 1412 elecmosynam
2453 1361 2560 1401 non
2585 1347 2867 1419 despicias.
2898 1353 2974 1410 Ne
2996 1356 3171 1423 dicas,
3203 1359 3259 1415 lu
3283 1335 3618 1424 multitudine

2035 1444 2317 1487 munerum
2364 1452 2604 1493 meorum
2642 1443 2892 1512 respiciet
2941 1447 3228 1519 Dominus,
3258 1461 3312 1508 et
3355 1454 3612 1515 offerente

2033 1535 2121 1575 me
2149 1522 2260 1579 Deo
2297 1525 2590 1593 altissimo,
2619 1534 2872 1604 suscipiet
2899 1553 3121 1595 munera
3160 1558 3298 1598 mea.
3343 1544 3458 1601 Non
3499 1549 3621 1606 irri-

2033 1610 2162 1666 deas
2192 1614 2458 1674 hominem
2502 1621 2552 1676 in
2593 1625 2946 1684 amaritudine
2971 1632 3163 1688 anima:
3193 1651 3206 1688 :
3235 1643 3318 1691 est
3357 1641 3499 1694 enim
3525 1642 3618 1712 qui

2033 1705 2276 1764 humiliat
2303 1720 2356 1766 et
2383 1715 2580 1770 exaltat
2606 1718 2743 1774 Deus
2773 1720 2814 1774 ³.
2842 1721 2957 1778 Noli
2987 1741 3143 1783 arare
3162 1730 3498 1789 mendacium
3523 1705 3618 1790 ad-

2029 1812 2218 1854 versus
2257 1800 2473 1859 fratrem
2501 1817 2646 1862 tuum
2667 1851 2681 1875 ,
2717 1827 2886 1884 neque
2928 1815 2982 1869 in
3009 1817 3238 1874 amicum
3263 1822 3507 1880 similiter
3535 1825 3615 1881 fa-

2029 1891 2161 1946 cias.
2194 1894 2310 1950 Noli
2342 1899 2477 1954 velle
2511 1905 2723 1958 mentiri
2751 1921 2908 1963 omne
2935 1912 3268 1971 mendacium
3294 1934 3308 1969 :
3332 1919 3616 1978 assiduitas

2029 1987 2171 2040 enim
2197 1987 2340 2044 illius
2361 2007 2467 2046 non
2495 2003 2576 2048 est
2599 1995 2733 2051 bona
2755 1997 2796 2052 ⁸.
2821 1999 2940 2055 Noli
2968 2005 3225 2063 verbosus
3248 2023 3367 2065 esse
3393 2011 3446 2066 in
3474 2014 3615 2069 mul-

2031 2078 2252 2136 titudine
2271 2084 2725 2155 presbyterorum.
2763 2091 2831 2146 Et
2852 2104 2963 2163 post
2982 2096 3245 2154 duodecim
3265 2117 3432 2158 uersus
3455 2121 3474 2158 :
3496 2105 3612 2163 Non

2029 2172 2193 2228 laedas
2240 2193 2452 2233 servum
2484 2193 2796 2252 operantem
2824 2188 2876 2242 in
2909 2191 3164 2258 veritate,
3200 2211 3372 2267 neque
3401 2214 3612 2257 merce-

2029 2267 2240 2322 narium
2284 2268 2498 2326 dantem
2541 2275 2770 2332 animam
2821 2295 2992 2336 suam.
3025 2281 3222 2341 Servus
3259 2301 3502 2346 sensatus
3545 2293 3617 2349 sit

2029 2357 2364 2416 tibidilectus
2389 2366 2540 2433 quasi
2569 2368 2744 2424 anima
2776 2379 2860 2425 tua
2884 2389 2896 2425 :
2921 2389 3026 2428 non
3054 2375 3340 2435 defraudes
3369 2381 3515 2437 illum
3546 2383 3614 2438 li-

2027 2450 2232 2507 bertate
2255 2495 2270 2520 ,
2303 2471 2476 2527 neque
2517 2459 2728 2531 inOpem
2757 2464 3027 2537 relinquas
3057 2469 3222 2524 illum.
3251 2471 3320 2526 Et
3351 2485 3461 2545 post
3486 2475 3614 2534 duo:

2025 2561 2198 2603 versus
2229 2565 2248 2603 :
2279 2550 2400 2606 Filii
2446 2552 2540 2608 tibi
2585 2558 2747 2610 sunt?
2767 2560 2918 2615 crudi
2969 2562 3086 2618 illos
3106 2606 3119 2629 ,
3152 2573 3205 2620 et
3247 2581 3406 2623 curva
3436 2570 3556 2627 illos
3581 2587 3612 2628 a

2025 2640 2250 2708 pueritia
2272 2641 2505 2699 illorum.
2541 2646 2741 2704 Pecora
2774 2651 2865 2706 tibi
2893 2655 3056 2710 sunt?
3081 2658 3295 2713 attende
3322 2660 3428 2717 illis
3449 2663 3490 2716 ⁸.
3523 2663 3610 2719 Fi-

2026 2731 2110 2786 liae
2142 2733 2233 2788 tibi
2263 2737 2419 2791 sunt?
2445 2752 2596 2793 serva
2625 2755 2819 2812 corpus
2858 2745 3068 2802 illarum
3089 2790 3102 2813 ,
3136 2761 3189 2804 et
3218 2767 3322 2807 non
3350 2755 3604 2814 ostendas

2026 2823 2248 2882 hilarem
2277 2827 2463 2884 faciem
2492 2840 2632 2886 tuam
2661 2834 2726 2888 ad
2756 2835 2890 2892 illas.
2916 2837 3088 2895 Trade
3109 2840 3302 2912 ﬁliam,
3329 2853 3384 2900 et
3408 2847 3607 2917 grande

2023 2931 2157 2987 Opus
2199 2917 2424 2988 feceris;
2454 2931 2508 2978 et
2544 2924 2745 2981 homini
2787 2940 3007 2985 sensato
3042 2931 3109 2987 da
3159 2934 3320 2990 illam.
3350 2937 3536 2995 Mulier
3561 2941 3607 2996 si

2022 3019 2107 3064 est
2134 3009 2224 3067 tibi
2252 3013 2546 3070 secundum
2575 3019 2807 3074 animam
2832 3030 2997 3090 tuam,
3020 3041 3125 3080 non
3155 3028 3401 3098 projicias
3428 3031 3566 3087 illam
3590 3049 3605 3099 ;

2022 3113 2078 3160 et
2102 3105 2281 3161 odibili
2309 3122 2416 3162 non
2445 3110 2634 3164 credas
2658 3119 2710 3167 te
2737 3113 2787 3167 in
2816 3122 2930 3169 toto
2958 3117 3140 3173 corde.
3166 3119 3377 3176 Honora
3407 3131 3608 3193 patrem

2023 3209 2207 3266 tuum,
2241 3211 2295 3256 et
2323 3203 2553 3272 gemitus
2597 3205 2782 3262 matris
2828 3217 2934 3262 tua:
2983 3225 3051 3266 ne
3093 3212 3446 3269 obliviscaris.
3497 3216 3607 3272 Mc-

2021 3302 2204 3348 mento
2227 3296 2369 3350 enim
2393 3299 2643 3366 quoniam
2667 3300 2764 3354 nisi
2787 3315 2884 3371 per
2909 3302 3026 3357 illos
3049 3315 3204 3361 natus
3226 3321 3330 3363 non
3349 3306 3542 3363 fuisses
3561 3309 3603 3371 ⁶;

2019 3395 2074 3440 et
2103 3387 2337 3443 retribue
2361 3388 2498 3451 illis,
2527 3393 2795 3462 quomodo
2838 3401 2893 3449 et
2935 3386 3018 3454 illi
3045 3395 3157 3450 tibi.
3191 3397 3246 3452 In
3291 3407 3397 3454 tota
3425 3400 3602 3458 anima

2020 3485 2106 3531 tua
2133 3479 2258 3536 time
2286 3481 2472 3549 Deum,
2488 3491 2544 3537 et
2566 3486 2873 3542 sacerdotes
2899 3488 3039 3544 illius
3061 3491 3357 3547 sanctiﬁca.
3383 3492 3438 3547 ln
3462 3495 3608 3550 omni

2018 3571 2212 3626 virtute
2239 3571 2402 3646 dilige
2441 3575 2610 3631 Deum
2640 3578 2681 3644 "',
2709 3579 2800 3649 qui
2832 3589 2882 3635 te
2908 3579 3064 3649 fecit;
3098 3591 3151 3637 ct
3190 3585 3465 3642 ministros
3489 3586 3607 3657 ejus

2018 3680 2126 3720 non
2154 3665 2511 3738 derelinquas.
2563 3669 2776 3726 Honora
2826 3673 2992 3730 Deum
3032 3691 3096 3731 ex
3135 3685 3242 3733 tota
3273 3679 3449 3735 anima
3481 3690 3604 3751 tua;

2018 3765 2073 3813 et
2099 3758 2384 3814 honorifica
2413 3762 2740 3818 sacerdotes.
2775 3763 2838 3818 Et
2867 3775 2980 3836 post
3019 3784 3110 3823 sea:
3147 3785 3354 3825 versus:
3375 3770 3443 3827 Et
3472 3788 3606 3844 pau-

2017 3850 2135 3920 peri
2164 3852 2372 3922 porrige
2392 3869 2606 3909 manum
2636 3865 2778 3910 tuam
2797 3898 2810 3923 ,
2843 3868 2901 3912 ut
2929 3860 3233 3929 perﬁciatur
3256 3863 3557 3921 benedictio
3579 3869 3602 3902 ⁸

2017 3949 2128 3996 tua.
2152 3941 2330 3999 Gratia
2362 3943 2517 4000 datus
2538 3948 2559 3981 ο
2588 3947 2642 4001 ἱη
2681 3959 2968 4021 conspectu
2998 3952 3174 4008 omnis
3199 3955 3427 4012 viventis
3449 3999 3464 4024 ,
3497 3967 3551 4014 et
3574 3975 3607 4016 a

2015 4045 2228 4091 mortuo
2255 4053 2358 4093 non
2389 4039 2672 4110 prohibeas
2692 4045 2937 4113 gratiam.
2965 4044 3078 4101 Non
3101 4047 3246 4104 desis
3267 4049 3601 4120 plorantibus

2015 4126 2071 4184 in
2097 4131 2459 4187 consolatione
2483 4132 2547 4200 ιθ,
2571 4143 2626 4189 et
2653 4150 2773 4190 cum
2797 4136 3097 4209 lugentibus
3137 4142 3369 4197 ambula.
3401 4144 3517 4200 Non
3549 4155 3600 4202 te

2013 4220 2192 4292 pigeat
2218 4223 2430 4278 visitare
2461 4224 2729 4282 inﬁrmum
2759 4245 2772 4282 :
2801 4244 2865 4284 ex
2906 4228 2991 4286 bis
3029 4233 3171 4286 enim
3219 4233 3270 4287 in
3315 4234 3600 4293 dilectione

2014 4313 2332 4371 ﬁrmaberis.
2357 4316 2414 4372 ln
2440 4319 2685 4376 omnibus
2705 4321 2956 4392 operibus
2978 4322 3079 4378 tuis
3096 4339 3391 4383 memorare
3413 4328 3599 4384 novis--

2011 4525 2126 4590 gata
2147 4518 2200 4567 in
2223 4520 2419 4570 excusis
2451 4519 2637 4582 habet,
2661 4532 2692 4570 α
2721 4518 2954 4584 Domino;
2985 4522 3126 4586 juxta
3146 4530 3314 4574 Graec"
3352 4538 3474 4591 para
3507 4537 3601 4580 Ku-

2010 4593 2170 4693 noiuin
2191 4644 2324 4706 prius
2347 4644 2506 4703 editis,
2528 4641 2753 4696 virtutem
2772 4643 3044 4710 irrumpere
3063 4645 3344 4712 iniquitatis.
3367 4653 3600 4707 Emenda-

2011 4705 2167 4755 vimus
2189 4705 2246 4754 ad
2269 4713 2375 4755 Mss.
2400 4707 2482 4755 aui
2515 4719 2624 4755 cum
2658 4706 2858 4755 Vulgata
2881 4710 3184 4755 concordant.

2010 4828 2205 4904 BiillliSJ:
2231 4831 2322 4904 sed
2345 4828 2664 4903 substitutum
2687 4839 2764 4882 est
2779 4867 2794 4893 ,
2816 4828 2880 4884 ἰή
2898 4834 3120 4899 a’qut'tate
3150 4840 3268 4901 tua;
3286 4828 3426 4902 juxta
3448 4828 3594 4904 gi»an

2010 4906 2068 4943 en
2092 4891 2356 4943 cut/tutétlti
2370 4906 2473 4942 sou.
2665 4952 2678 4964 ι
2780 4891 2787 4893 ‘
2955 4891 2966 4899 ’
3249 4891 3264 4901 -
3286 4891 3306 4902 -
3448 4891 3478 4904 υ
3560 4891 3568 4893 -

2073 4953 2405 5039 ῘΣΨὲἓὲλεέτ
2426 4953 3195 5039 essetetiamsi/149.53%.
3229 5035 3240 5039 -
3291 5025 3326 5039 .,
3523 5027 3568 5039 _.

2073 5016 2096 5089 ε
2119 4991 2402 5100 agilis-"ii;
3221 5035 3241 5074 :
3253 5025 3334 5100 sic
3356 5027 3501 5076 etiam
3521 5027 3595 5100 sg-

2011 5079 2109 5153 blia
2128 5079 2265 5130 Corb.
2290 5087 2432 5130 Porro
2456 5081 2504 5130 in
2526 5093 2686 5145 graeco
2709 5079 2916 5147 legitur,
2940 5082 3032 5135 ouk
3053 5079 3122 5138 eis
3155 5087 3358 5153 agat/wn
3374 5126 3388 5150 ,
3415 5100 3510 5140 non
3544 5088 3594 5140 in

2013 5143 2646 5284 fogli’gamwgmduﬁ
2669 5204 2806 5284 1091.15
2826 5208 2883 5284 ξφ
2905 5208 3170 5284 vegetam:
3194 5211 3244 5284 in
3266 5224 3360 5284 sua
3383 5213 3558 5284 versis!
3577 5239 3596 5250 -

2010 5266 2086 5320 lus
2106 5267 2169 5318 24
2193 5276 2308 5352 est,‘
2324 5266 2500 5352 recello
2630 5267 2778 5318 sunt?
2799 5266 3589 5352 qttendelllisJ‘etlsizsunt‘utitia,

2008 5336 2308 5397 persevermt
2319 5330 2450 5394 apud
2460 5337 2522 5381 te.
2537 5338 2654 5379 Tum
2675 5333 2897 5394 sequitur
2917 5348 2964 5384 v.
2979 5333 3057 5396 25,
3083 5330 3197 5387 Filii
3219 5335 3305 5410 tibi
3325 5343 3434 5411 sunt
3455 5330 3591 5412 Ifeth

2074 5395 2095 5427 ⁸
2120 5403 2216 5446 vox
2239 5399 2410 5458 nutus,
2434 5394 2577 5444 abest
2597 5405 2627 5443 a
2648 5399 2754 5444 Mss.
2787 5395 2975 5458 Speculi
2991 5432 3007 5458 ,
3033 5405 3085 5449 et
3117 5399 3180 5448 ab
3201 5407 3413 5458 antiquis
3435 5399 3594 5453 Bibhls

2128 5427 2216 5446 ινδ
2239 5427 2379 5444 imum
2394 5427 2410 5454 ,
2434 5427 2577 5444 ωυν-ιυ
2597 5427 2627 5443 ει
2648 5427 2754 5444 ωωι
2787 5427 2975 5458 υγυνυιι
2991 5432 3007 5460 ,
3033 5427 3085 5449 σι
3117 5427 3180 5448 «ιν
3201 5427 3335 5465 auus;

2008 5456 2411 5532 902116‘3051129-3':
2771 5531 2788 5532 η
2831 5517 2844 5530 .
2869 5526 2881 5532 _
2931 5521 2953 5532 -
3005 5520 3034 5532 ._

2071 5515 3108 5599 3rem.Bib'ezﬂflisaeznmteteeﬂa.
3463 5587 3494 5599 ..

2069 5583 2092 5616 ⁸
2115 5580 2340 5654 Vulgata,
2375 5578 2652 5646 propittiztio
2670 5585 2717 5632 et
2746 5578 3022 5635 benedictio.
3047 5584 3195 5637 Abest
3211 5620 3227 5649 ,
3249 5586 3536 5654 propitiatio,
3562 5601 3592 5640 ι

2006 5651 2348 5790 “ﬁliifilii?
2363 5701 2928 5790 ιέαιιξεοεξυερρρξεε
2944 5713 3208 5790 escenso
3223 5752 3248 5790 ι
3265 5721 3591 5790 preme!

2005 5769 2348 5844 pmpqsitione
2370 5780 2401 5818 a
2414 5802 2432 5830 ,
2454 5780 2566 5818 cum
2586 5769 2684 5834 qua
2703 5769 2799 5823 his'
2813 5769 2931 5823 locis
2959 5775 3187 5828 convenit
3222 5769 3398 5844 itégius
3431 5775 3588 5829 codex

2349 5900 2455 5946 uss.
2479 5892 2814 5964 hujusoperis,
2827 5895 2881 5951 in
2900 5899 3159 5966 rogatione.
