4110 6438
291 397 396 456 957

291 527 509 592 quatuor
534 528 706 570 uersus
733 528 754 568 :
781 509 897 568 Non
917 507 1107 566 credas
1127 510 1342 567 inimico
1371 519 1462 567 tuo
1488 509 1543 566 in
1571 517 1868 566 aeternum:

292 611 430 667 sicut
455 607 596 663 enim
623 612 993 667 :eramentum,
1013 603 1268 673 mruginat
1294 603 1522 674 nequitia
1553 603 1712 657 illius.
1743 603 1806 657 Et
1828 603 1871 657 si

293 700 605 758 humiliatus
643 696 802 751 vadat
842 709 1069 761 curvus,
1101 694 1268 765 adjice
1309 695 1544 750 animum
1575 707 1722 750 tuum
1752 696 1792 762 ³,
1821 705 1875 750 et

292 794 499 852 custodi
530 804 580 848 te
620 790 822 847 abillo.
870 787 986 844 Non
1032 797 1231 844 statuas
1262 788 1410 843 illum
1453 804 1613 858 penes
1659 798 1742 855 te,
1776 803 1875 844 nec

293 889 478 945 sedeat
509 886 575 941 ad
603 885 876 941 dexteram
909 892 1085 948 tuam;
1118 898 1184 937 ne
1211 898 1497 939 conversus
1524 891 1629 938 stet
1672 883 1724 937 in
1755 882 1873 937 loco

295 994 386 1037 tuo
413 983 434 1014 '
463 1000 476 1035 :
503 997 568 1035 ne
611 980 744 1033 forte
784 992 1077 1032 conversus
1117 976 1168 1032 in
1215 976 1388 1032 locum
1438 986 1614 1040 tuum,
1648 976 1877 1047 inquirat

291 1072 601 1130 cathedram
632 1080 792 1135 tuam,
812 1069 938 1123 etin
966 1069 1254 1122 novissimo
1275 1082 1529 1138 agnoscas
1552 1067 1712 1123 verba
1736 1083 1873 1134 mea,

293 1165 431 1220 etin
472 1161 808 1218 sermonibus
836 1161 971 1215 meis
1014 1159 1320 1214 stimuleris.
1368 1159 1496 1228 Quis
1541 1159 1880 1214 miscribetur

295 1255 612 1311 incantatori
643 1270 670 1307 a
698 1262 947 1322 serpente
988 1267 1240 1322 percusso
1261 1293 1276 1316 ,
1307 1263 1359 1306 et
1385 1251 1632 1305 onmibus
1661 1251 1748 1321 qui
1779 1266 1878 1321 ap-

295 1347 544 1421 propiant
584 1345 801 1400 bestiis?
827 1345 915 1399 Sic
940 1352 992 1400 et
1023 1343 1115 1414 qui
1145 1344 1428 1398 comitatur
1454 1359 1573 1397 cum
1616 1343 1728 1397 viro
1771 1343 1877 1397 ini-

295 1455 440 1512 quo,
469 1447 524 1495 et
565 1437 848 1492 obvolutus
893 1445 977 1490 est
1025 1437 1076 1490 in
1129 1436 1359 1505 peccatis
1414 1434 1528 1506 ejus
1559 1453 1570 1488 :
1597 1449 1696 1488 una
1749 1433 1880 1488 hora

295 1543 470 1589 tecum
512 1530 880 1602 permanebit;
908 1529 949 1582 si
994 1538 1168 1583 autem
1204 1528 1551 1584 declinaveris
1572 1570 1586 1591 ,
1619 1542 1721 1582 non
1753 1543 1878 1596 sup-

297 1626 550 1698 portabit.
579 1623 634 1678 in
665 1623 817 1678 labiis
837 1623 947 1676 suis
975 1622 1207 1676 indulcat
1233 1622 1512 1684 inimicus,
1546 1633 1598 1676 et
1628 1620 1679 1675 in
1720 1620 1881 1675 corde

296 1736 396 1775 suo
441 1718 740 1786 insidiatur,
771 1725 829 1772 ut
868 1717 1145 1772 subvertat
1186 1724 1238 1772 te
1279 1717 1330 1770 in
1363 1719 1592 1771 foveam.
1621 1716 1676 1770 lu
1715 1717 1882 1771 oculis

295 1814 406 1866 suis
435 1813 758 1882 laerymatur
788 1809 1064 1872 inimicus;
1094 1810 1207 1864 etsi
1235 1810 1494 1863 invenerit.
1517 1817 1747 1878 tempus,
1775 1824 1880 1863 non

297 1903 575 1958 satiabitur
600 1902 876 1971 sanguine.
903 1900 958 1955 Si
992 1900 1309 1955 incurrerint
1335 1901 1470 1953 mala
1503 1898 1618 1966 tibi,
1641 1899 1880 1953 invenies

297 2011 420 2050 cum
452 1994 560 2049 illic
586 1998 840 2064 priorem.
866 1992 923 2047 ln
950 1994 1117 2047 oculis
1143 1994 1254 2047 suis
1275 1993 1592 2062 lacrymatur
1614 1991 1879 2058 inimicus,

297 2098 351 2142 et
375 2087 524 2158 quasi
555 2087 812 2155 adjuvans
838 2085 1085 2141 suli'odiet
1111 2084 1319 2156 plantas
1341 2093 1476 2138 tuas.
1521 2081 1692 2154 Caput
1725 2098 1880 2138 suum

297 2179 559 2244 movebit,
596 2187 650 2233 et
693 2178 962 2248 plaudehit
1009 2176 1030 2209 ³
1065 2192 1255 2242 manu;
1293 2186 1346 2231 et
1393 2177 1552 2230 nmlta
1601 2190 1882 2230 susurrans

296 2270 646 2325 commutabit
683 2269 887 2323 vultum
909 2284 1083 2323 suum.

371 2363 435 2417 Et
463 2373 573 2436 post
611 2363 872 2434 sexaginta
919 2373 964 2416 et
1002 2377 1156 2416 unum
1197 2377 1365 2416 versus
1392 2358 1553 2435 [mn]
1581 2379 1596 2416 :
1627 2361 1772 2416 Bona
1802 2370 1885 2416 est

296 2454 593 2509 substantia
613 2497 625 2518 ,
647 2456 731 2510 cui
763 2469 867 2510 non
897 2463 980 2510 est
1019 2464 1290 2524 peccatum
1324 2455 1375 2508 in
1421 2455 1745 2510 conscientia
1783 2473 1799 2511 :
1830 2462 1885 2510 et

298 2547 625 2616 nequissima
648 2555 929 2616 paupertas
959 2547 1009 2600 in
1039 2563 1132 2602 ore
1163 2547 1328 2617 impii.

372 2639 441 2693 Et
461 2649 572 2710 post
595 2651 692 2695 tres
706 2657 876 2695 versus
897 2637 1092 2713 [xm]:
1121 2641 1313 2695 Beatus
1336 2640 1415 2694 vir
1453 2640 1540 2710 qui
1568 2655 1672 2694 non
1702 2650 1783 2694 cst
1812 2641 1887 2693 la-

297 2749 427 2806 psus
450 2735 616 2790 verbo
642 2750 705 2789 ex
731 2750 825 2788 ore
847 2749 965 2801 suo,
996 2741 1051 2788 et
1081 2749 1183 2788 non
1212 2741 1294 2787 est
1317 2733 1619 2788 stimulatus
1645 2732 1696 2787 in
1732 2733 1887 2787 tristi-

297 2828 371 2882 tia
395 2826 593 2882 delicti.
624 2825 770 2881 Felix
799 2825 890 2896 qui
920 2841 1028 2879 non
1055 2825 1240 2880 habuit
1283 2825 1444 2879 animi
1480 2824 1560 2878 sui
1591 2824 1880 2889 tristitiam,

298 2930 354 2977 et
383 2936 487 2975 non
517 2920 712 2976 excidit
735 2919 803 2974 ab
845 2934 942 2989 spe
967 2935 1082 2974 sua.
1122 2919 1246 2972 Viro
1275 2917 1470 2990 cupido
1496 2926 1545 2972 et
1574 2919 1742 2973 tenaci
1769 2918 1886 2973 sine

298 3010 508 3065 ratione
533 3019 618 3065 est
643 3009 969 3076 substantia;
998 3017 1051 3063 et
1079 3009 1279 3062 homini
1325 3008 1490 3063 livido
1531 3008 1596 3063 ad
1626 3008 1751 3078 quid
1786 3024 1884 3062 au-

299 3103 459 3158 rum?
483 3101 552 3156 Et
575 3110 685 3170 post
711 3101 1083 3173 quatuordecim
1106 3115 1274 3154 versus
1300 3115 1318 3153 :
1345 3099 1441 3154 Fili
1467 3140 1482 3165 ,
1509 3100 1551 3153 si
1578 3099 1763 3165 habes,
1795 3101 1888 3156 be-

302 3193 458 3250 nefac
481 3203 676 3259 tecum,
701 3203 756 3249 et
777 3194 887 3248 Deo
912 3193 1097 3262 dignas
1124 3193 1474 3262 obiigationes
1501 3192 1654 3248 oli‘er.
1683 3194 1888 3249 Memor

301 3298 423 3345 esto
460 3289 707 3360 quoniam
735 3302 878 3341 mors
907 3303 1012 3340 non
1049 3285 1250 3350 tardat,
1279 3295 1332 3341 et
1355 3294 1726 3340 testamentum
1755 3287 1888 3342 infe-

300 3395 481 3437 rorum
508 3421 524 3446 ,
551 3379 673 3450 quia
717 3378 1136 3432 demonstratum
1185 3385 1264 3431 est
1314 3377 1404 3431 tibi
1451 3394 1464 3430 :
1513 3386 1885 3432 testamentum

301 3473 446 3528 enim
471 3470 627 3541 hujus
646 3470 825 3525 mundi
853 3480 1025 3522 morte
1059 3469 1332 3523 morietur.
1366 3470 1502 3523 Ante
1529 3477 1756 3523 mortem
1788 3469 1886 3524 be-

304 3562 459 3617 nel‘ac
482 3563 654 3615 ainico
681 3569 794 3626 tuo,
821 3569 876 3615 et
903 3559 1192 3614 secundum
1220 3560 1358 3613 vires
1385 3568 1502 3618 tuas
1535 3561 1886 3629 exporrigeus

302 3655 369 3710 da
391 3655 626 3726 pauperi.
655 3652 724 3708 Et
753 3662 862 3723 post
881 3652 1129 3710 sexdecim
1153 3668 1324 3706 versus
1353 3667 1373 3706 :
1403 3653 1595 3706 Beatus
1623 3652 1701 3705 vir
1722 3653 1809 3722 qui
1833 3653 1886 3706 in

304 3747 566 3818 sapientia
595 3745 910 3810 morabitur,
940 3753 996 3799 et
1031 3745 1120 3814 qui
1152 3745 1202 3798 in
1233 3745 1434 3814 justitia
1472 3759 1568 3798 sua
1605 3745 1886 3799 meditabi-

302 3849 392 3895 tur
407 3839 449 3907 ⁵,
473 3851 523 3894 et
547 3840 597 3893 iu
623 3853 783 3893 seu-su
807 3851 906 3892 suo
926 3837 1178 3908 cogitabit
1199 3837 1732 3908 circumspectionem
1756 3839 1883 3893 Dei:

303 3931 404 4000 Qui
432 3931 696 4001 excogitat
715 3929 827 3984 vias
855 3930 999 3985 illius
1027 3929 1078 3983 in
1104 3929 1267 3985 corde
1296 3944 1427 3996 suo,
1452 3938 1508 3986 et
1533 3931 1585 3984 in
1614 3930 1890 3987 abscondi-

305 4025 374 4078 tis
403 4024 543 4079 illius
561 4024 879 4093 intelligens.

379 4115 446 4170 Et
467 4124 575 4186 post
599 4115 772 4185 uiginti
799 4115 1018 4184 quinque
1039 4127 1213 4166 uersus
1241 4109 1385 4185 [xv.]
1415 4129 1429 4165 :
1463 4111 1719 4168 Homines
1742 4114 1886 4168 stulti

306 4225 414 4266 non
451 4207 853 4278 apprehendent
878 4207 1056 4272 illam;
1092 4215 1146 4262 et
1189 4205 1433 4260 homines
1467 4207 1664 4261 sensati
1699 4207 1887 4261 obvia-

305 4301 440 4356 bnnt
485 4301 577 4354 illi.
626 4299 878 4355 Homines
922 4299 1068 4352 stulti
1109 4313 1214 4354 non
1243 4298 1495 4353 videbunt
1525 4299 1699 4364 illam;
1729 4301 1887 4370 longe

305 4395 448 4450 enim
477 4394 631 4448 abest
671 4407 700 4450 a
740 4391 988 4460 superbia
1034 4400 1084 4444 et
1128 4389 1270 4445 dolo.
1313 4389 1423 4445 Viri
1468 4391 1752 4446 mendaces
1779 4407 1886 4446 non

305 4497 463 4544 erunt
491 4500 756 4542 memores
781 4484 958 4547 illius;
1002 4491 1056 4536 et
1085 4483 1183 4536 viri
1215 4497 1432 4538 veraces
1468 4482 1806 4538 invenientur
1832 4482 1886 4539 in

305 4581 416 4646 illa,
445 4587 502 4634 et
529 4591 834 4632 successum
867 4574 1137 4629 habebunt
1178 4589 1346 4643 usque
1389 4573 1456 4626 ad
1504 4573 1886 4643 inspectionem

309 4671 424 4725 Dei.
465 4668 581 4724 Non
613 4675 695 4722 est
721 4665 965 4738 speciosa
992 4667 1107 4720 laus
1153 4665 1205 4719 in
1253 4679 1347 4718 ore
1387 4663 1712 4731 peccatoris;
1753 4680 1891 4733 quo-

307 4767 450 4820 niam
489 4780 517 4817 a
551 4765 658 4818 Deo
699 4762 933 4833 profecta
979 4770 1061 4814 est
1089 4759 1367 4828 sapientia.
1415 4757 1700 4828 Sapientia:
1746 4757 1888 4812 enim

310 4859 404 4913 Dei
433 4857 625 4916 astabit
650 4857 797 4920 laus;
831 4866 883 4910 et
912 4856 963 4908 in
998 4868 1090 4908 ore
1120 4852 1259 4907 lideli
1301 4852 1610 4914 abundabit.
1639 4863 1693 4908 et
1717 4852 1890 4906 domi-

308 4960 466 5006 nator
505 4964 626 5004 eam
666 4949 738 5004 illi
766 4947 932 5002 dabit.
964 4945 1079 5000 Non
1105 4945 1303 4998 dixeris
1325 4986 1341 5010 ,
1372 4945 1471 4998 Per
1501 4944 1663 4998 Deum
1690 4944 1838 4998 abest
1867 4960 1883 5013 ;

306 5032 599 5114 quarenim
625 5040 740 5095 odit
779 5055 846 5094 ne
876 5039 1084 5093 feceris.
1114 5037 1227 5092 Non
1255 5037 1420 5102 dicas,
1451 5036 1543 5090 Ille
1583 5052 1668 5091 me
1694 5037 1889 5106 impla-

372 5175 389 5236 ξ
415 5175 489 5225 sic
526 5173 709 5236 Regius
742 5171 895 5222 codex
929 5170 1065 5232 juxta
1094 5170 1526 5236 _Vuigatam._,Editi
1558 5183 1705 5236 vero,
1737 5169 1891 5234 abjice

306 5234 521 5308 intumuit
563 5234 699 5286 tum
737 5247 756 5286 ε
788 5235 859 5284 uti
904 5237 1050 5284 etiam
1093 5234 1241 5283 habet
1284 5234 1536 5283 Bibliorum
1579 5234 1736 5284 codex
1777 5243 1890 5285 Gor-

305 5298 695 5422 bbfmnsltidgata
717 5361 765 5409 in
787 5358 980 5422 excusis
999 5363 1290 5422 expunctum
1310 5362 1390 5422 est
1401 5355 1535 5422 illud,
1559 5368 1616 5422 ne
1639 5369 1890 5422 conversus

305 5427 394 5485 stet
416 5419 468 5471 in
485 5417 686 5471 (01:01:10
707 5435 724 5472 :
740 5421 864 5485 quod
892 5421 936 5485 in
955 5417 1183 5485 omnibus
1199 5417 1557 5485 exemplaribus
1572 5419 1712 5479 hujus
1727 5423 1890 5482 operis

309 5490 362 5531 et
383 5484 432 5546 iu
466 5485 675 5546 antiquis
695 5481 830 5546 Cori).
871 5481 987 5531 Bibl.
1027 5481 1292 5546 reperitur;
1314 5481 1518 5541 positum
1546 5487 1670 5546 torte
1708 5481 1795 5542 pro
1829 5496 1889 5531 eo

305 5543 433 5607 quod
466 5546 515 5594 in
551 5539 712 5608 graeco
742 5543 954 5608 legitur,
992 5541 1066 5592 mé
1085 5539 1381 5606 ’anatreprkts
1411 5553 1462 5591 sc
1490 5541 1558 5593 sté
1587 5539 1665 5604 cpi
1705 5539 1783 5592 ian
1821 5550 1889 5594 ιο-

415 5620 652 5719 :iltuetiam
672 5667 786 5721 olim
805 5663 921 5718 Bibl.
945 5667 1079 5716 mrb.
1103 5673 1232 5716 Nunc
1275 5673 1440 5716 autem
1476 5664 1673 5729 Vulgata
1690 5703 1704 5728 ,
1747 5666 1887 5734 plau-

306 5731 578 5852 def'abest,
596 5806 702 5856 sua,
724 5806 754 5844 a
775 5795 922 5858 Regio
939 5792 1140 5842 codice:
1165 5791 1308 5842 abest
1331 5791 1475 5842 etiam
1492 5824 1507 5852 ,
1531 5802 1616 5843 suo
1631 5825 1646 5853 ,
1669 5799 1777 5856 post
1806 5806 1889 5844 vo-

303 5867 432 5915 cem,
457 5868 614 5907 sensu.

1563 389 1656 448 DE
1686 384 2070 447 SCRIPTURA
2109 387 2350 449 SACRA.

3447 401 3556 462 958

1980 507 2164 563 navit:
2194 525 2302 566 non
2331 511 2474 568 enim
2515 515 2801 572 necessarii
2828 522 2954 572 sunt
2978 515 3056 572 illi
3097 515 3342 574 homines
3383 520 3554 592 impii.

1981 602 2150 661 Omne
2180 617 2646 662 exsecramentum
2672 609 2868 664 erroris
2895 608 3008 665 odit
3035 610 3194 677 Deus,
3221 619 3278 666 et
3313 625 3419 668 non
3453 615 3557 669 erit

1981 696 2208 754 amabile
2238 699 2542 756 timentibus
2584 700 2752 756 illum.
2803 701 2944 757 Deus
2988 702 3057 758 ab
3099 701 3250 759 initio
3288 707 3563 762 constituit

1983 788 2277 858 hominem,
2307 799 2360 846 et
2390 793 2603 863 reliquit
2628 793 2772 847 illum
2801 792 2854 848 in
2886 810 3042 849 manu
3070 794 3279 852 consilii
3309 797 3412 852 sui.
3444 798 3558 852 Ad-

1979 881 2108 954 jecit
2147 884 2392 939 mandata
2435 898 2489 941 et
2515 895 2774 958 praecepta
2801 901 2897 942 sua
2931 907 2945 943 :
2993 889 3039 945 si
3069 889 3302 945 volueris
3347 905 3564 946 servare

1983 975 2255 1042 mandata,
2304 979 2696 1033 conservabunt
2735 989 2802 1044 te,
2848 987 2902 1034 et
2949 983 3001 1035 in
3043 989 3356 1052 perpetuum
3402 981 3558 1036 ﬁdem

1983 1065 2228 1135 placitam
2256 1067 2447 1123 facere.
2485 1071 2742 1140 Apposuit
2775 1070 2864 1125 tibi
2909 1088 3097 1142 aquam
3143 1082 3198 1128 et
3243 1073 3446 1143 ignem;
3495 1073 3560 1128 ad

1985 1159 2124 1229 quod
2157 1160 2305 1214 voles
2326 1161 2534 1231 porrige
2561 1177 2772 1217 manum
2802 1170 2966 1218 tuam.
3001 1168 3134 1220 Ante
3163 1164 3429 1220 hominem
3458 1167 3562 1221 vita

1988 1260 2040 1304 et
2065 1267 2229 1316 mors,
2263 1252 2457 1307 bonum
2486 1261 2538 1308 et
2565 1256 2796 1319 malum;
2822 1257 2960 1327 quod
2983 1257 3237 1328 placuerit
3257 1259 3326 1323 ei,
3355 1259 3563 1313 dabitur

1988 1344 2085 1398 illi.
2116 1345 2373 1410 Quoniam
2404 1347 2564 1400 multa
2591 1348 2846 1420 sapientia
2880 1350 2992 1415 Dei,
3020 1359 3073 1405 et
3115 1351 3263 1405 fortis
3287 1350 3339 1405 in
3369 1361 3563 1421 poten—

1986 1439 2089 1505 tia,
2148 1440 2332 1495 videns
2372 1456 2560 1496 omnes
2632 1442 2747 1497 sine
2811 1442 3222 1499 intermissione.
3266 1443 3417 1499 Oculi
3466 1443 3560 1499 Dei

1987 1532 2052 1585 ad
2083 1534 2327 1588 timentes
2353 1548 2493 1597 cum,
2547 1541 2600 1588 et
2643 1535 2755 1606 ipse
2799 1546 3048 1603 agnoscet
3091 1552 3302 1590 omnem
3349 1551 3564 1605 operam

1989 1623 2238 1679 hominis.
2279 1625 2484 1680 Nemini
2533 1625 2798 1681 mandavit
2840 1628 2998 1697 impie
3044 1643 3238 1697 agere;
3271 1637 3325 1682 ct
3365 1627 3566 1682 nemini

1989 1715 2131 1770 dedit
2155 1717 2382 1786 spatium
2419 1717 2687 1786 peccandi.
2716 1717 2829 1772 Non
2858 1720 2999 1773 enim
3032 1719 3360 1788 concupiscit
3386 1719 3568 1774 multi-

1988 1808 2223 1861 tudinem
2259 1808 2483 1862 ﬁliorum
2511 1808 2798 1863 inlideliuut
2828 1819 2884 1865 et
2909 1810 3193 1863 inutilium.

2059 1896 2216 1971 [xvn]
2258 1900 2321 1954 Et
2347 1899 2737 1968 nejucunderis
2765 1901 2816 1954 in
2853 1901 2970 1954 liliis
3001 1901 3199 1970 impiis,
3233 1901 3276 1956 si
3303 1901 3561 1971 multipli-

1987 2000 2213 2045 centur:
2256 2005 2358 2044 non
2387 1991 2669 2046 oblecteris
2707 2008 2865 2063 super
2895 1993 3058 2062 ipsos,
3101 1994 3144 2046 si
3172 2009 3274 2046 non
3301 2004 3384 2050 est
3411 1995 3570 2050 timor

1989 2083 2079 2136 Dei
2109 2098 2230 2138 cum
2261 2084 2378 2138 illis.
2433 2084 2548 2140 Non
2578 2086 2764 2140 credas
2792 2086 2912 2139 vitae
2943 2085 3179 2151 illorum,
3205 2096 3256 2141 et
3285 2101 3351 2140 ne
3379 2101 3565 2156 reSpe—

1986 2177 2130 2231 xeris
2160 2177 2211 2230 in
2256 2176 2466 2232 labores
2497 2178 2725 2232 illorum.
2776 2178 2959 2234 Melior
3002 2186 3086 2232 est
3133 2179 3272 2235 enim
3321 2192 3459 2231 unus
3500 2178 3571 2231 ti-

1987 2283 2142 2322 mens
2169 2268 2356 2334 Deum,
2387 2284 2540 2338 quam
2566 2268 2709 2322 mille
2731 2268 2817 2322 lilii
2847 2270 2996 2340 impii
3021 2289 3035 2327 :
3061 2281 3111 2323 et
3143 2270 3269 2324 utile
3297 2268 3433 2323 mori
3456 2267 3573 2322 sine

1989 2361 2108 2416 ﬁliis
2129 2400 2144 2427 ,
2174 2376 2330 2431 quam
2361 2360 2661 2430 relinquere
2702 2360 2836 2415 ﬁlios
2862 2361 3074 2431 impios.
3106 2361 3172 2413 Et
3199 2369 3308 2430 post
3334 2359 3508 2431 uiginti
3526 2367 3574 2414 et

1990 2469 2143 2506 venunt
2187 2467 2358 2507 versus
2395 2467 2414 2506 :
2443 2451 2556 2507 Non
2599 2453 2744 2508 dicas
2767 2493 2779 2517 ,
2811 2456 2852 2506 A
2903 2455 3008 2507 Deo
3057 2453 3372 2518 abscondar,
3414 2461 3471 2508 et
3506 2467 3572 2508 ex

1988 2560 2198 2600 summo
2217 2547 2338 2616 quis
2363 2545 2468 2601 mei
2493 2547 2914 2601 memorabitur?

2063 2638 2128 2691 Et
2145 2638 2298 2705 paulo
2314 2649 2424 2709 post
2450 2637 2633 2714 [ηιμ]
2683 2637 2799 2696 Non
2817 2649 2942 2695 sunt
2963 2640 3228 2696 absconsa
3253 2646 3570 2696 testamenta

1993 2747 2084 2800 per
2112 2732 2440 2801 iniquitatem
2479 2733 2711 2800 illorum,
2739 2741 2792 2788 et
2831 2749 3016 2787 omnes
3053 2733 3572 2806 iniquitateseoruin

1989 2823 2042 2878 iu
2069 2833 2354 2894 conspectu
2403 2825 2515 2881 Dei.
2565 2826 2912 2897 Eleemosyna
2941 2826 3034 2880 viri
3065 2828 3214 2895 quasi
3244 2827 3573 2897 signaculum

1989 2931 2108 2972 cum
2137 2917 2271 2987 ipso,
2301 2925 2355 2972 et
2377 2918 2602 2988 gratiam
2631 2916 2860 2974 hominis
2891 2920 3036 2989 quasi
3063 2919 3320 2991 pupillam
3347 2935 3572 2977 conser-

1989 3011 2134 3064 vabit
2167 3027 2180 3063 :
2209 3020 2264 3065 et
2292 3020 2473 3080 postea
2500 3020 2760 3081 resurget,
2804 3020 2857 3065 et
2902 3012 3156 3067 retribuet
3195 3012 3298 3068 illis
3340 3013 3573 3069 retribu-

1992 3104 2188 3159 tionem
2220 3105 2502 3175 unicuique
2530 3103 2582 3158 iu
2623 3111 2782 3172 caput
2827 3103 3057 3168 illorum,
3103 3110 3160 3159 et
3199 3112 3481 3160 convertet
3523 3104 3576 3157 in

1991 3194 2273 3250 interiores
2313 3203 2492 3264 partes
2531 3203 2706 3249 terrai.
2777 3194 3162 3250 Ptenitentibus
3199 3205 3378 3250 autem
3423 3194 3572 3249 dedit

1991 3287 2128 3341 viam
2151 3286 2371 3356 justitize
2389 3326 2406 3352 ,
2430 3295 2480 3340 et
2501 3285 2834 3341 conﬁrmavit
2866 3284 3174 3340 delicientcs
3198 3287 3488 3352 sustinere,
3520 3293 3573 3339 et

1991 3378 2277 3434 destinavit
2306 3379 2410 3432 illis
2439 3389 2638 3434 sortem
2657 3378 2913 3433 veritatis.
2948 3374 3273 3433 Convertere
3300 3379 3364 3432 ad
3385 3379 3573 3444 Deum,

1991 3479 2045 3524 et
2072 3470 2311 3540 relinque
2337 3478 2552 3538 peccata
2578 3478 2667 3524 tua
2694 3486 2708 3524 :
2736 3483 2955 3538 precare
2982 3476 3110 3523 ante
3149 3468 3357 3535 l‘aciem,
3389 3476 3442 3522 et
3471 3469 3575 3522 mi-

1990 3577 2096 3618 nue
2125 3560 2498 3616 oliendiculum
2528 3563 2568 3616 ³.
2608 3561 2898 3618 Revertere
2915 3561 2982 3614 ad
3015 3562 3202 3627 Deum,
3249 3569 3305 3616 et
3327 3570 3570 3616 avertere

1993 3655 2062 3711 ab
2087 3654 2338 3724 iniustitia
2387 3663 2496 3720 tua,
2537 3663 2594 3710 et
2633 3655 2793 3710 nimis
2834 3655 2982 3709 odito
3025 3656 3467 3710 exsecrationem.
3503 3652 3572 3708 Et

1991 3759 2102 3819 post
2130 3762 2490 3802 novemomua
2517 3761 2538 3802 :
2565 3746 2736 3814 Quam
2770 3762 2959 3816 magna
2987 3745 3346 3800 misericordia
3378 3745 3489 3810 Dei,
3517 3752 3574 3808 et

1993 3838 2296 3916 propitiatio
2343 3839 2484 3894 illius
2529 3838 2958 3894 convertentibus
3023 3836 3090 3892 ad
3143 3836 3236 3892 sel
3280 3835 3390 3892 Nec
3427 3836 3571 3898 etaim

1992 3932 2169 3986 omnia
2201 3939 2422 4001 possunt
2454 3946 2573 3986 esse
2595 3931 2646 3984 in
2679 3929 3016 3995 hominibus;
3058 3929 3307 3999 quoniam
3345 3943 3453 3988 non
3488 3939 3575 3984 est

1992 4024 2310 4079 immortalis
2336 4023 2474 4078 ﬁlius
2505 4023 2750 4077 hominis.

2063 4115 2132 4170 Et
2160 4125 2270 4185 post
2299 4115 2502 4185 triginta
2533 4130 2703 4171 metu
2735 4110 2938 4188 [xvnu]
2995 4112 3272 4170 liliseretur
3313 4112 3578 4183 excipien-

1996 4208 2125 4263 tium
2151 4208 2448 4262 decu-inani
2479 4207 2859 4272 miserationis,
2888 4217 2940 4262 et
2966 4207 3056 4277 qui
3081 4205 3335 4262 festinant
3360 4207 3415 4262 in
3433 4205 3576 4275 judi-

1992 4303 2090 4358 ciis
2109 4305 2243 4372 ejus.
2279 4301 2400 4369 Fili,
2431 4301 2484 4356 in
2511 4301 2666 4356 bonis
2697 4315 2799 4355 non
2830 4299 2924 4353 des
2948 4300 3240 4369 querelam,
3269 4307 3322 4354 et
3347 4300 3400 4352 in
3426 4298 3570 4360 onmi

1992 4393 2116 4449 dato
2157 4408 2260 4450 non
2302 4392 2399 4448 des
2442 4392 2708 4448 tristitiam
2737 4391 2880 4446 verbi
2916 4390 3058 4446 mali.
3107 4391 3291 4446 Nonne
3317 4391 3563 4449 ardorem

1995 4483 2330 4554 refrigerabit
2358 4481 2490 4539 ros?
2519 4481 2608 4536 Sic
2635 4490 2692 4537 et
2717 4481 2935 4536 verbum
2964 4479 3155 4536 melius
3181 4497 3335 4550 quam
3366 4481 3568 4536 datum.

1992 4574 2179 4633 Nonne
2201 4587 2327 4632 ecce
2353 4571 2572 4630 verbum
2593 4586 2751 4641 supra
2775 4570 2958 4627 datum
2979 4570 3212 4628 bonum?
3237 4579 3292 4628 et
3307 4581 3531 4642 utraque
3550 4573 3571 4603 ³

1993 4679 2114 4722 eum
2143 4662 2359 4724 homine
2377 4661 2685 4732 justilicato.
2714 4660 2920 4717 Stultus
2948 4664 3141 4724 acriter
3167 4661 3568 4732 improperabit,

1994 4765 2049 4810 et
2088 4755 2244 4808 datus
2292 4752 2665 4822 indiscipiinati
2713 4752 2985 4808 tabescere
3029 4752 3155 4806 facit
3183 4752 3386 4806 oculos.
3437 4755 3576 4808 Ante

1989 4849 2245 4918 judicium
2277 4862 2400 4917 para
2427 4845 2683 4914 justitiam
2709 4845 2828 4916 tibi,
2851 4854 2905 4899 et
2923 4853 3208 4914 antequam
3241 4845 3473 4916 loquaris
3496 4846 3576 4899 di-

1995 4957 2104 4998 sce.
2146 4942 2208 4995 Et
2237 4949 2360 4996 ante
2387 4939 2698 5007 languorem
2742 4935 2939 5003 adhibe
2984 4936 3338 5001 medicinam,
3371 4945 3424 4989 et
3449 4945 3573 4989 ante

1991 5034 2246 5104 judicium
2276 5032 2542 5100 interroga
2583 5030 2844 5100 teipsum;
2872 5037 2925 5084 et
2969 5027 3021 5084 in
3057 5036 3344 5098 conspectu
3378 5027 3466 5080 Dei
3493 5027 3575 5082 in-

1995 5128 2178 5183 venies
2222 5124 2669 5196 propitiationem.
2715 5123 2853 5178 Ante
2894 5122 3197 5192 languorem
3248 5118 3466 5176 humilia
3497 5128 3567 5188 te,

1994 5229 2048 5277 et
2090 5220 2143 5273 in
2193 5229 2430 5286 tempore
2479 5214 2800 5270 inﬁrmitatis
2845 5213 3066 5269 ostende
3113 5212 3569 5268 conversationem

1997 5322 2160 5368 tuam.
2189 5308 2304 5366 Non
2333 5307 2641 5379 impedierit?»
2660 5322 2816 5370 Orare
2852 5319 3086 5376 semper,
3121 5312 3177 5360 et
3201 5319 3306 5359 non
3338 5303 3574 5360 verearis

1997 5420 2163 5475 usque
2209 5403 2276 5464 ad
2326 5410 2552 5467 mortem
2583 5400 2896 5471 justilicari;
2934 5399 3184 5470 quoniam
3225 5413 3431 5468 merces
3478 5399 3569 5454 Dei

2057 5541 2073 5574 ¹
2100 5545 2332 5606 Consonat
2354 5549 2582 5606 graecum.
2609 5535 2883 5606 At_Vulgata
2906 5532 3118 5606 praefert,
3148 5544 3354 5606 precare
3367 5535 3574 5606 (nite/21-

1993 5600 2113 5653 ciem
2140 5599 2342 5660 notitiai,
2356 5596 2415 5651 vet
2435 5597 2595 5649 minue
2615 5596 2896 5660 offendicula
2909 5596 2938 5646 ':
2965 5597 3135 5660 Regius
3151 5602 3252 5654 Ms,
3277 5603 3384 5644 ante
3401 5596 3576 5660 [iidem

1992 5665 2112 5725 ejus.
2137 5669 2186 5712 tu
2211 5659 2529 5724 subsequeuti
2555 5659 2794 5710 verSiculo
2818 5659 2945 5709 idem
2967 5659 3120 5708 codex
3145 5670 3254 5708 cum
3273 5659 3571 5718 Carnutensi,

1994 5727 2130 5785 Refer
2163 5731 2206 5775 te
2238 5725 2302 5774 ad
2331 5734 2495 5773 neum.
2517 5729 2658 5785 Favet
2682 5735 2826 5785 gnec.
2853 5733 3078 5785 epanage.

1995 5780 2084 5904 ,ὦ
2097 5793 2324 5914 arm
2317 5793 2369 5838 et
2388 5787 2528 5838 Cori).
2550 5783 2670 5835 sibi.
2684 5780 2828 5849 juxta
2845 5780 3075 5852 ωλι
3091 5782 3210 5835 editi
3230 5795 3341 5835 ann
3357 5781 3573 5865 vulgata,
