4110 6448
527 383 635 444 959

530 505 712 558 manet
735 497 788 554 in
813 504 1096 554 aeternum.
1122 491 1262 548 Ante
1294 487 1590 545 orationem
1610 497 1852 557 praepara
1879 481 2112 536 animam

530 603 675 650 tuam
700 634 716 659 ,
745 599 800 649 et
826 590 938 646 noli
965 602 1086 645 esse
1111 584 1262 657 quasi
1306 583 1468 638 homo
1493 579 1586 652 qui
1625 585 1796 634 tentat
1829 575 2017 630 Deum.
2046 571 2116 627 Et

530 696 641 759 post
661 701 751 741 sea:
765 698 934 738 versus
964 696 986 737 :
1014 679 1185 736 Homo
1211 675 1425 747 sapiens
1445 713 1464 741 ,
1509 671 1564 728 in
1609 668 1858 726 omnibus
1891 673 2113 759 metuet,

536 758 592 836 et
630 779 683 834 in
706 776 892 832 diebus
933 772 1246 829 delictorum
1288 765 1526 823 attendet
1567 764 1634 819 ab
1662 763 1868 818 inertia.
1915 758 1984 816 Et
2006 767 2116 832 post

531 873 750 943 quinque
774 886 943 924 versus
969 883 988 922 :
1017 868 1143 923 Post
1165 859 1622 934 concupiscentias
1649 867 1765 914 tuas
1793 873 1900 913 non
1922 871 2034 922 eas,
2061 862 2118 910 et

535 980 566 1019 a
594 965 866 1020 voluntate
890 969 976 1014 tua
1003 966 1266 1014 avertere.
1300 955 1355 1011 Si
1394 963 1612 1025 praestes
1636 950 1826 1006 anima:
1854 958 1958 1003 tua:
1982 961 2116 1003 con-

530 1055 886 1126 cupiscentias
915 1051 1031 1123 ejus
1051 1093 1066 1119 ,
1097 1049 1255 1106 faciet
1281 1059 1334 1104 te
1376 1048 1427 1102 in
1450 1041 1724 1117 gaudium
1745 1043 1993 1099 inimicis.
2039 1040 2116 1096 Ne

531 1146 814 1204 oblecteris
845 1145 896 1200 in
921 1143 1108 1208 turbis,
1137 1157 1238 1197 nec
1262 1139 1566 1196 immodicis
1593 1137 1898 1193 delecteris.

603 1238 672 1293 Et
700 1246 812 1309 post
839 1237 1055 1308 quinque
1081 1251 1251 1289 versus
1285 1229 1451 1306 [xtx.]
1482 1248 1493 1284 :
1525 1231 1591 1285 Et
1619 1230 1708 1301 qui
1751 1228 1955 1297 spernit
1995 1239 2115 1280 mo-

533 1333 672 1398 dica,
702 1331 952 1402 paulatim
979 1329 1206 1384 decidet.
1233 1327 1424 1382 Vinum
1456 1333 1510 1380 et
1539 1323 1792 1379 mulieres
1813 1328 2116 1392 apostatare

530 1425 730 1482 faciunt
759 1425 1045 1494 sapientes,
1077 1430 1134 1478 et
1161 1429 1386 1490 arguunt
1416 1425 1678 1472 sensatos.
1709 1414 1772 1468 Et
1796 1424 1908 1486 post
1926 1413 2118 1486 aliquot

538 1536 709 1575 versus
739 1534 758 1574 :
789 1518 889 1585 Qui
918 1516 1089 1573 credit
1113 1517 1249 1582 cito,
1275 1514 1404 1569 levis
1425 1513 1584 1569 corde
1611 1521 1712 1576 est,
1738 1511 1798 1566 et
1824 1507 2116 1564 minorabi-

531 1621 647 1679 tur;
675 1621 731 1668 et
753 1611 843 1682 qui
868 1610 1129 1681 delinquit
1154 1609 1204 1663 iu
1235 1607 1466 1661 animam
1491 1620 1670 1681 suam,
1704 1604 1923 1673 insuper
1946 1601 2114 1656 habe-

533 1704 698 1760 bitur.
729 1703 797 1760 Et
823 1711 930 1774 post
958 1702 1083 1758 duos
1121 1717 1292 1756 versus
1315 1715 1335 1755 :
1361 1700 1426 1754 Et
1460 1698 1549 1769 qui
1576 1696 1689 1751 odit
1721 1695 2115 1766 loquacitatem,

531 1794 820 1866 exstinguit
841 1795 1115 1849 malitiam.
1149 1791 1213 1847 Et
1249 1799 1361 1864 post
1381 1799 1492 1846 octo
1517 1805 1686 1844 versus
1712 1804 1731 1844 :
1760 1787 1970 1842 Audisti
1992 1801 2116 1841 ver-

535 1890 664 1947 bum
687 1890 943 1946 adversus
971 1887 1309 1960 proximum;
1353 1884 1736 1940 commoriatur
1764 1883 1814 1935 in
1845 1891 1915 1948 te,
1947 1881 2117 1936 fidens

537 1982 786 2054 quoniam
814 1997 922 2037 non
954 1989 1004 2036 te
1030 1980 1353 2053 disrumpet.
1379 1979 1422 2031 A
1448 1975 1584 2030 faeie
1613 1974 1760 2030 verbi
1788 1973 2015 2043 parturit
2035 1972 2116 2027 fa-

534 2083 658 2130 tuus
678 2116 692 2140 ,
720 2083 968 2144 tanquam
1004 2071 1234 2144 gemitus
1259 2081 1441 2140 partus
1468 2067 1704 2122 infantis.
1733 2066 1932 2136 Sagitta
1958 2064 2116 2120 inﬁxa

535 2167 729 2224 femori
773 2167 970 2232 carnis,
1016 2164 1095 2219 sic
1135 2163 1352 2218 verbum
1398 2161 1450 2215 in
1495 2174 1588 2214 ore
1618 2161 1633 2190 ¹
1684 2158 1850 2213 stulti.
1895 2156 2119 2226 Corripe

536 2261 787 2326 amicum,
817 2275 885 2315 ne
911 2258 1047 2314 forte
1075 2272 1184 2313 non
1213 2254 1561 2317 intellexerit,
1587 2261 1642 2308 et
1662 2252 1823 2318 dicat,
1851 2250 1966 2304 Non
1988 2248 2111 2315 feci;

533 2363 626 2410 aut
651 2355 696 2410 si
732 2353 889 2422 fecit,
930 2369 996 2408 ne
1026 2352 1217 2408 iterum
1256 2350 1414 2405 addat
1455 2348 1649 2405 facere.
1683 2347 1904 2416 Corripe
1937 2344 2118 2416 proxi-

537 2462 704 2512 mum,
727 2461 795 2501 ne
815 2445 951 2501 forte
977 2459 1084 2501 non
1107 2443 1332 2508 dixerit;
1357 2451 1408 2497 et
1435 2442 1479 2495 si
1509 2440 1722 2507 dixerit,
1751 2455 1818 2494 ne
1843 2437 1981 2494 forte
2012 2438 2118 2494 ite-

533 2547 635 2595 ret.
668 2537 888 2609 Corripe
915 2537 1180 2601 amicum;
1229 2550 1371 2605 saepe
1414 2535 1556 2589 enim
1598 2533 1656 2587 ﬁt
1685 2532 1993 2588 commissio
2020 2550 2034 2587 :
2067 2542 2122 2590 et

537 2648 642 2688 non
659 2632 804 2686 omni
833 2630 997 2686 verbo
1024 2629 1236 2685 credas.
1266 2629 1364 2684 Est
1390 2628 1480 2700 qui
1501 2629 1696 2684 labitur
1719 2628 1772 2682 in
1801 2627 1978 2698 lingua
1999 2643 2116 2696 sua,

533 2729 626 2784 sed
657 2742 762 2782 non
791 2742 858 2782 ex
889 2726 1086 2780 animo.
1121 2723 1250 2792 Quis
1279 2731 1362 2779 est
1400 2723 1541 2778 enim
1583 2722 1672 2794 qui
1701 2738 1806 2777 non
1837 2721 2122 2792 deliquerit

537 2821 588 2876 in
615 2820 792 2891 lingua
831 2819 960 2873 sua?
989 2817 1212 2888 Corripe
1243 2815 1543 2887 proximum
1574 2826 1857 2886 antequam
1898 2813 2121 2870 commi-

542 2912 723 2977 neris;
766 2919 822 2966 et
845 2909 913 2964 da
941 2909 1116 2964 locum
1158 2908 1333 2963 timori
1364 2907 1626 2962 Altissimi
1653 2924 1664 2961 :
1694 2907 1816 2976 quia
1842 2907 2016 2960 omnis
2043 2920 2122 2960 sa-

535 3005 731 3076 pientia
770 3004 928 3059 timor
970 3003 1084 3067 Dei,
1124 3010 1177 3057 et
1206 3001 1257 3056 in
1301 3001 1389 3055 illa
1437 3001 1624 3055 timere
1666 3000 1852 3055 Deum.
1895 2998 1964 3053 Et
2011 3007 2121 3070 post

533 3099 753 3170 quinque
770 3113 941 3152 versus
965 3111 984 3151 .'
1012 3095 1196 3151 Melior
1221 3103 1304 3149 est
1330 3093 1491 3147 homo
1511 3093 1603 3164 qui
1632 3091 1812 3147 deficit
1837 3091 2117 3162 sapientia,

539 3198 593 3244 et
617 3187 871 3244 deﬁciens
895 3201 1055 3242 sensu
1077 3184 1129 3239 in
1159 3185 1368 3250 timore,
1388 3198 1545 3254 quam
1567 3183 1658 3253 qui
1681 3181 1916 3238 abundat
1936 3197 2118 3250 sensu,

537 3290 592 3337 et
618 3277 1006 3351 transgreditur
1035 3278 1204 3348 legem
1231 3275 1513 3332 Altissimi.

609 3372 675 3426 Et
704 3380 814 3442 post
855 3369 1108 3425 sexdecim
1131 3384 1298 3423 versus
1327 3365 1494 3441 [xx.]:
1524 3365 1692 3435 Quam
1712 3366 1908 3422 bonum
1931 3376 2013 3424 est
2031 3384 2121 3424 ar-

534 3483 699 3540 guere
726 3482 882 3538 quam
907 3464 1096 3521 irasci!
1143 3463 1209 3517 Et
1233 3473 1342 3534 post
1363 3462 1554 3533 aliquot
1578 3478 1750 3518 versus
1769 3477 1790 3518 :
1819 3463 1887 3518 Et
1911 3463 2002 3534 qui
2027 3477 2124 3533 po-

535 3570 777 3618 testatem
801 3560 899 3616 sibi
921 3558 1145 3614 assumit
1169 3557 1386 3628 injuste,
1403 3556 1632 3612 odietur.
1653 3555 1719 3611 Et
1745 3565 1857 3612 vast
1887 3565 2000 3611 octo
2015 3572 2124 3612 ver-

533 3670 659 3710 sus:
689 3652 912 3722 Sapiens
950 3651 1005 3706 in
1046 3649 1224 3704 verbis
1267 3649 1500 3719 seipsum
1550 3649 1832 3704 amabilem
1875 3647 2020 3704 facit.
2053 3647 2123 3704 Et

538 3759 650 3822 post
674 3747 923 3804 sexdecim
971 3761 1144 3799 versus
1165 3759 1184 3798 :
1209 3743 1414 3814 Lapsus
1457 3741 1601 3796 falsa:
1631 3743 1823 3813 linguae
1853 3743 2004 3812 quasi
2030 3743 2120 3814 qui

538 3841 606 3897 de
636 3841 937 3912 pavimento
955 3837 1187 3903 cadens,
1220 3836 1299 3892 sic
1321 3851 1476 3891 casus
1516 3835 1776 3891 malorum
1807 3835 2124 3916 festinanter

540 3934 738 3989 veniet.
772 3931 940 3985 Homo
969 3929 1178 3984 acharis
1207 3927 1358 3998 quasi
1405 3927 1579 3982 fabula
1606 3944 1763 3991 vana,
1808 3929 1859 3982 in
1888 3943 1984 3984 ore
2031 3928 2119 3984 dio

543 4024 942 4095 sciplinatorum
962 4022 983 4052 ²
1014 4019 1225 4074 assidua
1252 4019 1374 4075 erit.
1405 4018 1483 4072 Ex
1513 4033 1608 4074 ore
1651 4018 1778 4073 fatui
1809 4021 2120 4090 reprobabi-

542 4127 629 4172 tur
659 4115 905 4188 parabola
933 4133 946 4169 :
979 4131 1083 4169 non
1121 4114 1262 4170 enim
1293 4113 1435 4168 illam
1465 4112 1596 4168 dicit
1623 4113 1676 4168 in
1720 4123 1960 4184 tempore
2000 4132 2118 4172 suo.

538 4209 604 4266 Et
625 4219 738 4281 post
759 4209 885 4263 duos
903 4222 1074 4262 versus
1095 4222 1114 4261 :
1140 4206 1237 4261 Est
1264 4205 1351 4275 qui
1381 4203 1552 4274 perdit
1577 4205 1807 4260 animam
1835 4221 1984 4261 suam
2011 4223 2124 4278 praa

537 4304 851 4362 confusione
875 4343 888 4365 ,
915 4310 969 4357 et
1016 4301 1082 4355 ab
1113 4298 1434 4370 imprudenti
1478 4314 1701 4368 persona
1743 4298 1934 4370 perdet
1959 4315 2076 4356 eam
2101 4317 2118 4369 ;

537 4413 780 4470 personae
805 4405 981 4451 autem
1003 4393 1312 4462 acceptione
1333 4390 1521 4462 perdet
1543 4406 1622 4446 se.
1645 4391 1741 4446 Est
1763 4393 1852 4463 qui
1873 4409 1981 4462 pra:
2001 4407 2122 4449 con-

536 4491 746 4546 fusione
776 4486 1036 4557 promittit
1081 4484 1254 4540 amico
1274 4525 1290 4552 ,
1322 4490 1378 4538 et
1421 4482 1656 4538 lucratus
1681 4493 1763 4540 est
1790 4498 1912 4539 eum
1938 4484 2121 4540 inimi-

534 4597 654 4637 cum
682 4581 865 4652 gratis.
891 4577 1246 4648 Opprobrium
1289 4591 1518 4647 nequam
1557 4576 1611 4631 in
1641 4575 1858 4635 homine
1891 4579 2116 4635 menda-

532 4674 695 4738 cium,
727 4679 778 4726 et
810 4671 862 4724 iu
883 4684 976 4724 ore
1003 4668 1515 4738 indisciplinatorum
1543 4669 1755 4725 assidue
1784 4671 1909 4725 erit.
1934 4672 2120 4728 Potior

533 4766 640 4833 fur,
671 4779 829 4836 quam
855 4762 1138 4818 assiduitas
1171 4762 1269 4815 viri
1297 4761 1566 4816 mendacis
1596 4780 1609 4817 :
1637 4762 1991 4832 perditionem
2021 4781 2118 4821 au-

534 4872 640 4917 tem
671 4859 829 4914 ambo
859 4855 1262 4912 haereditabunt.
1293 4856 1465 4911 Mores
1487 4855 1762 4911 hominum
1785 4858 2119 4916 mendacium

535 4956 651 5010 sine
682 4953 906 5018 honore,
925 4961 978 5006 et
1020 4947 1261 5006 confusio
1289 4950 1432 5006 illius
1469 4965 1589 5005 cum
1619 4951 1737 5021 ipso
1760 4951 1784 4985 ⁸
1805 4952 1920 5008 sine
1949 4954 2120 5010 inter.

535 5047 805 5104 missione.
861 5043 1087 5115 Sapiens
1133 5044 1185 5098 in
1216 5041 1394 5098 verbis
1451 5041 1709 5113 producet
1746 5045 1999 5114 seipsum.
2048 5046 2120 5102 Et

533 5151 645 5214 post
680 5147 893 5211 quatuor
924 5155 1092 5193 versus
1117 5153 1137 5192 :
1162 5135 1335 5192 Xenia
1373 5144 1428 5191 et
1470 5136 1608 5192 dona
1637 5148 1910 5195 excaecant
1936 5142 2118 5199 oculos

529 5231 793 5303 judicum,
823 5240 876 5285 et
904 5230 1053 5300 quasi
1096 5236 1273 5283 mutus
1315 5226 1366 5281 in
1415 5242 1508 5282 ore
1537 5229 1728 5284 avertit
1754 5233 2119 5302 correptiones

532 5337 739 5377 eorum.
769 5320 1037 5392 Sapientia
1062 5321 1340 5385 absconsa,
1370 5327 1423 5375 et
1449 5319 1728 5376 thesaurus
1756 5321 1975 5391 invisus,
1999 5340 2119 5395 quae

537 5415 738 5470 utilitas
769 5414 822 5470 in
843 5413 1118 5486 utrisque?
1141 5412 1328 5470 Melior
1347 5421 1433 5469 est
1455 5412 1512 5470 in
1550 5413 1856 5472 hominibus
1880 5417 1970 5488 qui
1995 5418 2118 5474 abs-

595 5637 614 5670 ¹
637 5635 856 5700 “188m
943 5635 1108 5700 σφ’άέ-

594 5694 775 5764 ξεααῖθ
797 5694 959 5764 sibila,

595 5762 616 5831 ξ
631 5760 910 5831 ιτθερηριιω
920 5757 1059 5824 juxta
1076 5757 1339 5826 Vulgatam,
1353 5766 1400 5812 et
1415 5757 1628 5831 conﬁnio
1639 5761 1832 5831 illorum
1849 5776 1956 5815 cum
1978 5762 2120 5831 ipsis;

529 5821 616 5898 vel
648 5821 898 5898 in:priore_
1085 5821 1216 5879 ver's.
1231 5821 1564 5889 castigandum
1582 5832 1660 5878 est
1675 5827 1818 5892 juxta
1838 5821 2007 5892 graeci
2019 5821 2120 5885 M03

1733 365 1793 422 S.
1833 361 2203 422 AUGUSTINI
2241 361 2605 422 SPECULUM

3711 369 3817 429 960

2226 479 2408 536 condit
2449 481 2806 552 insipientiam
2833 496 3021 552 suam,
3062 498 3223 556 quam
3264 485 3353 556 qui
3397 485 3681 545 abscondit
3718 504 3806 547 sa-

2221 572 2477 643 pientiam
2499 588 2671 630 suam.

2295 661 2462 740 [xxu]
2519 665 2638 732 Fili,
2665 667 2934 737 peccasti;
2968 683 3035 726 ne
3061 669 3280 740 adjicias
3307 671 3501 728 iterum
3525 673 3639 731 :sed
3665 672 3806 734 etde

2224 758 2510 825 prteteritis
2551 758 2862 829 deprecare,
2897 769 2954 816 ut
2982 761 3074 817 tibi
3100 764 3457 820 remittantur.
3488 766 3654 836 Quasi
3678 783 3713 825 a
3733 767 3812 826 fa-

2223 849 2306 904 cie
2333 849 2538 905 colubri
2568 850 2688 921 fuge
2716 862 2960 923 peccata;
2988 864 3041 910 et
3070 855 3116 911 si
3155 859 3445 914 accesseris
3469 859 3534 914 ad
3580 860 3668 915 illa
3696 878 3813 918 sus-

2222 941 2419 1011 cipient
2456 951 2526 998 te.
2557 943 2754 999 Dentes
2793 945 2997 1012 leonis,
3030 946 3218 1004 dentes
3255 949 3391 1020 ejus,
3428 950 3814 1010 interﬁcientes

2223 1036 2430 1108 animas
2468 1035 2741 1092 hominum
2770 1056 2783 1091 :
2816 1040 2966 1109 quasi
3006 1040 3319 1112 rhomphtra
3344 1041 3427 1099 bis
3453 1056 3610 1100 acula
3635 1049 3813 1103 omnis

2224 1127 2517 1200 iniquitas;
2552 1131 2718 1202 plagge
2760 1133 2902 1187 illius
2940 1150 3045 1189 non
3072 1143 3157 1190 est
3181 1138 3402 1192 sanitas.
3445 1136 3516 1192 Et
3542 1151 3652 1210 post
3681 1158 3814 1212 qua-

2225 1231 2340 1276 tuor
2385 1239 2558 1278 versus
2584 1240 2605 1279 :
2646 1225 2747 1293 Qui
2787 1225 2899 1280 odit
2943 1227 3360 1297 correptionem,
3408 1230 3689 1302 vestigium
3732 1242 3817 1290 est

2227 1316 2554 1384 peccatoris;
2588 1323 2644 1371 et
2686 1317 2774 1386 qui
2808 1317 2960 1372 timet
3005 1318 3194 1384 Deum,
3241 1330 3582 1376 convertetur
3625 1323 3692 1377 ad
3719 1339 3817 1380 cor

2224 1421 2397 1461 suum.
2446 1405 2516 1460 Et
2540 1418 2650 1477 post
2678 1411 2894 1480 quinque
2931 1427 3100 1466 versus
3122 1428 3142 1466 :
3175 1411 3270 1468 Via
3298 1415 3630 1483 peccantium
3660 1433 3816 1471 com-

2226 1498 2458 1568 plantata
2494 1501 2509 1530 ¹
2541 1499 2844 1570 lapidibus;
2878 1503 3004 1558 etin
3031 1503 3136 1560 ﬁne
3166 1505 3375 1561 illorum
3407 1507 3558 1576 inferi
3586 1517 3640 1563 et
3665 1519 3816 1565 tene-

2225 1590 2335 1646 brae
2364 1601 2418 1646 et
2447 1607 2639 1662 pusum.
2667 1594 2767 1660 Qui
2795 1597 3028 1650 custodit
3051 1599 3334 1666 justitiam,
3367 1601 3662 1656 continebit
3687 1617 3819 1656 sen-

2225 1697 2342 1737 sum
2360 1683 2900 1753 ejus.Cousummatio
2918 1689 3125 1744 timoris
3143 1690 3519 1761 Dei,sapientia
3534 1703 3585 1748 et
3603 1708 3817 1750 sensus.

2227 1775 2294 1829 Et
2322 1787 2433 1848 post
2461 1778 2656 1846 aliquos
2688 1796 2858 1835 versus
2881 1796 2900 1835 :
2926 1781 3158 1837 Verbum
3198 1784 3414 1854 sapiens
3441 1785 3822 1856 quodcumque

2225 1869 2453 1925 audierit
2493 1873 2671 1939 scius,
2716 1873 2983 1941 laudabit,
3020 1884 3074 1930 et
3123 1875 3191 1930 ad
3233 1891 3294 1931 se
3329 1876 3542 1946 adjiciet
3581 1894 3596 1930 :
3637 1878 3824 1934 audiet

2227 1963 2570 2030 luxuriosus,
2598 1974 2653 2020 et
2691 1965 2990 2036 displicebit
3034 1967 3133 2033 illi,
3161 1977 3218 2024 et
3254 1969 3499 2039 projiciet
3540 1971 3668 2025 illud
3700 1981 3825 2042 post

2226 2055 2444 2112 dorsum
2473 2073 2648 2112 suum.
2682 2058 2928 2114 Narratio
2969 2058 3098 2114 fatui
3139 2061 3289 2131 quasi
3334 2063 3538 2118 sarcina
3587 2065 3640 2118 in
3689 2065 3820 2120 via:

2227 2168 2350 2208 nam
2379 2154 2430 2207 in
2457 2153 2612 2209 labiis
2655 2155 2855 2209 sensati
2892 2155 3188 2211 invenietur
3209 2157 3397 2226 gratia.
3443 2157 3517 2213 Os
3542 2158 3824 2227 prudentis

2225 2246 2480 2316 quaeritur
2500 2247 2553 2300 in
2581 2246 2839 2314 Ecclesia,
2870 2256 2925 2303 et
2943 2249 3106 2304 verba
3130 2250 3272 2304 illius
3297 2251 3605 2322 cogitabunt
3622 2253 3677 2306 in
3697 2267 3826 2307 cor-

2227 2336 2381 2392 dibus
2407 2337 2537 2393 suis.
2567 2337 2635 2392 Et
2662 2348 2772 2410 post
2797 2339 2925 2395 duo:
2943 2356 3114 2396 versus
3141 2355 3161 2395 :
3187 2340 3488 2412 Compedes
3512 2344 3565 2398 in
3595 2344 3828 2415 pedibus

2227 2432 2391 2487 stulto
2411 2432 2675 2500 doctrina,
2707 2441 2762 2488 et
2789 2434 2939 2504 quasi
2962 2435 3170 2490 vincula
3213 2452 3466 2492 manuum
3505 2427 3668 2508 supra
3701 2453 3825 2492 ma-

2227 2541 2354 2581 num
2381 2525 2676 2581 dexteram.
2700 2525 2901 2582 Fatuus
2929 2528 2982 2582 in
3011 2529 3120 2584 risu
3161 2529 3362 2584 exaltat
3402 2546 3591 2586 vocem
3615 2547 3772 2586 suam
3801 2549 3818 2587 :

2226 2618 2308 2673 vir
2325 2627 2502 2672 autem
2531 2620 2744 2689 sapiens
2767 2622 2854 2674 vix
2883 2621 3044 2676 tacite
3066 2621 3281 2678 ridebit.
3306 2622 3691 2679 Ornamentum
3714 2641 3817 2680 au-

2227 2723 2378 2764 reum
2407 2710 2654 2780 prudenti
2674 2710 2936 2777 doctrina,
2967 2720 3022 2768 et
3051 2713 3200 2783 quasi
3225 2713 3492 2771 brachiale
3519 2715 3571 2770 in
3601 2716 3833 2774 brachio

2228 2801 2438 2856 dextro.
2468 2802 2534 2856 Et
2564 2813 2675 2874 post
2701 2814 2810 2857 octo
2840 2819 3010 2858 versus
3039 2820 3058 2860 :
3089 2803 3145 2859 In
3175 2819 3272 2861 ore
3298 2806 3559 2862 fatuorum
3581 2822 3676 2862 cor
3699 2807 3833 2863 illo-

2227 2911 2368 2962 rum,
2399 2903 2454 2950 et
2477 2901 2529 2950 in
2559 2895 2723 2950 corde
2749 2896 3067 2966 sapientium
3111 2913 3173 2952 os
3199 2898 3432 2953 illorum.
3485 2899 3618 2954 Dum
3649 2901 3831 2956 male-

2227 2988 2353 3043 dicit
2378 2988 2571 3059 impius
2610 2989 2900 3058 diabolum,
2933 2990 3204 3045 maledicit
3232 2991 3347 3061 ipse
3372 2992 3606 3049 animam
3633 3007 3820 3049 suam.

2229 3081 2460 3137 Susurro
2499 3083 2868 3154 coinquinabit
2908 3083 3141 3138 animam
3185 3099 3359 3150 suam,
3405 3086 3544 3141 etin
3570 3086 3833 3144 omnibus

2229 3176 2473 3243 odietur;
2517 3185 2571 3231 et
2603 3176 2694 3247 qui
2737 3176 2998 3232 manserit
3020 3177 3064 3244 ',
3097 3175 3315 3234 odiosus
3355 3177 3462 3233 erit
3492 3195 3506 3232 :
3538 3178 3731 3233 tacitus
3770 3187 3838 3236 et

2228 3279 2472 3327 sensatus
2502 3270 2869 3325 honorabitur.
3831 3315 3834 3317 λ

2302 3362 2484 3436 [xxu.]
2539 3364 2596 3418 In
2626 3363 2800 3433 lapide
2828 3364 2970 3418 luteo
2996 3362 3259 3434 lapidatus
3287 3373 3368 3420 est
3387 3365 3614 3436 piger,et
3632 3380 3837 3423 omnes

2228 3456 2516 3528 loquentur
2545 3471 2708 3527 super
2734 3457 3163 3528 aspernationem
3189 3458 3352 3514 illius.
3385 3459 3446 3513 Et
3471 3470 3583 3529 post
3606 3471 3837 3531 quatuor

2229 3566 2398 3604 uersus
2425 3565 2446 3604 :
2475 3549 2609 3605 Filia
2638 3550 2879 3621 prudens
2909 3549 3193 3606 haereditas
3217 3550 3333 3607 viro
3375 3567 3475 3608 suo
3505 3570 3518 3607 :
3547 3569 3672 3610 nam
3699 3569 3836 3624 qua

2228 3643 2541 3708 confundit,
2589 3643 2642 3698 in
2685 3643 3061 3698 contumeliam
3091 3643 3149 3700 ﬁt
3193 3646 3466 3716 genitoris.
3510 3646 3724 3702 Patrem
3766 3658 3836 3706 et

2233 3738 2404 3792 virum
2433 3736 2712 3792 confundit
2740 3753 2860 3808 quae
2889 3737 3061 3793 audax
3090 3747 3196 3806 est,
3222 3746 3277 3793 et
3300 3739 3368 3795 ab
3390 3739 3572 3810 impiis
3592 3755 3698 3796 non
3722 3743 3836 3797 mi-

2229 3829 2505 3884 norabitur
2529 3845 2544 3893 ;
2573 3830 2642 3884 ab
2670 3831 2907 3900 utrisque
2934 3838 3112 3886 autem
3154 3829 3575 3886 inhonorabitur.
3623 3831 3836 3890 Music:

2229 3923 2284 3978 in
2315 3923 2480 3991 luctu,
2525 3923 2827 3994 importuna
2850 3924 3086 3980 narratio
3114 3942 3129 3980 :
3160 3923 3364 3995 ﬂagella
3391 3935 3447 3980 et
3471 3925 3738 3992 doctrina,
3764 3925 3854 3982 in.

2229 4016 2373 4070 omni
2411 4024 2653 4085 tempore
2679 4017 2958 4086 sapientia.
2987 4017 3088 4082 Qui
3117 4016 3274 4072 docet
3303 4016 3525 4083 fatuum,
3555 4017 3707 4088 quasi
3728 4017 3833 4088 qui

2229 4107 2555 4177 conglutinat
2601 4115 2809 4163 testam.
2857 4107 2958 4177 Qui
3008 4108 3450 4164 narrat-verbum
3497 4123 3606 4165 nou
3638 4117 3829 4165 atten-

2228 4198 2398 4265 denti,
2427 4198 2578 4268 quasi
2604 4200 2694 4268 qui
2721 4200 2920 4254 excitat
2943 4199 3298 4255 dormientem
3324 4199 3392 4255 de
3417 4200 3565 4270 gravi
3603 4214 3828 4256 somno.

2228 4293 2360 4350 Cum
2386 4293 2687 4349 dormiente
2708 4294 2958 4364 loquitur,
2979 4295 3068 4366 qui
3091 4302 3305 4351 enarrat
3326 4295 3492 4350 stulto
3515 4311 3531 4360 ;
3555 4303 3610 4349 et
3630 4295 3682 4350 in
3713 4295 3833 4353 ﬁne

2227 4384 2354 4442 dicit
2382 4384 2425 4453 ³,
2471 4385 2600 4453 Quis
2628 4394 2710 4440 est
2753 4385 2882 4441 hic?
2911 4385 3084 4458 Super
3125 4395 3394 4442 mortuum
3425 4387 3610 4458 plora;
3640 4387 3833 4444 deficit

2226 4479 2368 4534 enim
2402 4478 2490 4533 lux
2519 4478 2671 4548 ejus:
2717 4487 2774 4534 et
2800 4494 2962 4549 super
3008 4477 3211 4535 fatuum
3246 4479 3429 4549 plora;
3462 4479 3642 4536 deﬁcit
3663 4480 3823 4536 enim
3881 4461 3892 4518 ’ν

2226 4571 2277 4629 ei
2304 4587 2518 4629 sensus.
2551 4572 2815 4628 Modicum
2843 4574 2994 4642 plora
3019 4589 3184 4645 super
3226 4583 3493 4629 mortuum
3514 4615 3531 4641 ,
3561 4575 3828 4645 quoniam

2225 4664 2524 4736 requievit;
2570 4657 2882 4735 nequissimi
2925 4665 3069 4721 enim
3133 4666 3455 4737 nequissima
3506 4666 3612 4722 vita
3655 4682 3828 4738 super
3885 4660 3898 4738 ξ

2225 4765 2452 4813 mortem
2493 4756 2641 4811 fatui.
2692 4757 2889 4812 Luctus
2932 4757 3126 4813 mortui
3174 4767 3377 4828 septem
3410 4757 3654 4828 diebus:
3683 4757 3826 4815 fatui

2226 4858 2405 4905 autem
2433 4857 2489 4904 et
2531 4849 2701 4919 impii,
2733 4864 2922 4906 omnes
2946 4849 3064 4904 dies
3087 4850 3210 4904 vitae
3235 4851 3466 4905 illorum.
3496 4849 3563 4904 Et
3600 4861 3714 4922 post
3742 4852 3827 4906 vi-

2224 4943 2356 5016 ginti
2382 4952 2431 4997 et
2459 4959 2616 4998 unum
2641 4959 2811 4999 uersus
2849 4959 2871 4998 :
2913 4944 3131 5000 Mittens
3157 4944 3392 5014 lapidem
3440 4944 3494 4999 in
3535 4944 3774 4999 volatilia
3799 4987 3821 5014 ,

2224 5035 2438 5105 dejiciet
2457 5033 2549 5089 illa
2579 5051 2592 5089 :
2639 5034 2718 5090 sic
2741 5043 2798 5091 et
2829 5035 2920 5106 qui
2962 5035 3292 5090 conviciatur
3329 5035 3532 5102 amico,
3559 5034 3826 5092 dissolvet

2223 5129 2534 5184 amicitiam.
2566 5128 2650 5184 Ad
2695 5129 2924 5184 amicum
2957 5129 3056 5184 etsi
3085 5128 3399 5200 produxeris
3423 5128 3679 5200 gladium,
3708 5145 3824 5185 non

2224 5223 2519 5294 desperes;
2565 5229 2649 5279 est
2694 5222 2836 5278 enim
2885 5237 3183 5294 regressus.
3232 5223 3315 5279 Ad
3343 5224 3572 5279 amicum
3618 5223 3665 5278 si
3691 5239 3825 5294 ape-

2227 5316 2400 5372 rueris
2427 5330 2490 5372 os
2520 5315 2690 5383 triste,
2736 5329 2842 5370 non
2870 5315 3060 5372 timeas
3085 5333 3098 5370 :
3131 5323 3214 5372 est
3254 5316 3398 5372 enim
3426 5313 3774 5372 concordatio
3800 5331 3818 5382 ;

2289 5522 2307 5555 ι
2331 5526 2384 5571 tn
2403 5520 2676 5596 verioribus
2684 5517 2874 5596 gibbis.-
2883 5516 3185 5586 complanata
3208 5505 3242 5572 ί
3259 5517 3345 5570 ubi
3367 5531 3482 5581 vox,
3497 5515 3818 5584 corruptarum,

2224 5596 2312 5647 pro
2333 5596 2510 5647 graeco,
2988 5581 2999 5586 ⁷
3602 5581 3612 5584 ’
3802 5581 3810 5582 ί

2224 5715 2259 5718 __
2287 5647 2308 5718 ξ
2331 5648 2404 5718 sic
2426 5647 2571 5718 etiam
2606 5648 2657 5718 in
2678 5645 2889 5718 antiquis
2914 5644 3054 5694 Corb.
3090 5643 3351 5718 Bibliis._at
3385 5657 3516 5696 nunc
3547 5645 3599 5695 in
3620 5645 3820 5696 excusis

2224 5708 2424 5781 Vulgata
2436 5706 2662 5784 praefert,
2684 5713 2731 5759 et
2751 5706 2960 5772 quicum
2975 5718 3031 5779 ep
3051 5706 3297 5759 merit.
3478 5768 3492 5780 ο
3579 5767 3593 5779 υ
3772 5767 3784 5779 _

2234 5831 2262 5844 -
2290 5771 2311 5804 ’
2333 5770 2448 5820 εάιιι
2468 5769 3002 5844 ammissum!!!"
3024 5778 3193 5844 ηαννας
3221 5767 3362 5844 stqu
3383 5774 3671 5844 8W
3699 5775 3746 5821 ει
3765 5782 3814 5844 αξ

2223 5831 2322 5899 ﬁne
2656 5831 2791 5884 dicit.
2817 5839 2874 5883 At
2895 5831 3001 5883 Mar.
3026 5839 3196 5900 carent
3216 5831 3450 5900 vocibus;
3465 5831 3750 5898 sapiattim
3766 5836 3815 5886 et

2225 5892 3298 5960 itanatt‘anismuteettamagraccoabamt.
