4110 6510
321 451 421 511 961

325 574 551 636 excepto
574 561 838 628 convicio,
869 568 923 617 et
947 558 1270 632 improperio
1289 598 1304 625 ,
1336 564 1392 613 et
1418 555 1686 629 superbia,
1717 563 1772 610 et
1798 568 1916 624 my-

326 656 476 715 sterii
516 654 859 720 revelatione,
898 660 952 708 et
1000 652 1150 723 plaga
1190 648 1374 706 dolosa
1413 664 1429 714 ;
1481 648 1533 703 in
1558 647 1643 701 his
1669 643 1919 701 omnibus

324 748 549 820 effugiet
574 746 799 803 amicus.
846 744 915 799 Et
941 752 1051 815 post
1077 743 1247 798 decem
1264 757 1436 799 versus
1460 755 1480 795 :
1514 739 1644 808 Quis
1668 736 1812 793 dabit
1838 734 1918 790 ori

325 857 456 901 meo
484 839 777 898 custodiam
798 880 815 907 ,
841 846 897 894 et
924 852 1088 908 super
1117 835 1257 891 labia
1299 849 1420 890 mea
1448 831 1779 904 signaculum
1803 841 1922 883 cer-

332 945 471 999 tum,
502 943 561 990 ut
590 949 656 989 ne
681 932 868 989 cadam
894 930 961 986 ab
1000 927 1149 1000 ipsis,
1179 935 1235 983 et
1254 926 1431 997 lingua
1462 939 1580 980 mea
1609 920 1792 994 perdat
1810 931 1918 974 me.

402 1024 599 1102 [sum]
641 1024 862 1081 Domine
897 1032 1067 1094 pater,
1090 1030 1144 1077 et
1167 1020 1467 1076 dominator
1484 1018 1607 1073 vitae
1635 1029 1791 1080 mete,
1815 1025 1922 1067 non

329 1120 603 1192 relinquas
629 1133 734 1185 me,
765 1126 821 1172 et
847 1131 915 1171 ne
939 1115 1083 1170 sinas
1110 1128 1197 1168 me
1226 1110 1422 1167 cadere
1447 1109 1503 1164 in
1526 1106 1652 1164 illis.
1680 1106 1811 1173 Quis
1830 1118 1923 1159 su-

335 1218 594 1286 perponet
621 1210 674 1264 in
715 1208 949 1279 cogitatu
994 1220 1115 1261 meo
1156 1202 1401 1275 ﬂagella,
1427 1209 1483 1257 et
1523 1200 1576 1254 in
1612 1197 1775 1254 corde
1805 1209 1926 1251 meo

335 1304 630 1361 doctrinam
649 1299 946 1371 sapientiae,
965 1306 1023 1354 ut
1042 1295 1458 1368 ignoratiouibus
1473 1306 1659 1349 eorum
1680 1305 1783 1345 non
1802 1304 1929 1361 par-

337 1405 461 1453 eant
483 1395 635 1462 mihi,
666 1402 724 1450 et
747 1409 852 1449 non
883 1397 1174 1462 appareant
1213 1389 1405 1445 delicta
1445 1386 1697 1449 illorum;
1726 1398 1795 1440 ne
1827 1381 1927 1437 ad-

298 1490 635 1557 tinerescant
660 1485 972 1557 ignorantiae
997 1498 1152 1550 meae,
1184 1493 1239 1537 et
1290 1478 1711 1551 multiplicentur
1737 1475 1927 1530 delicta

304 1542 455 1657 ἔπιθι
477 1625 493 1650 ,
524 1592 579 1638 et
608 1588 821 1652 peccata
853 1594 969 1634 mea
1013 1575 1317 1641 abundent,
1346 1583 1401 1629 et
1444 1571 1670 1627 incidam
1706 1571 1760 1625 in
1800 1583 1931 1624 con-

335 1683 523 1747 spectu
568 1673 1028 1737 adversariorum,
1076 1680 1132 1726 et
1172 1667 1401 1740 gaudeat
1441 1666 1687 1721 inimicus
1735 1660 1933 1719 meus?

339 1767 563 1822 Domine
587 1774 753 1836 pater,
785 1772 841 1819 et
868 1764 1009 1818 Deus
1035 1762 1155 1815 vitae
1185 1775 1320 1815 meae
1339 1799 1356 1827 ,
1383 1774 1451 1813 ne
1481 1756 1818 1827 derelinquas
1844 1769 1931 1812 me

314 1840 393 1916 "in
436 1861 667 1931 cogitatu
696 1859 927 1913 illorum.
970 1854 1348 1911 Enollentiam
1378 1852 1655 1907 oculorum
1690 1863 1932 1904 meorum

338 1970 409 2011 ne
438 1953 651 2010 dederis
680 1951 809 2007 mihi
832 1991 848 2017 ,
877 1960 931 2005 et
958 1965 1117 2004 omne
1142 1946 1464 2003 desiderium
1503 1955 1686 2000 averte
1714 1961 1743 1998 a
1771 1959 1857 1998 me
1887 1942 1930 1998 ⁸.

339 2047 506 2104 Aufer
524 2062 554 2101 a
573 2060 661 2101 me
682 2044 882 2100 ventris
898 2041 1385 2113 coucnpisceutias;
1404 2047 1456 2094 et
1474 2037 1786 2094 concubitus
1804 2050 1933 2092 con-

339 2137 680 2209 cupiscentiae
712 2151 777 2190 ne
808 2134 1210 2205 apprehendant
1240 2147 1367 2198 me;
1410 2139 1465 2186 et
1502 2130 1694 2185 animae
1735 2130 1936 2184 irreve-

338 2231 481 2286 renti
508 2238 562 2285 et
585 2228 854 2283 infrunitze
882 2241 951 2282 ne
981 2224 1159 2281 tradas
1200 2238 1315 2279 me.
1348 2223 1654 2279 Doctrinam
1694 2220 1804 2275 oris
1840 2235 1935 2275 au-

342 2322 477 2390 dite,
509 2322 642 2390 ﬁlii;
672 2333 725 2377 et
752 2320 843 2392 qui
870 2320 1183 2376 custodierit
1212 2319 1387 2383 illam,
1421 2333 1529 2373 non
1565 2317 1738 2389 periet
1783 2314 1935 2369 labiis

341 2416 476 2484 suis,
508 2430 609 2471 nec
636 2413 1079 2471 scandalizabitur
1108 2412 1160 2466 in
1192 2410 1443 2482 operibus
1474 2407 1835 2479 nequissimis.
1877 2404 1935 2460 In

342 2510 577 2563 vanitate
621 2522 713 2561 sua
744 2504 1165 2575 apprehenditur
1191 2510 1439 2573 peccator
1458 2543 1471 2563 ,
1501 2511 1556 2555 et
1593 2499 1855 2570 superbus
1882 2508 1938 2553 et

340 2599 636 2655 maledicus
663 2597 1108 2654 scandalizabitur
1136 2595 1189 2651 in
1227 2595 1353 2650 illis.
1393 2592 1656 2649 Jurationi
1700 2608 1808 2646 nun
1846 2606 1937 2646 as-

338 2702 551 2749 suescat
578 2707 640 2747 os
671 2700 853 2756 tuum;
888 2691 1082 2745 multus
1111 2689 1254 2743 enim
1278 2702 1432 2743 casus
1460 2687 1512 2741 in
1545 2686 1654 2740 illa.
1685 2684 1939 2739 Nomina-

341 2785 418 2839 tio
446 2797 573 2840 vero
604 2784 696 2838 Dei
728 2800 831 2837 non
858 2781 927 2837 sit
952 2782 1003 2836 in
1029 2797 1124 2837 ore
1151 2790 1242 2836 tuo
1271 2780 1483 2836 assidua
1506 2821 1521 2846 ,
1550 2792 1605 2837 et
1633 2779 1938 2835 nominibus

339 2887 644 2933 sanctorum
669 2892 773 2931 non
798 2874 1169 2942 admiscearis;
1189 2875 1441 2945 quoniam
1468 2892 1573 2929 non
1602 2875 1708 2930 eris
1736 2876 1937 2928 immu-

340 2970 425 3025 nis
454 2970 522 3025 ab
549 2971 645 3025 eis.
686 2969 834 3025 Sicut
858 2968 999 3023 enim
1028 2982 1214 3023 servus
1244 2968 1599 3037 interrogatus
1636 2966 1847 3021 assidue
1866 2981 1939 3032 ,-a

338 3062 510 3117 livore
530 3077 638 3117 non
675 3060 967 3128 minuitur;
996 3061 1073 3115 sic
1100 3061 1273 3115 omnis
1293 3060 1481 3131 jurans
1502 3069 1554 3115 et
1580 3061 1859 3115 nominans
1886 3060 1940 3115 in

341 3164 486 3221 toto,
512 3172 544 3210 a
587 3165 807 3226 peccato
851 3170 958 3210 non
1003 3154 1329 3225 purgabitur.
1374 3154 1467 3207 Vir
1496 3153 1719 3207 multum
1753 3152 1940 3223 jurans

343 3248 652 3317 implebitur
682 3247 993 3317 iniquitate,
1023 3255 1077 3303 et
1118 3261 1227 3301 non
1267 3246 1503 3303 discedet
1544 3262 1575 3300 a
1604 3246 1764 3301 domo
1797 3246 1943 3302 illius

340 3338 514 3410 plaga.
543 3339 610 3394 Et
637 3340 682 3395 si
710 3339 1045 3394 frustraverit
1069 3340 1089 3369 ¹
1109 3380 1123 3405 ,
1144 3339 1396 3393 delictum
1429 3339 1566 3392 illius
1588 3354 1750 3409 super
1766 3339 1941 3410 ipsum

340 3433 484 3499 erit;
515 3441 569 3488 et
597 3433 643 3487 si
683 3433 1125 3501 dissimulaverit,
1155 3431 1413 3502 delinquit
1442 3432 1743 3502 dupliciter.
1786 3434 1855 3489 Et
1897 3434 1941 3490 si

346 3524 408 3580 in
454 3539 676 3580 vacuum
716 3525 1008 3595 juraverit,
1054 3540 1162 3579 non
1203 3525 1582 3595 justiﬁcabitur
1611 3546 1622 3582 :
1652 3528 1944 3596 replebitur

344 3617 487 3672 enim
518 3616 867 3672 retributione
897 3616 918 3647 ³
948 3616 1140 3672 domus
1168 3616 1331 3670 illius.
1361 3616 1431 3670 Et
1456 3627 1566 3687 post
1586 3627 1802 3685 quatuor
1828 3635 1941 3673 ver-

352 3727 438 3767 sus
468 3728 486 3765 :
512 3710 977 3782 lndisciplinationi
1022 3726 1130 3765 non
1181 3718 1455 3765 assuescat
1493 3708 1515 3741 ⁸
1538 3726 1598 3766 os
1642 3720 1788 3765 tuum
1823 3720 1945 3768 :est

348 3806 495 3861 enim
527 3806 579 3860 in
624 3805 710 3860 illa
741 3806 959 3860 verbum
991 3805 1211 3874 peccati.
1252 3804 1519 3858 Memento
1546 3805 1711 3874 patris
1737 3813 1791 3860 et
1832 3821 1947 3859 ma-

346 3899 444 3952 tris
483 3904 627 3962 tute;
659 3895 713 3951 in
740 3896 915 3951 medio
957 3896 1099 3951 enim
1145 3906 1511 3965 magnatorum
1552 3896 1802 3951 consistis
1834 3914 1847 3951 :
1880 3912 1946 3952 ne

346 3990 486 4046 forte
507 3990 847 4046 obliviscatur
876 4000 926 4045 te
954 3990 1094 4045 Deus
1121 3991 1171 4043 in
1201 4000 1488 4060 conspectu
1520 3990 1750 4055 illorum,
1773 4000 1827 4046 et
1852 4006 1943 4046 as-

348 4086 597 4142 siduitate
624 4093 711 4139 tua
742 4084 1030 4138 infamatus
1060 4084 1442 4152 improperium
1474 4082 1723 4152 patiaris,
1748 4092 1802 4137 et
1829 4098 1945 4137 ma-

347 4177 542 4233 luisses
568 4193 671 4232 non
703 4176 879 4244 nasci,
909 4184 961 4230 et
989 4175 1130 4229 diem
1163 4173 1451 4228 nativitatis
1491 4180 1596 4228 tuae
1636 4173 1945 4230 maledicas.

347 4270 524 4326 Homo
548 4278 789 4324 assuetus
818 4269 872 4323 in
903 4269 1080 4323 verbis
1113 4266 1444 4337 improperii,
1476 4266 1528 4321 in
1560 4267 1809 4323 omnibus
1836 4267 1950 4323 die-

347 4362 448 4418 bus
472 4362 584 4417 suis
608 4378 714 4417 non
743 4360 1037 4416 erudietur.
1084 4360 1198 4413 Duo
1228 4374 1423 4429 genera
1450 4359 1724 4414 abundant
1749 4361 1801 4414 in
1828 4375 1952 4430 pec-

348 4456 504 4523 catis,
532 4465 587 4511 et
617 4456 828 4511 tertium
860 4453 1078 4508 adducit
1104 4451 1238 4507 iram
1270 4461 1324 4506 et
1351 4451 1724 4521 perditionem.
1757 4452 1948 4506 Anima

348 4547 520 4603 calida
551 4548 700 4618 quasi
726 4547 862 4618 ignis
888 4546 1082 4602 ardens
1108 4561 1215 4600 non
1236 4547 1624 4617 exstinguetur,
1648 4545 1821 4600 donec
1849 4546 1945 4600 ali-

349 4640 476 4710 quid
524 4639 747 4710 glutiat;
790 4647 845 4694 et
891 4639 1051 4692 homo
1095 4652 1324 4707 nequam
1369 4638 1424 4691 in
1467 4652 1564 4692 ore
1608 4636 1785 4691 carnis
1838 4652 1950 4691 suae

350 4747 456 4787 non
482 4731 711 4799 desinet,
734 4731 905 4785 donec
935 4730 1181 4785 incendat
1208 4730 1402 4799 ignem.
1433 4727 1503 4781 Et
1540 4736 1649 4798 post
1678 4727 1803 4781 duos
1842 4742 1951 4781 ver-

347 4840 435 4880 m
466 4840 485 4879 :
512 4823 696 4879 Omnis
740 4822 900 4877 homo
949 4822 1038 4893 qui
1083 4819 1469 4891 transgreditur
1522 4820 1720 4876 lectum
1768 4834 1951 4908 suum,

349 4929 699 4976 contemnens
729 4920 781 4973 in
808 4920 1040 4973 animant
1066 4932 1239 4984 suam,
1267 4925 1320 4970 et
1347 4916 1533 4970 dicens
1555 4956 1569 4979 ,
1596 4914 1727 4981 Quis
1763 4930 1849 4970 me
1875 4915 1957 4970 vi-

349 5012 486 5069 det?
526 5012 761 5068 tenebrae
801 5009 1136 5066 circumdant
1165 5023 1273 5072 me,
1301 5016 1357 5063 et
1386 5007 1613 5079 parietes
1640 5007 1955 5078 cooperiunt

352 5122 475 5173 me,
507 5115 561 5161 et
598 5120 757 5160 nemo
793 5102 1154 5173 circumSpicit
1195 5117 1319 5168 me;
1359 5117 1517 5173 quem
1556 5102 1782 5157 verear?
1814 5101 1951 5157 deli-

350 5209 561 5255 ctorum
589 5214 829 5254 meorum
860 5214 969 5253 non
994 5195 1378 5253 memorabitur
1404 5196 1733 5264 Altissimus,
1760 5206 1816 5253 et
1844 5212 1953 5254 non

419 5318 436 5348 ί
462 5321 514 5364 tn
539 5314 715 5374 editis,
740 5312 1036 5379 desiderium:
1064 5326 1269 5379 prauum
1297 5319 1456 5366 avem
1487 5326 1519 5364 a
1539 5327 1631 5366 me.
1656 5315 1805 5366 Abest
1836 5329 1950 5379 vox,

352 5390 576 5437 pravum,
600 5389 629 5426 a
656 5387 757 5426 uss.
786 5384 838 5426 et
859 5390 888 5425 a
906 5376 1256 5427 sacris'Bibliis.

419 5443 440 5471 ²
464 5441 603 5502 Editi,
626 5444 679 5488 Et
700 5437 744 5489 si
760 5437 1063 5502 frustraverit
1083 5439 1304 5501 fratrem.
1329 5439 1493 5502 Abest,
1513 5437 1730 5501 ﬁ'atrem,
1747 5453 1775 5489 a
1790 5454 1951 5502 graeco

354 5509 409 5565 et
422 5514 451 5552 a
474 5501 692 5565 Vulgata,
710 5501 900 5565 necnon
914 5514 943 5550 a
957 5503 1108 5565 negio
1128 5508 1207 5551 Ms.
1226 5502 1313 5564 qui
1327 5501 1486 5552 codex
1504 5514 1609 5562 pro,
1628 5501 1950 5565 frustraverit,

354 5564 524 5635 mea,
544 5560 1004 5635 Ιῗιιεεξςξᾱιινιιρςτίι·

357 5624 619 5738 Ηέιὲἱίὲἱι
639 5624 783 5737 (aditis
819 5625 1026 5686 additur,
1050 5624 1274 5689 pessima,
1300 5638 1399 5689 quo
1418 5624 1572 5676 verbo
1592 5631 1701 5676 Mss.
1746 5632 1798 5676 et
1818 5638 1954 5678 sacra

617 5701 645 5737 e
705 5722 719 5737 .

481 5699 510 5737 a
531 5695 719 5738 carent.

420 5748 961 5815 ‘tnrnutensis_codex,
982 5746 1348 5815 fndisde
1364 5763 1459 5801 non
1473 5758 1732 5815 assuescat.
1754 5753 1951 5815 Regius,

752 5809 993 5877 juratioui
1012 5809 1543 5877 νειιοᾴμειςεηϐνωοαε
1563 5813 1761 5863 demum
1784 5809 1954 5877 te'xtus

354 5873 719 5947 in
896 5882 1038 5947 sonat
1053 5908 1070 5937 ,
1564 5876 1843 5931 temeraria:
1861 5891 1881 5941 ;
1902 5879 1954 5930 in

351 5937 484 5999 aliis,
514 5937 899 6002 lntcmpcrm
908 5937 1194 6002 juranenti.

1562 440 1652 497 DE
1691 432 2074 497 SCRIPTURA
2114 431 2333 491 SACRA
2345 471 2358 487 .

3500 439 3607 498 962

2025 549 2309 621 intelliget,
2338 551 2586 620 quoniam
2621 564 2731 606 non
2756 549 2901 607 videt
2929 549 3118 607 oculus
3145 542 3603 624 illiust'quoniam

2026 642 2293 713 expellet‘
2324 658 2352 697 a
2374 658 2432 699 se
2457 644 2700 701 timorem
2730 644 2821 700 Dei
2845 643 3143 716 hujusmodi
3171 644 3401 703 hominis
3428 648 3606 718 timor,

2025 743 2082 792 et
2110 736 2247 791 oculi
2291 736 2565 793 hominum
2614 739 2861 795 timentes
2904 740 3070 796 illum.
3113 742 3179 796 Et
3217 757 3324 797 non
3361 745 3612 815 cognovit

2026 826 2276 897 quoniam
2317 831 2458 885 oculi
2504 830 2715 886 Domini
2760 831 2877 902 plus
2920 834 3087 889 multo
3126 834 3410 893 lucidiores
3452 854 3613 909 super

2028 920 2215 988 solem,
2237 921 2727 993 circumspicientes
2754 940 2940 981 omnes
2967 927 3079 982 vias
3100 926 3373 983 hominum
3405 939 3461 985 et
3486 946 3611 1001 pro-

2027 1008 2249 1068 fundum
2276 1015 2476 1087 abyssi,
2516 1025 2570 1072 et
2608 1016 2882 1074 hominum
2912 1019 3073 1075 corda
3101 1020 3365 1079 intuentes
3404 1022 3456 1078 in
3487 1023 3615 1081 abs-

2027 1106 2268 1162 conditas
2294 1120 2496 1178 partes.

2100 1201 2170 1256 Et
2213 1204 2366 1274 paulo
2412 1213 2523 1274 post
2560 1202 2740 1279 [xxv.]
2772 1223 2784 1260 :
2815 1205 2943 1276 Quae
2973 1208 3026 1263 in
3070 1210 3348 1280 juventute
3378 1222 3465 1269 tua
3509 1232 3615 1271 non

2030 1288 2382 1359 congregasti,
2397 1291 2663 1359 quomodo
2684 1290 2921 1348 invenies
2940 1293 2996 1349 in
3014 1307 3286 1354 senectute
3309 1300 3429 1355 tua?
3445 1301 3615 1368 Quam

2033 1379 2329 1446 speciosum
2351 1382 2562 1437 canitiei
2578 1382 2859 1453 judicium,
2877 1392 2931 1440 et
2946 1389 3271 1460 presbyteris
3291 1407 3619 1463 cognoscere

2033 1471 2345 1528 consilium!
2377 1473 2544 1541 Quam
2574 1476 2813 1545 speciosa
2843 1481 3106 1534 veteranis
3131 1483 3411 1551 sapientia,
3435 1495 3490 1542 et
3508 1487 3621 1556 glo-

2033 1563 2189 1619 riosis
2219 1566 2519 1623 intellectus
2544 1577 2599 1626 et
2636 1571 2953 1627 consilium!
2995 1573 3203 1631 Corona
3241 1592 3427 1633 senum
3456 1581 3621 1636 multa

2035 1660 2240 1729 peritia,
2267 1668 2320 1715 et
2347 1662 2511 1731 gloria
2533 1663 2744 1719 illorum
2770 1666 2931 1722 timor
2952 1667 3069 1722 Dei.
3094 1668 3161 1722 Et
3187 1681 3297 1739 post
3321 1671 3488 1726 decem
3509 1690 3622 1728 ver-

2032 1767 2123 1805 sus
2146 1768 2168 1806 :
2195 1752 2377 1807 Timor
2401 1755 2491 1809 Dei
2530 1770 2689 1826 super
2715 1760 2892 1813 omnia
2939 1774 2998 1815 se
3036 1765 3394 1833 superposuit.
3426 1766 3619 1823 Beatus

2034 1845 2120 1899 cui
2165 1844 2417 1901 donatum
2448 1857 2529 1903 est
2571 1850 2765 1905 habere
2805 1851 3051 1908 timorem
3080 1856 3191 1909 Dei.
3240 1856 3338 1925 Qui
3370 1860 3520 1915 timet
3560 1861 3624 1915 il-

2036 1936 2147 1991 lum
2175 1939 2230 2005 ',
2262 1939 2348 1992 cui
2375 1940 2797 1998 assimilabitur?
2834 1943 2902 1999 Et
2933 1956 3041 2012 post
3084 1949 3255 2019 viginti
3290 1967 3459 2006 versus
3497 1970 3516 2007 .'
3544 1952 3624 2010 Ne

2038 2030 2290 2099 reSpicias
2332 2031 2567 2087 mulieris
2608 2036 2861 2105 speciem,
2892 2049 2944 2094 et
2981 2056 3089 2095 non
3117 2044 3465 2114 concupiscas
3509 2062 3626 2103 mu-

2038 2118 2221 2175 lierem
2249 2121 2302 2176 in
2332 2124 2528 2192 specie.

2110 2212 2181 2267 Et
2209 2224 2319 2284 post
2348 2217 2554 2289 triginta
2588 2228 2685 2273 tres
2729 2237 2897 2277 versus
2935 2221 3133 2299 [ἰδίη]
3165 2227 3390 2285 :Mulier
3414 2230 3624 2288 ebriosa

2040 2307 2115 2363 ira
2142 2324 2363 2380 magna;
2389 2320 2442 2365 et
2465 2314 2804 2379 contumelia,
2829 2326 2883 2371 et
2911 2320 3181 2397 turpitudo
3203 2322 3341 2377 illius
3368 2340 3471 2379 non
3498 2341 3626 2381 con-

2043 2409 2268 2471 legetur.
2302 2402 2603 2459 Fornicatio
2634 2407 2874 2463 mulieris
2908 2410 2960 2463 in
3005 2412 3314 2469 extollentia
3349 2418 3623 2473 oculorum

2041 2503 2093 2547 et
2119 2492 2170 2547 in
2194 2494 2462 2563 palpebris
2483 2496 2622 2552 illius
2648 2509 2981 2568 agnoseetur.
3013 2500 3069 2557 In
3101 2504 3204 2559 ﬁlia
3227 2523 3330 2561 non
3348 2519 3626 2566 avertente

2042 2600 2099 2639 se
2120 2584 2161 2649 ³,
2186 2587 2335 2640 ﬁrma
2352 2588 2667 2657 custodiam,
2688 2606 2755 2647 ne
2776 2591 2986 2648 iuventa
3008 2597 3287 2654 occasione
3319 2608 3568 2658 utaturse
3582 2602 3624 2657 ⁸.

2041 2679 2126 2733 Ab
2149 2681 2294 2734 omni
2318 2682 2661 2738 irreverentia
2678 2686 2952 2741 oculorum
2979 2688 2999 2720 ⁸
3026 2705 3190 2757 cave;
3240 2703 3293 2748 et
3323 2709 3389 2748 ne
3412 2695 3625 2751 mireris

2043 2772 2088 2828 si
2119 2782 2169 2829 te
2195 2776 2506 2846 neglexerit.
2550 2778 2616 2832 Et
2657 2789 2768 2848 post
2802 2791 3020 2854 quatuor
3047 2801 3218 2840 versus
3245 2801 3264 2841 :
3293 2787 3473 2844 Gratia
3512 2806 3629 2845 mu-

2042 2864 2189 2922 lieris
2215 2867 2413 2923 sedulae
2438 2869 2723 2927 delectabit
2751 2873 2918 2927 virmn
2944 2890 3123 2945 suum,
3152 2886 3207 2933 et
3224 2892 3345 2934 ossa
3366 2880 3505 2936 illius
3529 2882 3630 2937 im-

2043 2961 2316 3032 piuguabit
2354 2962 2630 3035 disciplina
2658 2966 2815 3021 illius.
2859 2968 3022 3023 Datus
3066 2970 3159 3025 Dei
3198 2972 3389 3028 mulier
3417 2983 3627 3030 sensata

2044 3064 2098 3110 et
2122 3062 2277 3111 tacita
2311 3075 2323 3111 :
2357 3073 2463 3112 non
2491 3068 2573 3113 est
2609 3058 2905 3116 immutatio
2938 3063 3159 3119 eruditae
3199 3065 3409 3120 animae.
3450 3065 3631 3123 Gratia

2046 3164 2204 3219 super
2226 3150 2446 3220 gratiam
2470 3193 2484 3216 ,
2518 3152 2710 3207 mulier
2737 3163 2917 3209 sancta
2944 3163 2998 3210 et
3024 3156 3298 3225 pudorata.
3329 3157 3515 3213 Omnis
3537 3174 3632 3214 au-

2046 3250 2154 3296 tem
2186 3242 2500 3312 ponderatio
2530 3259 2635 3298 non
2666 3256 2748 3300 est
2787 3246 2945 3317 digna
2972 3249 3293 3304 continentis
3315 3251 3526 3306 animae.
3559 3250 3630 3305 Et

2046 3342 2158 3405 post
2183 3335 2444 3390 duodecim
2489 3353 2659 3392 versus
2681 3352 2701 3392 :
2726 3336 2793 3392 Et
2818 3338 2909 3409 qui
2956 3340 3337 3411 transgreditur
3363 3357 3394 3396 a
3428 3344 3631 3412 justitia

2045 3426 2112 3481 ad
2139 3436 2434 3496 peccatum,
2468 3429 2608 3483 Deus
2633 3430 2843 3499 paravit
2871 3446 2992 3485 eum
3017 3432 3083 3487 ad
3113 3432 3499 3503 rhomphaeam.

2119 3518 2186 3571 Et
2214 3527 2323 3588 post
2349 3529 2563 3591 quatuor
2589 3538 2756 3575 versus
2783 3519 3002 3594 [κινῇ]
3028 3540 3040 3575 :
3069 3524 3135 3577 Et
3160 3525 3249 3594 qui
3269 3526 3461 3594 qumrit
3482 3528 3632 3583 locu-

2048 3611 2238 3682 pletari
2264 3652 2278 3677 ,
2306 3613 2496 3667 avertit
2537 3613 2746 3669 oculum
2790 3630 2964 3669 suum.
3007 3616 3075 3670 Et
3117 3625 3227 3688 post
3273 3624 3371 3674 tres
3417 3636 3587 3676 versus
3613 3638 3633 3676 :

2049 3703 2361 3759 Conteretur
2399 3704 2420 3736 °
2450 3704 2727 3760 delictum.
2768 3706 2821 3761 Si
2865 3723 2969 3761 non
3014 3708 3068 3763 in
3105 3708 3291 3765 timore
3321 3710 3530 3767 Domini
3558 3722 3636 3769 te-

2049 3797 2229 3850 nueris
2261 3805 2311 3851 te
2336 3797 2612 3863 instanter,
2642 3799 2749 3853 cito
2775 3800 3111 3856 subvertetur
3131 3803 3321 3860 domus
3352 3814 3458 3861 tua.
3487 3806 3636 3862 Sicut

2050 3890 2103 3944 in
2125 3900 2404 3960 pertusura
2426 3893 2445 3923 "
2468 3893 2628 3948 cribri
2650 3895 2945 3948 remanebit
2966 3895 3154 3965 pulvis,
3174 3898 3248 3953 sic
3267 3900 3445 3969 aporia
3466 3900 3639 3956 homi-

2051 3984 2134 4038 nis
2164 3984 2215 4037 in
2240 3984 2468 4054 cogitatu
2492 3986 2652 4041 illius.
2681 3986 2817 4041 Vasa
2838 3987 2982 4058 ﬁguli
3009 3989 3197 4058 probat
3226 3990 3431 4059 fornax,
3455 4002 3509 4049 et
3530 3996 3631 4049 ho-

2053 4078 2223 4133 mines
2243 4078 2415 4147 justos
2441 4081 2660 4134 tentatio
2686 4079 3058 4136 tribulationis.
3089 4081 3239 4138 Sicut
3266 4086 3540 4141 rusticatio
3568 4086 3634 4143 de

2052 4170 2196 4241 ligno
2211 4171 2443 4226 ostendit
2462 4170 2690 4226 fructum
2705 4172 2865 4239 illius,
2882 4173 2960 4228 sic
2973 4174 3193 4229 verbum
3211 4190 3276 4229 ex
3296 4177 3526 4248 cogitatu
3545 4179 3640 4235 ho-

2053 4262 2212 4318 minis
2240 4263 2435 4318 cordis.
2478 4265 2616 4320 Ante
2653 4280 2957 4320 sermonem
2989 4282 3094 4322 nou
3125 4269 3394 4324 collaudes
3429 4272 3637 4327 virum:

2055 4356 2171 4412 haec
2191 4358 2332 4412 enim
2356 4358 2576 4413 tentatio
2596 4369 2677 4414 est
2699 4360 2991 4414 hominum.
3021 4358 3076 4415 Si
3098 4375 3337 4430 sequaris
3356 4362 3638 4433 justitiam,

2055 4451 2425 4521 apprehendes
2450 4452 2624 4518 illam,
2643 4461 2698 4507 et
2723 4452 2909 4507 indues
2931 4454 3079 4523 quasi
3112 4454 3362 4524 poderem
3392 4455 3639 4521 honoris;

2055 4552 2108 4597 et
2130 4542 2393 4597 habitabis
2416 4558 2535 4597 cum
2558 4559 2641 4610 ea,
2671 4554 2725 4599 et
2750 4553 2989 4615 proteget
3013 4554 3064 4601 te
3084 4546 3138 4601 in
3163 4558 3567 4618 sempiternum,
3590 4562 3643 4604 et

2057 4638 2109 4692 in
2139 4637 2226 4694 die
2252 4638 2535 4708 agnitionis
2567 4640 2802 4695 invenies
2845 4640 3253 4696 ﬁrmamentum.
3296 4641 3539 4698 Volatilia
3574 4643 3642 4699 ad

2058 4729 2156 4786 sibi
2185 4729 2375 4784 similia
2407 4731 2746 4797 conveniunt,
2774 4742 2828 4786 et
2856 4732 3050 4787 veritas
3081 4733 3148 4788 ad
3175 4748 3270 4789 eos
3298 4734 3386 4805 qui
3414 4750 3644 4806 operan-

2059 4834 2144 4881 tur
2168 4824 2310 4879 illam
2337 4834 2649 4881 revertetur.
2679 4825 2787 4883 Leo
2811 4826 3079 4883 venatiOni
3108 4828 3388 4885 insidiatur
3407 4845 3642 4902 semper,

2058 4917 2137 4973 sic
2163 4927 2377 4989 peccata
2397 4918 2747 4989 operantibus
2766 4919 3116 4991 iniquitatem.
3158 4920 3329 4976 Homo
3350 4930 3564 4977 sanctus
3586 4923 3641 4978 in

2057 5012 2316 5085 sapientia
2344 5022 2523 5070 manet
2545 5011 2682 5069 sicut
2710 5013 2790 5070 sol
2818 5030 2832 5070 :
2860 5028 2981 5070 nam
3008 5014 3201 5071 stultus
3224 5016 3359 5071 sicut
3381 5015 3506 5072 luna
3535 5016 3641 5071 im-

2122 5187 2140 5219 ί
2165 5187 2340 5249 Regius
2353 5185 2509 5253 codex
2650 5198 2745 5236 non
2762 5184 2982 5253 uitellig‘it

2058 5255 2169 5313 gata
2188 5263 2201 5313 ς
2228 5246 2283 5299 Et
2301 5262 2393 5299 non
2414 5246 2637 5313 intelligit
2657 5249 2882 5313 quoniam

2057 5309 2477 5377 quottiarnexpeltit
2495 5324 2527 5359 a
2546 5309 2614 5377 se,
2641 5309 2736 5361 etc.

2121 5376 2141 5406 ¹
2164 5382 2301 5424 Sacra
2322 5371 2487 5432 B'iblia,
2512 5371 2599 5433 Qui
2621 5378 2746 5423 tenet
2762 5372 2915 5424 illum.

2122 5435 2435 5497 aIsditi,non
2462 5435 2735 5487 advertente
2763 5445 2981 5487 se:tuss.
3007 5448 3118 5487 cum
3138 5435 3647 5500 Vulgatamonauer-

2059 5503 2411 5623 mitgf'mgd.
2436 5568 2555 5623 Ven.
2580 5566 2688 5610 Lov.
2708 5559 2910 5623 habent,
2934 5558 3157 5612 abutatur
3172 5573 3240 5613 se.
3263 5567 3321 5611 Μ.

2120 5620 2392 5700 ’,Χιιίϐθῐῖλν
2424 5621 2670 5674 οειιιονωη
2698 5620 2820 5685 eius.
2855 5620 3074 5675 attamen
3102 5625 3262 5687 abest,
3287 5622 3412 5688 ejus,
3435 5634 3463 5671 a
3507 5620 3648 5671 Corb.

2058 5687 2353 5799 “illam.
2381 5745 2558 5810 codex,
2581 5752 2905 5800 Convertetur.
2953 5747 3153 5815 Vulgata
3169 5785 3184 5813 ,
3227 5752 3507 5801 conteretur
3539 5755 3650 5797 cum

2059 5812 2363 5860 detimmente
2386 5808 2631 5860 delictum.

2059 5812 2368 5990 άεέῖἕξειῗηὶἕ
2384 5812 2697 5938 ﬁmo,
2720 5877 2825 5926 sive
2842 5880 3117 5940 pertusura.
3136 5873 3353 5941 Vulgata,
3372 5875 3423 5927 in
3455 5885 3653 5939 percus-

2061 5953 2147 5990 δια
2181 5971 2194 5987 .

2061 5953 2194 5992 cura.

3247 5183 3392 5245 videt,
3412 5191 3508 5235 etc.
3533 5181 3645 5235 Vul-

3105 5248 3232 5299 videt
3269 5246 3435 5299 oculus
3474 5245 3608 5298 illius
3621 5285 3637 5309 ,
