4110 6436
549 442 652 501 963

547 560 798 612 mutatur.
817 546 873 612 in
896 542 1075 614 medio
1094 550 1484 615 insensatorum
1501 567 1657 628 serva
1680 553 1900 609 verbum
1921 559 2128 623 tempo-

545 647 593 703 ri
623 648 716 715 :_in
758 649 932 704 medio
959 658 1133 704 autem
1161 647 1500 719 cogitantium
1540 644 1786 703 assiduus
1819 653 1954 702 esto.
1993 628 2130 701 Nar-

548 740 684 795 ratio
712 740 1042 811 peccantium
1087 738 1300 804 odiosa,
1326 747 1382 794 et
1418 739 1556 795 risus
1598 752 1783 794 eorum
1825 737 1880 792 in
1922 734 2129 793 delictis

545 831 766 902 peccati.
790 822 1021 901 Loqucla
1045 829 1269 884 multum
1287 828 1471 900 juraus
1492 818 1949 900 horripilationem
1971 826 2130 896 capiti

543 929 759 989 statuet,
783 930 835 977 et
862 922 1205 976 irreverentia
1233 919 1400 989 ipsius
1425 918 1691 975 obturatio
1717 919 1944 974 aurium.
1976 914 2126 972 Effu-

541 1013 623 1069 sio
646 1012 915 1086 sanguinis
939 1012 990 1068 in
1021 1013 1133 1068 rixa
1163 1012 1515 1083 superborum
1535 1053 1549 1077 ,
1576 1022 1631 1067 et
1657 1002 1958 1068 maledictio
2004 1009 2129 1091 illo-

542 1123 657 1163 rum
685 1106 895 1161 auditus
919 1105 1114 1177 gravis.
1144 1107 1245 1173 Qui
1269 1104 1504 1161 denudat
1528 1120 1723 1159 arcana
1752 1102 1930 1169 amici,
1958 1098 2132 1173 perdit

541 1198 721 1265 fidem,
740 1207 794 1255 et
815 1210 921 1254 non
940 1197 1168 1254 inveniet
1185 1199 1412 1253 amicum
1435 1196 1501 1251 ad
1519 1197 1752 1251 animum
1769 1204 1944 1251 suum.
1965 1190 2130 1267 Dilige

542 1293 865 1363 proximum,
895 1301 949 1348 et
973 1292 1296 1363 conjungere
1334 1290 1437 1346 fide
1467 1306 1586 1345 cum
1620 1290 1710 1345 illo
1742 1309 1754 1349 ;
1785 1289 1925 1361 quod
1955 1289 2000 1345 si
2030 1288 2125 1345 de-

539 1383 819 1440 nutlaveris
840 1382 1147 1440 abscondita
1170 1382 1330 1449 illius,
1359 1400 1464 1439 non
1484 1384 1817 1454 persequaris
1840 1392 1960 1454 post
1979 1398 2120 1437 cum.

545 1475 693 1531 Sicut
719 1477 865 1532 enim
910 1476 1067 1531 homo
1104 1477 1193 1547 qui
1238 1475 1407 1547 perdit
1448 1476 1677 1530 amicum
1714 1491 1900 1539 suum,
1932 1475 2009 1530 sic
2036 1474 2127 1545 qui

542 1565 715 1637 perdit
742 1568 1025 1622 amicitiam
1071 1566 1299 1638 proximi
1343 1567 1447 1622 sui.
1491 1566 1557 1620 Et
1595 1567 1733 1620 sicut
1772 1565 1862 1636 qui
1911 1564 2128 1620 dimittit

537 1667 687 1712 avem
715 1657 782 1713 de
811 1673 968 1713 manu
1015 1671 1109 1713 sua
1129 1699 1145 1722 ,
1175 1655 1538 1735 sic.reliquisti
1576 1656 1592 1688 ³
1624 1655 1921 1726 proximum
1955 1665 2123 1723 tuum,

536 1752 592 1806 et
616 1766 720 1805 non
742 1765 862 1806 eum
883 1751 1079 1821 capies.
1106 1749 1220 1805 Non
1244 1749 1388 1804 illum
1411 1750 1666 1819 sequaris,
1691 1752 1942 1820 quoniam
1971 1748 2127 1825 longe

536 1842 705 1897 abest.
748 1840 943 1912 Effugit
964 1841 1103 1896 enim
1133 1840 1282 1911 quasi
1307 1854 1497 1909 caprea
1523 1838 1590 1894 de
1621 1838 1843 1910 laqueo;
1875 1839 2125 1910 quoniam

538 1932 809 1985 vulnerata
835 1937 919 1986 est
944 1931 1116 1985 anima
1150 1930 1303 2001 ejus;
1332 1939 1386 1984 et
1431 1929 1568 1983 ultra
1610 1945 1730 1982 eum
1776 1946 1879 1983 non
1926 1928 2125 2000 poteris

538 2022 809 2091 colligare.
849 2022 914 2076 Et
943 2020 1205 2075 maledicti
1234 2028 1315 2074 est
1340 2017 1681 2074 concordatio
1706 2036 1717 2072 :
1742 2017 2012 2074 denudare
2031 2036 2125 2075 au-

537 2120 641 2166 tem
676 2113 829 2167 amici
873 2113 1154 2184 mysteria,
1182 2111 1485 2182 desperatio
1531 2119 1612 2165 est
1644 2113 1836 2165 anima:
1876 2105 2120 2168 infelicis.

536 2204 793 2259 Annuens
812 2202 979 2258 oculis
1007 2202 1229 2257 fabricat
1264 2199 1464 2271 iniqua,
1484 2209 1536 2256 et
1562 2212 1718 2273 nemo
1744 2217 1864 2256 cum
1886 2201 2120 2272 abjiciet.

539 2295 595 2351 In
625 2306 911 2365 eonSpeetu
940 2296 1213 2351 oculorum
1257 2301 1465 2349 morum
1493 2294 1829 2349 condnlcabit
1857 2310 1918 2350 os
1944 2311 2120 2363 suum,

534 2398 591 2444 et
609 2403 767 2457 super
786 2398 1061 2442 sermones
1085 2397 1202 2441 tuos
1224 2385 1573 2442 admirabitut'
1596 2404 1609 2440 :
1636 2387 1923 2441 novissime
1945 2396 2119 2440 autem

536 2487 801 2548 pervertet
826 2493 886 2531 os
911 2494 1063 2532 suum
1081 2519 1096 2542 ,
1121 2486 1174 2532 et
1200 2476 1252 2531 in
1280 2476 1454 2531 verbis
1484 2476 1586 2530 tuis
1612 2474 1759 2531 dabit
1790 2477 2118 2531 scandalum.

533 2568 691 2625 Multa
723 2570 892 2635 odivi,
923 2578 1122 2625 etnon
1166 2571 1434 2639 comquavi
1475 2568 1557 2632 ei;
1589 2576 1641 2624 et
1687 2569 1939 2623 Dominus
1977 2570 2123 2623 odiet

480 2726 491 2733 _
532 2662 700 2715 illum.
742 2659 810 2716 Et
837 2670 946 2731 post
977 2660 1105 2714 duos
1126 2677 1294 2714 versus
1317 2675 1336 2713 :
1362 2658 1459 2726 Qui
1487 2658 1693 2713 foveam
1720 2657 1849 2713 fodit
1868 2701 1883 2727 ,
1911 2658 2123 2715 decidet

530 2752 585 2807 in
625 2753 795 2817 illam;
823 2760 880 2806 et
903 2752 993 2822 qui
1024 2752 1206 2806 statuit
1234 2751 1461 2821 lapidein
1494 2752 1765 2820 proximo,
1792 2750 2023 2805 offendet
2069 2750 2119 2806 in

532 2860 631 2911 eo;
654 2855 709 2900 et
727 2845 815 2915 qui
847 2845 1089 2915 laqueum
1130 2843 1219 2897 alii
1246 2846 1413 2913 parat,
1446 2842 1638 2912 peribit
1666 2843 1714 2895 in
1745 2843 1854 2896 illo.
1882 2838 2118 2897 Facienti

531 2940 912 3008 nequissimum
955 2934 1232 2991 consilium
1253 2976 1268 3001 ,
1297 2949 1457 3005 super
1496 2935 1641 2987 illum
1672 2933 2025 2998 devolvetur;
2067 2943 2120 2989 et

530 3037 639 3084 n'on
655 3038 906 3099 agnoscet
923 3022 1063 3082 unde
1079 3026 1326 3081 adveniet
1346 3026 1441 3080 illi.
1461 3026 1655 3093 lllusio,
1670 3035 1725 3081 et
1740 3025 2118 3095 improperiunt

532 3122 905 3192 superborum,
928 3129 983 3174 et
1003 3119 1232 3173 vindicta
1258 3119 1397 3172 sicut
1424 3119 1506 3171 leo
1532 3117 1867 3172 insidiabitur
1893 3116 1990 3172 illi.
2018 3116 2120 3172 La-

528 3224 668 3283 queo
695 3212 942 3282 peribunt
970 3210 1059 3281 qui
1087 3210 1423 3264 obiectantur
1446 3222 1571 3264 casu
1592 3208 1881 3280 justorum.

601 3304 668 3359 Et
690 3313 801 3373 post
831 3313 930 3358 tres
956 3318 1125 3357 verm
1161 3298 1406 3376 [xxvnn]
1436 3321 1448 3354 :
1477 3302 1575 3370 Qui
1618 3301 1873 3356 vindicari
1909 3300 2054 3377 vult,
2085 3318 2115 3357 a

530 3397 639 3451 Deo
667 3395 898 3452 inveniet
919 3395 1226 3460 vindictam,
1256 3403 1310 3450 et
1336 3402 1549 3465 peccata
1580 3393 1719 3448 illius
1744 3408 1965 3449 servans
1998 3409 2114 3451 ser-

528 3489 694 3542 vabit.
733 3487 995 3557 Relinque
1037 3487 1277 3556 proximo
1312 3495 1402 3539 tuo
1429 3486 1637 3539 nocenti
1665 3494 1716 3540 te
1735 3526 1748 3551 ,
1777 3495 1831 3540 et
1861 3495 1984 3540 tunc
2013 3486 2114 3541 de-
2144 3542 2157 3551 ,

482 3595 486 3599 ‘
526 3579 760 3650 precanti
792 3579 882 3632 tibi
905 3585 1121 3648 peccata
1147 3576 1438 3631 solventur.
1468 3575 1636 3629 llomo
1659 3576 1856 3629 homini
1880 3585 2116 3632 reservat

527 3670 683 3737 itam,
714 3678 771 3725 et
795 3684 826 3723 a
856 3669 965 3723 Deo
1003 3666 1192 3737 quaerit
1221 3665 1521 3720 medelam!
1564 3664 1618 3718 In
1652 3664 1921 3721 hominem
1962 3666 2111 3720 simi-

524 3762 631 3821 lem
656 3761 758 3817 sibi
787 3777 893 3815 non
922 3761 1080 3814 habet
1107 3758 1546 3823 misericordiam,
1577 3758 1722 3813 etde
1753 3760 1981 3828 peccatis
2003 3759 2114 3813 suis

526 3853 872 3923 deprecaturl
918 3852 1033 3919 ipse
1052 3865 1171 3903 cum
1196 3863 1320 3902 caro
1347 3849 1433 3911 sit,
1462 3856 1700 3902 reservat
1729 3849 1877 3912 iram,
1912 3856 1962 3903 et
1990 3862 2114 3919 pro-

526 3943 859 4013 pitiatinnem
891 3943 1020 4010 petit
1060 3957 1090 3995 a
1131 3940 1284 3994 Deo!
1326 3940 1455 4006 Quis
1485 3940 1725 3994 exorabit
1769 3955 1865 4009 pro
1904 3940 2113 3996 delictis

526 4033 708 4089 illius?
745 4033 1010 4088 Metuento
1035 4032 1469 4097 novissimorum,
1494 4041 1548 4085 et
1582 4032 1772 4085 desine
1817 4032 2108 4086 initnieari:

527 4126 766 4182 tabitudo
794 4127 957 4191 enim,
982 4136 1034 4180 et
1060 4140 1202 4180 mors
1230 4124 1475 4179 imminet
1502 4126 1551 4176 in
1580 4124 1843 4177 mandatis
1868 4125 1978 4177 Dei.
2005 4126 2113 4180 Me-

524 4234 735 4274 morare
765 4218 1010 4274 timorem
1042 4219 1168 4281 Dei,
1200 4226 1257 4271 et
1285 4231 1392 4270 non
1420 4216 1666 4269 irascaris
1697 4217 1958 4285 proximo.
2002 4217 2112 4273 Me-

524 4327 736 4367 morare
763 4311 1064 4366 tetttantenti
1099 4308 1388 4375 Altissimi,
1420 4317 1473 4362 et
1501 4307 1716 4377 despice
1759 4308 2109 4378 ignorantiam

523 4404 774 4476 proximi.
814 4403 1037 4458 Abstine
1061 4410 1112 4455 te
1136 4416 1167 4456 a
1197 4401 1318 4466 lite,
1346 4410 1402 4456 et
1425 4400 1634 4454 minues
1664 4409 1896 4468 peccata.
1942 4401 2110 4456 Homo

525 4498 670 4554 enim
693 4498 980 4552 iracundus
1008 4494 1241 4550 incendit
1269 4493 1448 4557 litem;
1471 4499 1527 4548 et
1552 4495 1632 4546 vir
1657 4502 1903 4561 peccator
1926 4492 2107 4546 turba-

527 4591 606 4644 bit
641 4589 873 4653 amicos,
898 4598 951 4642 et
1001 4587 1053 4641 in
1095 4585 1271 4641 medio
1309 4598 1493 4655 pacem
1536 4582 1840 4639 habentium
1874 4583 2109 4638 immittit

523 4679 871 4736 inimicitiam.
913 4675 982 4732 Et
1013 4687 1120 4747 post
1148 4686 1362 4746 quatuor
1394 4690 1562 4730 versus
1582 4690 1603 4731 :
1632 4672 1916 4730 Certamen
1958 4675 2107 4729 festi-

524 4780 705 4826 natum
731 4768 963 4825 incendit
990 4768 1185 4837 ignem,
1203 4775 1259 4822 et
1282 4766 1347 4821 lis
1370 4766 1623 4821 festinans
1645 4765 1866 4823 effundit
1888 4766 2106 4836 sangui-

521 4878 666 4928 nem,
695 4869 752 4919 et
775 4862 948 4933 lingua
979 4860 1268 4916 testificans
1301 4858 1515 4914 adducit
1551 4868 1798 4914 mortem.
1836 4859 1893 4916 Si
1925 4858 2108 4914 suffla-

520 4956 662 5012 veris
683 4956 704 4988 ¹
725 4995 741 5023 ,
766 4954 917 5023 quasi
959 4953 1095 5025 ignis
1120 4951 1427 5018 cxardebit;
1459 4961 1514 5006 et
1546 4952 1592 5006 si
1633 4952 1909 5021 exttpueris
1946 4966 2108 5022 super

523 5049 688 5113 illam,
719 5048 1083 5117 exstinguctur
1106 5062 1119 5100 :
1147 5054 1203 5100 et
1230 5053 1454 5114 utraque
1473 5059 1540 5098 ex
1560 5057 1655 5097 ore
1675 5044 2101 5114 proficiscuntur.

521 5141 753 5197 Susurro
778 5149 833 5196 et
861 5139 1108 5209 bilinguis
1131 5137 1483 5192 maledictus:
1510 5135 1708 5191 multos
1734 5138 1876 5192 enim
1920 5138 2100 5192 turba-

519 5233 595 5289 vit
622 5247 807 5304 pacem
840 5232 1115 5288 habentes.
1158 5226 1358 5300 Lingua
1385 5229 1539 5284 tertia
1564 5227 1760 5283 multos
1776 5212 2101 5300 commovit,

518 5336 573 5384 et
599 5327 852 5398 dispersit
876 5327 992 5381 illos
1020 5341 1049 5380 a
1074 5333 1231 5395 gente
1258 5326 1311 5379 in
1336 5333 1560 5394 gentem.
1591 5322 1845 5380 Civitates
1868 5331 2104 5379 muratas

518 5418 741 5476 divitum
765 5418 1045 5486 destruxit,
1067 5426 1121 5472 et
1144 5417 1333 5472 domos
1356 5424 1724 5488 magnatorum
1751 5418 1953 5472 effodit.
1978 5415 2101 5472 Vir-

521 5522 657 5569 tutes
688 5512 1001 5583 populorqu
1038 5510 1304 5577 concidit,
1331 5519 1386 5565 et
1420 5520 1606 5579 gentes
1642 5511 1803 5565 fortes
1836 5509 2097 5564 dissolvit.

518 5603 721 5675 Lingua
740 5602 897 5658 tertia
921 5601 1169 5657 mulieres
1196 5601 1391 5655 viratas
1416 5599 1573 5670 ejecit
1595 5598 1638 5667 ⁸,
1663 5612 1716 5656 et
1739 5600 1965 5671 privavit
1982 5598 2102 5657 illas

583 5763 609 5856 ζ
627 5762 803 5887 ams
822 5769 922 5832 Ms,
948 5756 1025 5811 Sic
1042 5757 1124 5823 qui
1139 5750 1391 5831 (eliqmii-
1414 5820 1425 5833 .
1709 5823 1721 5836 ο
1748 5822 1759 5833 -
1828 5821 1841 5833 -

590 5831 726 5935 ιξυο
750 5820 1456 5937 mimae“...
1544 5835 1882 5888 ’ΜΝ
1906 5832 2005 5931 ’κέ

590 5887 611 5920 ι
626 5882 740 5935 ouo“
750 5882 876 5949 use,
898 5882 1121 5937 mulieres
1134 5883 1281 5946 forte;

1770 432 1828 495 s
1866 416 2235 494 AUGUSTINI
2269 418 2632 498 specum:

2233 550 2304 609 de
2324 551 2594 611 laboribus
2619 554 2751 611 suis.
2790 551 2893 624 Qui
2919 554 3140 627 respicit
3163 555 3336 627 illam,
3364 573 3473 615 non
3491 558 3712 619 habebit
3730 579 3817 621 re-

2234 644 2433 715 quiem,
2455 661 2554 704 nec
2573 646 2787 705 habebit
2804 648 3034 705 amicum
3055 649 3109 705 in
3132 665 3242 723 quo
3266 652 3586 723 requiescat.
3616 653 3689 709 Et
3705 666 3819 727 post

2233 737 2423 810 aliquot
2452 756 2619 796 versus
2650 741 2667 773 ⁸
2691 758 2707 797 :
2734 739 2925 799 Verbis
2948 742 3053 799 tuis
3074 741 3234 799 facito
3252 751 3530 813 stateram,
3551 755 3608 803 et
3632 746 3816 806 frenos

2233 833 2316 890 eri
2343 843 2432 889 tuo
2456 843 2665 900 rectos;
2691 844 2746 891 et
2771 835 2989 894 attende
3015 851 3086 893 ne
3121 835 3263 894 forte
3304 837 3498 895 labaris
3525 838 3581 897 in
3611 840 3812 913 lingua,

2233 936 2290 981 et
2315 927 2474 981 cadas
2516 927 2570 982 in
2597 938 2888 998 conspectu
2927 926 3265 987 inimicorum
3307 930 3667 988 insidiantium
3696 932 3814 999 tibi,

2232 1027 2288 1075 et
2306 1016 2377 1073 sit
2401 1034 2558 1098 casus
2584 1028 2703 1075 tuus
2740 1019 3048 1076 insanabilis
3070 1020 3125 1076 in
3152 1030 3378 1077 mortem
3395 1060 3410 1075 .

2307 1105 2504 1183 [nm]
2529 1110 2650 1179 :Qui
2677 1109 2804 1168 facit
2828 1111 3246 1169 misericordiam
3263 1154 3281 1180 ,
3306 1111 3513 1169 fenerat
3534 1115 3817 1186 proximo;

2233 1210 2287 1256 et
2313 1202 2402 1271 qui
2427 1203 2682 1275 praevalet
2719 1218 2919 1271 manu,
2944 1204 3193 1262 mandata
3222 1216 3421 1261 servat.
3462 1206 3665 1263 Fenera
3693 1223 3821 1280 pro-

2231 1293 2376 1349 ximo
2400 1294 2492 1348 tibi
2511 1294 2561 1348 in
2594 1304 2833 1365 tempore
2850 1295 3181 1352 necessitatis
3202 1297 3373 1365 illius;
3394 1307 3449 1355 et
3473 1297 3663 1356 iterum
3684 1300 3819 1356 red-

2231 1383 2298 1439 de
2326 1386 2565 1454 proximo
2604 1395 2694 1441 tuo
2721 1388 2773 1442 in
2814 1398 3054 1459 tempore
3095 1404 3214 1446 suo.
3255 1388 3524 1446 Conﬁrma
3555 1375 3817 1459 verba-tn,

2232 1483 2288 1532 ct
2314 1477 2539 1533 fideliter
2560 1494 2655 1548 age
2675 1495 2794 1534 cum
2822 1480 2946 1546 illo;
2973 1489 3024 1536 et
3055 1481 3107 1536 in
3136 1482 3280 1536 omni
3311 1490 3548 1553 tempore
3573 1483 3819 1539 invenies

2231 1570 2372 1641 quod
2421 1571 2510 1625 tibi
2540 1572 2898 1628 necessarium
2934 1585 3035 1629 est.
3075 1574 3220 1629 Multi
3263 1574 3416 1647 quasi
3456 1576 3818 1633 inventionem

2231 1662 2625 1717 :estimarerunt
2647 1660 2819 1730 fenus,
2840 1673 2895 1720 et
2912 1664 3276 1737 prestiterunt
3312 1666 3610 1722 molestiam
3638 1667 3704 1722 iis
3724 1667 3818 1737 qui

2229 1770 2289 1811 se
2315 1755 2650 1824 adjuverunt.
2693 1755 2760 1810 Et
2794 1768 2907 1828 post
2943 1757 3179 1813 tredecim
3205 1775 3375 1814 versus
3394 1774 3415 1813 ε
3438 1757 3817 1816 Verumtamen

2229 1863 2388 1919 super
2411 1846 2669 1904 humilem
2696 1848 2874 1903 animo
2898 1847 3085 1904 fortior
3108 1858 3247 1916 esto,
3275 1860 3331 1904 et
3353 1865 3449 1921 pro
3472 1849 3815 1919 eleemosyna

2229 1956 2335 1995 non
2367 1936 2543 1996 trahas
2574 1941 2742 1997 illum.
2784 1942 3007 2012 Propter
3040 1941 3345 1997 mandatum
3373 1956 3587 1998 assume
3614 1956 3816 2012 paupe-

2229 2046 2362 2098 rem,
2376 2040 2431 2087 et
2451 2042 2667 2103 pr0pter
2683 2033 2912 2105 inopiam
2935 2034 3077 2088 illius
3092 2050 3159 2090 ne
3179 2034 3417 2090 dimittas
3430 2050 3551 2091 eum
3564 2049 3811 2090 vacuum.

2229 2118 2397 2178 Perde
2430 2125 2703 2194 pecuniam
2735 2133 2877 2184 tuam
2906 2134 3119 2196 propter
3147 2124 3365 2181 fratrem
3394 2133 3449 2181 et
3469 2126 3697 2183 amicum
3717 2166 3734 2193 ,
3761 2135 3819 2182 et

2229 2230 2332 2268 non
2363 2214 2657 2269 abscondas
2684 2215 2828 2270 illam
2856 2215 2955 2272 sub
2986 2216 3159 2287 lapide
3184 2217 3234 2271 in
3261 2216 3635 2289 perditionem.
3668 2216 3817 2273 Pone

2228 2303 2533 2359 thesaurum
2568 2313 2716 2360 tuum
2758 2307 2809 2360 in
2852 2307 3131 2377 praeceptis
3159 2308 3455 2375 Altissimi;
3484 2318 3540 2364 et
3575 2307 3819 2381 proderit

2228 2393 2321 2449 tibi
2359 2394 2527 2466 magis
2563 2412 2722 2467 quam
2760 2412 2967 2451 aurum.
3008 2392 3281 2454 Conclude
3324 2398 3717 2472 eleemosynam
3759 2400 3816 2456 in

2225 2485 2385 2541 corde
2410 2487 2682 2556 pauperis;
2706 2497 2757 2543 et
2778 2486 2893 2542 haec
2919 2504 3013 2557 pro
3035 2498 3087 2544 te
3107 2488 3348 2545 exorabit
3373 2490 3440 2544 ab
3464 2490 3609 2545 omni
3634 2491 3813 2546 malo:

2226 2597 2385 2651 super
2406 2592 2612 2636 scutum
2638 2581 2870 2652 potentis
2893 2591 2946 2636 et
2966 2597 3128 2653 super
3153 2583 3394 2639 lanceam
3419 2583 3674 2640 adversus
3702 2584 3811 2639 ini-

2226 2672 2420 2729 inicum
2444 2683 2589 2729 tuum
2614 2674 2881 2745 pugnabit.
2916 2675 3006 2730 \'ir
3032 2677 3204 2731 bonus
3225 2674 3387 2731 fidem
3410 2673 3536 2732 facit
3558 2691 3656 2749 pro
3684 2693 3814 2747 pro-

2225 2766 2369 2820 ximo
2393 2781 2521 2833 suo;
2549 2776 2601 2821 et
2628 2766 2717 2839 qui
2750 2766 3035 2836 perdiderit
3063 2765 3452 2837 confusionem,
3475 2768 3815 2840 derelinquet

2224 2854 2325 2912 sibi
2350 2858 2391 2913 ¹.
2414 2856 2650 2914 Gratiam
2679 2856 3002 2929 iidejussoris
3030 2875 3094 2913 ne
3114 2859 3446 2916 obliviscaris
3466 2876 3483 2927 ;
3504 2859 3651 2917 dedit
3668 2863 3818 2916 enim

2225 2958 2319 3019 pro
2357 2956 2407 3004 te
2440 2950 2670 3004 animam
2703 2964 2872 3005 suam.
2916 2949 3377 3021 Repromissurem
3406 2950 3536 3023 fugit
3564 2962 3818 3027 peccator

2222 3050 2275 3095 et
2305 3040 2627 3095 immundus.
2668 3040 2814 3096 Bona
2844 3043 3243 3112 repromissoris
3285 3042 3386 3098 sibi
3425 3042 3642 3098 ascribit
3683 3059 3816 3114 pec-

2222 3136 2388 3199 cator,
2406 3140 2458 3189 et
2480 3134 2714 3203 ingratus
2739 3130 2898 3191 sensu
2919 3130 3251 3205 derelinquet
3274 3134 3587 3191 liberantem
3611 3152 3693 3190 se.
3717 3132 3817 3192 Vir

2222 3228 2541 3297 rcpromittit
2564 3222 2630 3283 de
2663 3228 2908 3301 proximo
2934 3244 3032 3284 suo
3051 3270 3065 3294 ,
3096 3237 3151 3284 et
3174 3221 3297 3283 eum
3325 3222 3615 3300 perdiderit
3650 3245 3814 3285 reve-

2218 3320 2465 3388 rentiam,
2483 3321 2882 3393 derelinquetur
2904 3320 2972 3377 ab
2990 3337 3075 3378 eo.
3098 3316 3465 3393 Repromissio
3486 3321 3813 3394 nequissima

2219 3414 2414 3471 multos
2450 3415 2679 3487 perdidit
2715 3416 2995 3487 diligentes
3024 3414 3073 3483 ³,
3101 3426 3156 3471 et
3182 3416 3471 3471 commovit
3510 3416 3629 3472 illos
3657 3417 3813 3488 quasi

2218 3508 2410 3562 ﬂuctus
2438 3509 2619 3562 maris.
2653 3507 2807 3563 Viros
2837 3516 3081 3578 potentes
3107 3523 3303 3581 gyrans
3325 3506 3555 3580 migrare
3585 3505 3731 3574 fecit,
3758 3515 3814 3562 et

2217 3604 2391 3676 vagati
2413 3612 2535 3658 sunt
2555 3602 2606 3657 in
2632 3602 2877 3673 gentibus
2902 3602 3107 3657 alienis.
3138 3601 3392 3657 Peccator
3413 3601 3813 3673 transgrediens

2218 3695 2464 3751 mandata
2488 3697 2714 3759 Domini,
2741 3696 2938 3751 incidet
2958 3695 3007 3749 in
3031 3696 3439 3766 promissionem
3466 3709 3717 3765 nequam.
3740 3692 3811 3747 Et

2219 3799 2329 3858 post
2350 3804 2507 3841 unum
2522 3803 2717 3841 versum
2733 3804 2752 3841 :
2777 3786 3049 3856 iiecupera
3074 3787 3371 3857 proximum
3388 3787 3681 3843 Secundum
3700 3787 3809 3843 vir-

2219 3884 2383 3932 tutem
2411 3887 2572 3940 tuam,
2603 3888 2655 3932 et
2677 3877 2891 3931 attende
2918 3877 3008 3931 tibi
3039 3894 3106 3932 ne
3133 3877 3354 3933 incidas.

2288 3969 2359 4024 Et
2402 3981 2511 4040 post
2553 3971 2801 4024 sexdecim
2828 3986 2999 4024 versus
3019 3968 3370 4046 [xxx.]:Qui
3416 3971 3588 4043 diligit
3632 3972 3800 4027 lilium

2218 4078 2371 4117 suum
2395 4104 2409 4129 ,
2441 4061 2677 4116 aSsiduat
2706 4062 2778 4116 illi
2806 4060 3012 4133 flagella
3037 4104 3053 4131 ,
3084 4074 3143 4118 ut
3176 4064 3384 4118 laetetur
3415 4066 3465 4117 in
3511 4061 3807 4118 novissimo

2216 4177 2311 4214 suo
2334 4158 2375 4212 ⁸.
2404 4159 2502 4225 Qui
2528 4159 2683 4213 docet
2720 4158 2885 4213 filium
2916 4174 3110 4224 suum,
3153 4158 3453 4213 laudabitur
3472 4158 3528 4213 in
3574 4158 3684 4212 illo.
3734 4156 3805 4212 El

2216 4262 2327 4325 post
2354 4250 2523 4307 decem
2552 4269 2722 4307 versus
2749 4267 2769 4306 :
2798 4252 2979 4322 Equus
3018 4251 3305 4306 indomitus
3335 4250 3512 4306 evadit
3536 4249 3721 4314 durus,
3748 4259 3806 4305 et

2214 4345 2355 4402 ﬁlius
2391 4345 2648 4401 remissus
2686 4344 2863 4399 evadit
2893 4359 3148 4415 prseceps.
3182 4342 3340 4398 Laeta
3374 4341 3571 4409 filium,
3602 4350 3657 4396 et
3707 4356 3803 4410 pa-

2219 4448 2432 4494 ventem
2481 4448 2532 4493 te
2577 4436 2766 4503 faciet;
2796 4435 2918 4491 lude
2959 4451 3081 4491 cum
3109 4434 3198 4489 illo
3221 4475 3238 4503 ,
3270 4443 3323 4488 et
3362 4430 3698 4488 contristabit
3726 4440 3799 4486 te.

2214 4531 2329 4585 Non
2353 4530 2622 4586 corrideas
2645 4529 2719 4584 illi
2746 4572 2759 4592 ,
2791 4544 2860 4584 ne
2889 4526 3069 4583 doleas
3094 4569 3108 4592 ,
3137 4536 3192 4582 et
3218 4525 3269 4581 in
3292 4526 3583 4582 novissimo
3609 4525 3802 4581 obstu-

2213 4632 2440 4695 pescant
2465 4621 2653 4676 dentes
2684 4619 2778 4674 tui.
2810 4617 2923 4673 Non
2952 4618 3044 4673 des
3074 4619 3146 4672 illi
3173 4628 3486 4688 potestatem
3516 4617 3567 4672 in
3606 4614 3804 4688 juven—

2215 4722 2348 4780 tnte,
2378 4724 2433 4768 et
2459 4727 2527 4767 ne
2550 4710 2814 4779 deSpieias
2838 4708 3099 4779 cogitatus
3125 4708 3285 4764 illius.
3315 4706 3489 4763 Curva
3530 4707 3799 4763 cervicem

2210 4806 2327 4876 ejus
2356 4810 2406 4859 in
2439 4804 2750 4875 juventute,
2798 4808 2853 4856 et
2895 4800 3058 4857 tunde
3092 4802 3256 4856 latera
3294 4801 3411 4870 ejus
3452 4800 3576 4855 dum
3618 4796 3800 4856 infans

2211 4908 2324 4963 est;
2360 4912 2426 4950 ne
2448 4894 2583 4949 forte
2620 4893 2868 4961 induret,
2891 4898 2945 4947 et
2975 4910 3079 4947 non
3117 4891 3301 4948 credat
3322 4892 3412 4946 tibi
3435 4935 3449 4958 ,
3476 4901 3531 4948 et
3566 4892 3672 4949 erit
3700 4892 3800 4948 tibi

2209 4988 2363 5045 dolor
2386 4986 2595 5042 animm.
2633 4982 2959 5040 Doce-filium
2982 4994 3154 5050 tuum,
3190 4990 3243 5038 ei
3265 5000 3486 5054 operare
3507 4983 3557 5038 in
3589 4984 3701 5052 illo,
3728 5000 3798 5041 ne

2211 5080 2264 5138 in
2293 5078 2612 5149 turpitudine
2642 5077 2783 5132 illius
2816 5074 3157 5131 confundaris
3174 5074 3215 5129 ⁸.
3249 5066 3433 5130 Melior
3472 5083 3554 5130 est
3595 5090 3798 5145 pauper

2209 5180 2371 5230 sanus
2396 5180 2450 5227 et
2468 5169 2621 5225 fortis
2642 5169 2860 5235 viribus,
2895 5183 3054 5238 quam
3092 5166 3241 5223 dives
3274 5165 3568 5222 imbecillus
3603 5177 3658 5221 et
3701 5166 3798 5222 fla-

2208 5266 2433 5338 gellatus
2477 5262 2698 5318 malitia.
2746 5260 2901 5316 Salus
2928 5260 3119 5314 anima:
3156 5258 3209 5314 in
3259 5259 3538 5315 sanctitate
3573 5258 3797 5330 justitia'.

2208 5357 2401 5415 melior
2424 5365 2507 5412 est
2529 5354 2675 5409 omni
2702 5366 2836 5410 auro
2863 5361 2918 5407 et
2936 5360 3191 5421 argento;
3219 5356 3275 5406 et
3300 5365 3495 5421 corpus
3533 5350 3796 5418 validum,

2273 5451 2291 5515 ξ
2315 5450 2493 5513 aestus
2508 5453 2595 5515 Is:
2617 5451 2675 5497 α
2694 5450 2799 5515 ραι
2818 5454 3187 5515 meme.

2270 5513 2292 5545 ⁸
2313 5502 2621 5563 αιῆιιιιειιςίε
2640 5502 2817 5567 ωδεχ,
2835 5504 3133 5570 derelinquet
3146 5502 3249 5557 tibi.
3273 5504 3366 5554 Sed
3386 5502 3468 5555 alii
3488 5503 3682 5568 melius,
3707 5504 3800 5570 de-

2207 5573 2441 5639 umque:
2472 5566 2850 5639 είῡέεωὺριεςίίν
2875 5566 3165 5639 proximam.
3189 5574 3300 5639 Nam
3329 5566 3713 5639 βτωουβέβιιιε
3730 5566 3801 5625 ιιι

2207 5628 2384 5704 mm":
2409 5641 2464 5685 δι
2486 5628 2803 5704 θιιίρενᾴίάίι
3520 5628 3675 5680 mm-

2271 5700 2293 5733 ⁸
2308 5691 2664 5763 Legendum'ut
2685 5696 2735 5744 in
2754 5693 2906 5744 sacris
2925 5691 3104 5752 δίωξίς,
3128 5691 3414 5757 dirigentes.

2271 5761 2294 5795 δ
2315 5770 2368 5811 tn
2392 5759 2589 5824 vulgata
2617 5763 2757 5824 pint,
2780 5752 3167 5824 nouissimam,
3198 5754 3419 5818 niuium,
3445 5756 3607 5807 αηω
3634 5750 3803 5819 μαίνει

2638 5787 2757 5818 ωδ,
2780 5787 3031 5806 ισυνοσυουυυ
3049 5787 3137 5805 anu
3151 5788 3167 5816 ,
3198 5787 3381 5805 manu
3400 5787 3419 5818 ,

2638 5818 2680 5846 ἱ.
2705 5830 2717 5846 ο
2740 5818 2910 5846 ιιιιινὶει
2930 5828 3088 5846 man
3111 5818 3249 5846 alin-9

2206 5818 2539 5935 Ἦ
2553 5818 3055 5935 3%"qu
2881 5828 2912 5867 ³
2928 5818 3455 5935 an».
