4110 6442
320 513 480 578 quam
507 518 701 560 census
721 501 1034 560 immensus.
1065 501 1181 559 Non
1202 509 1286 559 est
1301 517 1496 559 census
1508 517 1671 573 super
1686 517 1906 558 censum

320 600 506 656 salutis
525 599 801 668 corporis;
844 607 899 654 et
943 612 1049 654 non
1090 606 1173 652 est
1212 597 1499 652 oblectatio
1530 595 1691 667 super
1730 594 1906 650 cordis

318 692 590 764 gaudium.
617 691 805 748 Melior
823 700 906 746 est
928 703 1074 746 mors
1091 705 1249 761 quam
1277 689 1385 744 rita
1401 704 1603 756 amara,
1627 696 1681 742 ut
1697 686 1908 756 requies

319 797 518 841 aeterna
565 799 723 856 quam
758 783 984 853 languor
1016 796 1380 853 perseverans.
1416 781 1563 836 Bona
1599 778 1908 834 abscondita

321 879 374 933 in
401 894 494 933 ore
533 877 752 942 clauso,
783 876 934 948 quasi
964 874 1328 945 appositioucs
1360 875 1634 943 epularum
1673 871 1908 926 circum-

318 971 510 1039 positae
543 968 810 1037 sepulcro.
865 966 927 1021 Et
969 977 1080 1038 post
1109 967 1327 1037 quinque
1361 980 1530 1019 cerrus
1569 979 1587 1018 :
1615 963 1906 1018 Tristitiam

319 1078 426 1116 non
447 1061 543 1116 des
569 1061 758 1114 animae
799 1069 935 1122 tute,
975 1067 1029 1114 et
1073 1075 1179 1114 non
1223 1058 1428 1128 aﬂligas
1474 1055 1812 1126 temeiipsum
1853 1054 1908 1109 in

320 1154 544 1208 consilio
577 1156 686 1207 tuo.
712 1151 1023 1207 Jucunditas
1045 1150 1223 1205 cordis
1253 1149 1369 1204 haec
1393 1157 1480 1204 est
1516 1148 1621 1201 vita
1652 1147 1904 1212 hominis,

319 1255 375 1302 et
405 1247 688 1301 thesaurus
716 1245 833 1299 sine
852 1242 1153 1299 defectione
1179 1241 1474 1297 sanctitatis
1495 1283 1509 1308 ,
1546 1250 1599 1295 et
1625 1239 1908 1295 exsultatio

321 1337 420 1392 viri
439 1346 521 1392 est
543 1337 871 1408 longaevitas.
892 1335 1146 1391 Miserere
1169 1335 1357 1389 anima:
1389 1343 1490 1388 tuae
1518 1334 1732 1402 placens
1773 1331 1904 1398 Deo,

320 1440 376 1486 et
397 1431 646 1497 contine;
677 1438 732 1485 et
750 1445 1012 1500 eongrega
1041 1443 1134 1483 cor
1171 1439 1316 1482 tuum
1356 1427 1409 1481 in
1441 1425 1722 1480 sanctitate
1753 1423 1906 1492 ejus,

319 1532 375 1579 et
402 1523 671 1578 tristitiam
707 1522 865 1592 longe
889 1522 1098 1591 expelle
1133 1536 1164 1574 a
1194 1529 1262 1576 te.
1306 1519 1498 1574 Multos
1537 1519 1676 1572 enim
1715 1516 1911 1571 occidit

320 1615 532 1670 tristitia
554 1657 570 1681 ,
596 1622 652 1670 et
671 1630 773 1669 non
805 1621 889 1670 est
911 1614 1110 1668 utilitas
1140 1612 1193 1667 in
1218 1612 1326 1667 illa.
1356 1611 1509 1666 Zelus
1545 1619 1602 1666 et
1637 1609 1907 1664 iracundia

320 1707 562 1763 minuent
581 1707 716 1773 «lies,
745 1715 799 1761 et
817 1713 941 1761 ante
969 1715 1179 1775 tempus
1205 1710 1476 1759 senectam
1516 1701 1732 1757 adducit
1759 1701 1909 1771 cogi-

278 1848 282 1852 .
322 1805 483 1852 tatus.

392 1907 462 1962 Et
494 1916 605 1978 post
642 1906 812 1961 decem
849 1922 1023 1960 uersus
1051 1901 1247 1979 [χχιι]
1280 1921 1296 1959 :
1331 1903 1429 1971 Qui
1469 1917 1654 1957 aurum
1705 1901 1904 1969 diligit,

322 2015 428 2055 non
446 1999 850 2069 justilicabltur;
874 2007 927 2054 et
952 1998 1040 2068 qui
1085 1997 1377 2066 insequitur
1405 1994 1867 2063 consumpliouem
1891 2032 1904 2054 ,

323 2091 616 2160 replebitur
650 2105 719 2146 ex
751 2106 835 2146 ea.
887 2088 1036 2144 Multi
1073 2088 1179 2143 dati
1208 2098 1329 2143 sunt
1366 2087 1417 2141 in
1449 2087 1563 2140 auri
1601 2085 1814 2149 casus‘,
1857 2090 1913 2138 et

323 2183 463 2238 facta
487 2193 568 2238 est
594 2183 645 2237 in
676 2183 854 2253 specie
876 2183 1013 2237 illius
1044 2181 1270 2252 perditio
1294 2181 1525 2234 illorum.
1563 2179 1783 2248 Ligmtm
1829 2176 1913 2231 of-

323 2276 580 2330 fensionis
606 2285 688 2332 est
725 2291 913 2330 aurum
956 2274 1366 2330 sacriﬁcantium
1398 2290 1412 2326 :
1447 2288 1527 2325 vae
1557 2273 1660 2325 illis
1693 2271 1782 2340 qui
1826 2285 1913 2324 se-

323 2376 535 2422 ctantur
572 2367 731 2434 illud,
773 2376 826 2422 et
863 2368 1038 2420 omnis
1066 2365 1372 2435 imprudens
1394 2363 1636 2433 deperict
1659 2363 1750 2417 ’iu
1797 2363 1908 2416 illo.

322 2459 518 2513 Beatus
551 2459 698 2535 dives
729 2460 817 2529 qui
875 2460 1122 2514 inventus
1158 2467 1242 2512 est
1291 2456 1410 2511 sine
1451 2455 1691 2521 n'tacula,
1731 2463 1785 2508 et
1820 2453 1912 2524 qui

326 2561 444 2620 pust
463 2567 651 2606 aurum
683 2567 785 2606 non
816 2551 974 2618 abiit,
1002 2566 1099 2605 nec
1128 2551 1360 2618 Speravit
1389 2550 1438 2602 in
1467 2549 1685 2618 pecunia
1713 2555 1766 2602 et
1793 2547 1912 2601 the-

324 2646 514 2699 sauris.
546 2645 674 2712 Quis
700 2655 781 2700 est
808 2646 928 2712 hic,
958 2654 1012 2698 et
1049 2644 1379 2699 laudabimus
1410 2643 1570 2697 eum?
1608 2642 1731 2698 fecit
1767 2642 1910 2698 enim

325 2735 587 2789 mirabilia
615 2737 666 2789 in
695 2736 800 2790 vita
829 2752 943 2790 sua.
983 2735 1151 2802 Quis‘
1189 2737 1440 2805 probatus
1471 2742 1556 2790 est
1592 2735 1642 2788 in
1692 2735 1810 2797 illo,
1858 2742 1914 2789 ct

324 2826 594 2896 perfectus
621 2827 742 2882 est?
775 2837 830 2882 et
870 2827 971 2883 erit
1015 2829 1089 2881 illi
1133 2829 1297 2898 gloria
1338 2837 1558 2884 :etcrna.
1600 2826 1700 2893 Qui
1745 2827 1914 2896 potuit

324 2918 640 2988 transgredi,
662 2928 717 2975 et
739 2935 842 2973 non
865 2930 945 2974 est
976 2929 1373 2990 transgressus;
1400 2931 1452 2973 et
1479 2919 1654 2974 facere
1679 2921 1836 2984 u’tala,
1861 2926 1916 2975 et

325 3024 432 3064 non
454 3008 617 3065 fecit:
651 3011 771 3066 ideo
806 3012 1034 3066 stabilita
1060 3023 1185 3066 sunt
1215 3011 1352 3066 bona
1384 3013 1527 3066 illius
1570 3013 1620 3066 in
1655 3011 1909 3078 Domino,

329 3112 386 3157 et
421 3101 790 3174 elecmosynas
817 3104 959 3158 illius
994 3103 1262 3158 enarrabit
1295 3103 1530 3158 Ecclesia
1581 3111 1902 3158 sanctorum.

328 3190 396 3246 Et
419 3202 533 3262 post
557 3194 749 3265 aliquot
777 3210 948 3249 versas
979 3211 998 3248 :
1037 3195 1200 3250 Utere
1231 3195 1380 3264 quasi
1431 3194 1591 3248 homo
1632 3194 1803 3265 frugi,
1852 3196 1915 3250 iis

319 3289 446 3357 'qme
479 3287 572 3341 tibi
601 3297 960 3358 apponuntur,
992 3297 1048 3341 ut
1081 3303 1220 3352 non,
1270 3302 1391 3340 cum
1442 3287 1733 3343 manducas
1771 3288 1912 3341 mul-

327 3387 470 3444 tum,
501 3380 622 3434 odio
645 3380 910 3435 habearis.
937 3379 1102 3435 Cessa
1134 3380 1279 3450 prior
1304 3379 1596 3449 disciplina:
1631 3395 1788 3434 causa
1808 3421 1825 3446 ,
1862 3389 1917 3435 et

327 3473 434 3525 noli
463 3473 659 3527 nimius
690 3487 844 3540 esse,
886 3489 952 3527 ne
991 3471 1128 3526 forte
1162 3472 1420 3526 offendas.
1476 3473 1586 3527 Etsi
1631 3473 1682 3527 in
1734 3473 1914 3528 medio

327 3564 618 3619 multorum
647 3564 865 3630 sedisti,
914 3564 1060 3635 prior
1104 3565 1204 3617 illis
1249 3580 1352 3617 non
1399 3564 1653 3618 extendas
1699 3579 1912 3620 manum

329 3659 505 3716 tuam,
536 3666 634 3705 nec
675 3651 820 3722 prior
847 3665 1034 3720 poscas
1074 3649 1276 3704 bibere.
1320 3649 1488 3716 Quam
1523 3650 1793 3704 sufficiens
1833 3660 1915 3706 est

331 3741 530 3796 homini
560 3743 768 3798 erudito
784 3743 963 3797 vinum
985 3743 1252 3812 exiguum.
1287 3741 1348 3794 Et
1364 3752 1474 3813 post
1497 3741 1688 3812 aliquot
1711 3759 1877 3795 versus
1897 3757 1917 3797 :

330 3834 621 3906 Diligentes
651 3838 702 3890 in
735 3835 979 3889 vinouoli
1007 3849 1329 3904 provocare;
1358 3835 1552 3888 multos
1573 3834 1715 3889 enim
1740 3844 1916 3889 exter-

329 3931 550 3985 minavit
565 3931 768 3984 viuum.

401 4043 470 4097 Et
503 4053 612 4115 post
638 4043 814 4115 viginti
855 4059 944 4097 sea;
965 4059 1132 4097 versus
1161 4039 1381 4115 [xxxu.]
1413 4061 1426 4096 :
1472 4042 1713 4110 Loquere
1745 4043 1917 4112 major

328 4147 492 4202 natu;
524 4137 674 4192 decet
698 4138 840 4192 enim
878 4147 930 4190 te
961 4137 1188 4206 primum
1221 4136 1438 4190 verbum
1468 4134 1704 4204 diligenti
1737 4135 1916 4188 scicn-

329 4230 528 4295 tiam‘;
557 4240 609 4284 et
642 4247 746 4284 non
785 4229 1043 4300 impedias
1079 4229 1354 4282 musicam.
1413 4228 1508 4283 Ubi
1550 4229 1782 4288 auditus,
1811 4243 1915 4282 non

328 4332 432 4388 est,
461 4323 697 4378 eli'undas
717 4337 1058 4386 sermonem;
1096 4332 1148 4375 et
1177 4321 1478 4390 importune
1507 4319 1613 4374 noli
1644 4320 1827 4374 extolli
1865 4320 1918 4375 in

327 4416 585 4486 sapientia
610 4426 714 4469 tua.
751 4415 815 4468 Et
842 4423 952 4485 post
977 4414 1195 4484 quinque
1224 4430 1392 4468 versus
1422 4429 1441 4468 :
1462 4413 1810 4482 Adolescens,
1840 4413 1920 4467 lo-

325 4524 494 4580 quere
523 4511 575 4562 in
601 4518 684 4562 tua
721 4523 877 4564 causa
899 4549 913 4572 ,
945 4509 1030 4561 vix
1068 4523 1189 4562 cum
1225 4522 1442 4563 necesse
1474 4506 1683 4561 fuerit“.
1731 4506 1788 4562 Si
1836 4506 1921 4562 bis

330 4601 686 4670 interrogatus
724 4599 924 4664 fueris,
955 4599 1148 4652 habeat
1189 4608 1346 4668 caput
1385 4613 1700 4668 responsum
1744 4608 1916 4653 tuum.

333 4693 387 4749 in
416 4695 596 4749 multis
621 4703 737 4749 esto
759 4692 910 4764 quasi
937 4693 1163 4759 inscius,
1209 4701 1264 4746 et
1303 4691 1424 4746 audi
1459 4700 1638 4746 tacens
1661 4693 1818 4746 simul
1866 4701 1921 4747 et

332 4802 594 4856 qua-rens.
642 4785 696 4838 lu
744 4785 919 4838 medio
963 4793 1334 4854 magnatorum
1381 4784 1523 4853 loqui
1567 4800 1672 4837 non
1722 4799 1922 4853 praesu-

331 4877 523 4945 mas“;
551 4886 605 4932 et
633 4878 718 4933 ubi
744 4886 868 4932 sunt
901 4892 1079 4941 senes,
1112 4891 1217 4929 non
1247 4876 1469 4929 multum
1499 4876 1750 4946 loquaris.
1783 4879 1922 4934 Ante

329 4971 642 5042 grandinem
670 4969 878 5040 przeibit
903 4966 1237 5033 coruscatio,
1279 4975 1332 5021 et
1377 4976 1500 5023 ante
1541 4969 1918 5024 verecundiam

330 5065 541 5137 ρτιείιιίι
583 5064 786 5134 gratia,
829 5070 885 5118 et
913 5077 1008 5132 pro
1041 5061 1337 5116 reverentia
1373 5060 1592 5116 accedet
1640 5061 1732 5116 tibi
1783 5061 1922 5118 bona

394 5267 412 5298 ι
439 5271 612 5326 Graec,
646 5261 716 5315 eis
758 5257 1119 5328 ptema'charin
1138 5257 1399 5324 chrusiou,
1434 5260 1487 5314 in
1520 5274 1688 5314 casum
1731 5269 1926 5330 propter

328 5341 524 5379 aurum.

395 5393 416 5422 ²
443 5390 617 5452 Regius
637 5389 812 5448 codex,
839 5384 1124 5452 accipietur.

397 5454 418 5485 ι
434 5447 674 5515 inusouat
692 5447 837 5515 graec.
864 5449 923 5502 tis
939 5447 1280 5500 edokimastlré.
1301 5455 1359 5500 At
1378 5447 1579 5513 Vulgata
1599 5449 1815 5513 praefert,
1839 5451 1928 5514 Qui

287 5599 294 5606 .
330 5513 764 5644 7"ib$§,33,§,,
799 5573 963 5644 diuae
1301 5576 1644 5644 Carnutensis,
1685 5573 1928 5641 diligentis

330 5635 603 5703 scientiam.
617 5635 849 5703 vulgata,
873 5635 1091 5703 diligenti
1111 5635 1328 5688 scientia.
1352 5638 1573 5700 Denique
1595 5651 1742 5701 gnec.
1769 5635 1924 5701 sonat,

330 5700 386 5753 in
410 5700 628 5765 diligenti
642 5699 855 5752 scicntia.

395 5765 419 5797 ³
442 5759 620 5829 negius
631 5765 788 5829 codex
809 5770 945 5814 caret
963 5763 1040 5813 bis
1061 5761 1243 5829 verbis,
1266 5773 1378 5811 cum
1397 5773 1586 5812 necesse
1602 5759 1749 5826 fuerit
1771 5776 1789 5815 :
1817 5778 1928 5829 quae

330 5840 360 5878 ι
379 5825 584 5890 vulgata
604 5828 802 5890 quidem
821 5828 1017 5885 absunt,
1039 5825 1250 5890 seduno
1267 5837 1297 5874 a
1318 5836 1482 5888 gmw
1497 5825 1664 5890 textu.

397 5888 420 5920 ⁸
446 5884 801 5955 Βῖςεὶυεόοᾱθι
825 5903 877 5940 et
894 5884 1031 5940 sacra
1050 5887 1201 5939 Biblia
1218 5884 1391 5939 carent
1407 5888 1582 5952 verbo,
1602 5884 1735 5950 δοσή

1583 381 1674 442 DE
1700 373 2085 442 SCRIPTUM
2122 386 2368 456 SAGRA.‘

1934 5938 1940 5944 '
1959 5939 1990 5954 ν

3487 401 3593 466 966

2013 503 2177 572 gratia
2200 506 2239 560 ³.
2281 507 2552 565 Prteeurre
2577 517 2754 567 autem
2779 513 2927 584 prior
2963 513 3018 570 in
3051 513 3267 573 domum
3309 524 3450 576 tuain
3472 564 3488 591 ,
3539 515 3595 581 et

2012 595 2120 652 illic
2146 611 2398 665 avocare,
2431 611 2484 656 et
2505 602 2615 659 illic
2637 603 2796 673 lude,
2822 615 2876 661 et
2899 622 2997 676 age
3026 611 3401 680 conceptiones
3439 623 3590 682 tuas,

2011 698 2190 745 etnon
2237 692 2287 745 in
2328 692 2534 748 delictis
2577 702 2634 750 et
2665 696 2829 752 verbo
2879 701 3127 768 Superbo.
3181 701 3246 756 Et
3292 718 3454 773 super
3506 705 3595 763 his

2013 782 2256 838 omnibus
2280 783 2583 841 benedicito
2608 788 2795 854 Deum,
2814 790 2902 859 qui
2923 790 3049 846 fecit
3075 804 3140 856 te,
3167 804 3220 847 et
3244 795 3591 852 inebriantem

2014 880 2066 929 te
2089 875 2157 930 ab
2183 876 2428 931 omnibus
2456 877 2609 933 bonis
2646 882 2775 935 suis.
2826 882 2925 949 Qui
2963 885 3111 939 timet
3140 886 3302 940 Deum
3324 927 3339 953 ,
3367 887 3596 956 excipiet

2011 964 2304 1021 doctrinam
2328 968 2470 1040 ejus;
2491 978 2546 1026 et
2570 973 2657 1043 qui
2678 974 3012 1044 vigilaverint
3032 977 3097 1031 ad
3126 977 3291 1046 lllutn,
3322 979 3593 1036 invenient
3621 988 3625 992 '

2012 1059 2457 1117 benedictionem.
2488 1065 2588 1131 Qui
2617 1067 2806 1135 quwrit
2833 1067 3004 1136 legem
3029 1111 3043 1135 ,
3075 1070 3368 1140 replebitur
3394 1072 3462 1127 ab
3487 1088 3548 1128 ea
3573 1087 3589 1139 ;

2012 1160 2067 1207 et
2110 1155 2198 1224 qui
2231 1156 2482 1212 insidiose
2511 1158 2652 1228 agit,
2688 1160 3134 1218 scandalizabitur
3163 1165 3214 1218 in
3258 1182 3340 1219 ea.
3381 1168 3480 1234 Qui
3528 1169 3596 1222 ti-

2013 1252 2162 1298 ment
2188 1246 2496 1314 Domiuum,
2526 1247 2796 1304 invenient
2818 1249 3074 1320 judicium
3098 1253 3296 1323 justum
3315 1299 3329 1322 ,
3358 1265 3411 1310 et
3440 1256 3600 1326 justi-

2016 1334 2140 1390 tiam
2162 1337 2312 1406 quasl
2343 1337 2518 1392 lumen
2542 1339 2853 1396 accendent.
2881 1342 3138 1398 Peccator
3160 1344 3322 1399 homo
3344 1345 3601 1404 devitabit

2013 1429 2403 1498 curreptionem
2425 1471 2440 1495 ,
2471 1440 2522 1485 et
2552 1431 2841 1486 secundum
2875 1435 3198 1490 voluntatem
3243 1453 3394 1492 suam
3451 1440 3600 1496 inve-

2014 1519 2124 1574 niet
2149 1523 2627 1591 comparationem.
2664 1524 2755 1578 Vir
2793 1526 3001 1581 consilii
3046 1543 3150 1582 non
3202 1528 3478 1599 disperdet
3515 1531 3597 1585 in-

2016 1614 2377 1683 telligcutiam.
2408 1615 2474 1670 Et
2491 1625 2602 1687 post
2630 1627 2848 1691 quatuor
2873 1635 3041 1674 versus
3061 1637 3080 1674 :
3103 1620 3232 1688 Fili,
3263 1622 3379 1678 sine
3423 1625 3600 1680 consi-

2013 1705 2085 1760 lio
2116 1707 2244 1761 nihil
2281 1707 2479 1776 facias;
2521 1718 2576 1765 et
2619 1717 2740 1781 post
2787 1711 2980 1767 iactum
3031 1731 3135 1768 non
3177 1716 3482 1785 plenitebis.
3529 1715 3600 1771 Et

2015 1810 2125 1870 post
2151 1818 2338 1872 paucos
2363 1817 2534 1858 versus
2559 1819 2580 1858 :
2605 1804 2702 1872 Qui
2731 1806 2900 1860 credit
2923 1808 3032 1861 Deo
3053 1847 3068 1874 ,
3099 1809 3336 1864 attendet
3373 1809 3599 1865 manda-

2017 1894 2120 1957 tis;
2157 1904 2209 1947 et
2233 1895 2322 1964 qui
2349 1895 2569 1949 conﬁdit
2595 1896 2645 1950 in
2675 1896 2787 1963 illo,
2819 1907 2921 1952 non
2946 1901 3314 1955 minorabitur.

2086 1983 2322 2058 [χχχιιι]
2375 1987 2603 2042 Tinienti
2641 1988 2920 2043 Dominum
2961 2005 3065 2044 non
3106 2001 3390 2046 occurrent
3418 1992 3599 2047 mala:

2015 2077 2109 2132 sed
2133 2079 2184 2132 in
2215 2081 2505 2135 tentatione
2525 2082 2665 2136 Dens
2696 2083 2842 2136 illum
2867 2087 3230 2152 conservabit,
3264 2098 3319 2141 et
3347 2087 3595 2143 liberabit

2014 2185 2041 2222 a
2070 2169 2240 2224 malis.
2273 2171 2496 2241 Sapiens
2524 2188 2626 2226 non
2651 2173 2759 2227 odit
2785 2175 3029 2229 mandata
3053 2185 3108 2230 et
3127 2176 3393 2246 justiti-as;
3417 2159 3468 2232 ei
3492 2195 3599 2234 non

2016 2259 2252 2315 illidetur
2276 2261 2425 2331 quasi
2452 2265 2604 2317 navis
2627 2265 2677 2318 in
2708 2267 2958 2334 procella.
2989 2266 3162 2323 llomo
3200 2279 3446 2323 scnsatus
3482 2285 3600 2325 crc-

2016 2351 2090 2406 dit
2112 2353 2213 2421 legi
2241 2354 2354 2420 Dei,
2391 2363 2444 2407 et
2487 2355 2569 2408 lex
2624 2355 2697 2409 illi
2742 2356 2932 2411 ﬁdelis.
2984 2359 3084 2426 Qui
3131 2360 3602 2430 interrogationem

2015 2447 2339 2511 manifestat,
2363 2449 2572 2517 parabit
2596 2449 2840 2503 verbum.

2088 2536 2158 2591 Et
2179 2547 2290 2609 post
2307 2540 2574 2610 paululum
2596 2539 2824 2614 [χχχιιι]
2856 2559 2868 2594 :
2907 2541 3054 2596 Vana
3099 2557 3256 2612 Spes,
3289 2551 3341 2598 et
3384 2544 3606 2599 menda-

2017 2627 2160 2682 cium
2217 2631 2332 2683 viro
2389 2629 2690 2695 insensato;
2739 2641 2789 2686 et
2842 2631 3045 2686 somnia
3087 2634 3346 2688 extollunt
3400 2635 3602 2704 impru-

2016 2720 2223 2775 dentes.
2255 2721 2321 2775 Et
2343 2723 2493 2792 quasi
2514 2721 2603 2792 qui
2625 2724 2990 2794 apprehendit
3003 2727 3264 2793 umbram,
3288 2738 3339 2782 et
3365 2729 3608 2798 sequitur

2015 2821 2234 2866 ventum
2257 2830 2272 2877 ;
2306 2814 2382 2868 sic
2409 2824 2462 2868 et
2487 2816 2575 2884 qui
2598 2817 2824 2870 attendit
2849 2817 2916 2871 ad
2940 2819 3047 2871 visa
3072 2820 3363 2873 mendacia.
3389 2819 3502 2874 lloc
3522 2837 3608 2876 se-

2017 2906 2248 2961 cundmn
2279 2906 2380 2962 hoc
2419 2908 2552 2962 visio
2583 2911 2908 2962 somniorum
2930 2950 2944 2973 ,
2988 2917 3111 2964 ante
3143 2910 3331 2964 faciem
3375 2911 3607 2966 horninis

2017 2998 2314 3053 similitudo
2360 3000 2606 3053 hominis.
2644 3001 2726 3055 Ab
2761 3001 3034 3055 immttudo
3057 3002 3184 3072 quid
3230 3003 3608 3058 mundabitur?

2018 3097 2122 3144 eta
2154 3091 2413 3145 mendace
2438 3092 2561 3161 quid
2592 3108 2774 3146 verum
2801 3091 3049 3148 dicetur?
3090 3094 3350 3148 Divinatio
3387 3096 3606 3164 erroris,

2018 3191 2072 3244 et
2121 3181 2339 3251 auguria
2391 3182 2704 3251 mendacia,
2750 3193 2802 3238 et
2843 3185 3047 3238 somnia
3096 3185 3234 3239 male
3279 3185 3606 3254 facientium,

2021 3275 2223 3328 vanitas
2251 3284 2351 3330 est.
2387 3276 2451 3329 Et
2492 3276 2628 3331 sicut
2665 3277 3009 3346 parturientis
3049 3283 3144 3332 co'r
3184 3285 3328 3332 tuum
3386 3280 3611 3348 phanta—

2020 3367 2128 3420 sias
2157 3368 2377 3436 patitur,
2411 3369 2511 3421 nisi
2540 3370 2608 3422 ab
2629 3370 2903 3425 Altisslmo
2933 3370 3092 3424 fuerit
3115 3371 3307 3425 emissa
3339 3372 3610 3429 visitatio:

2021 3475 2088 3512 ne
2115 3459 2326 3514 dederis
2351 3460 2401 3513 in
2431 3461 2534 3514 illis
2555 3476 2650 3514 eor
2681 3471 2847 3515 tuum.
2878 3461 3068 3516 Multos
3094 3463 3234 3515 enim
3264 3477 3443 3516 errare
3473 3463 3613 3519 fece-

2019 3561 2143 3606 runt
2177 3554 2403 3620 somnia,
2447 3561 2500 3608 et
2540 3554 2852 3609 exciderunt
2885 3564 3163 3624 sperantes
3217 3556 3270 3609 in
3310 3555 3435 3609 illis.
3483 3556 3610 3610 Sine

2021 3645 2302 3700 mendacio
2341 3646 2800 3700 consummabitur
2839 3646 3096 3713 verbum,
3146 3655 3198 3700 et
3242 3646 3497 3715 sapientia
3556 3647 3610 3699 in

2021 3751 2115 3791 ore
2139 3737 2308 3792 ﬁdelis
2337 3737 2784 3806 contemplabitur
2805 3739 2846 3789 ³.
2875 3735 2943 3789 Et
2983 3747 3095 3808 post
3139 3739 3354 3808 quinque
3395 3753 3564 3791 versas
3590 3751 3612 3792 :

2021 3829 2181 3883 Multa
2211 3830 2314 3883 vidi
2345 3829 2695 3894 enarrando’,
2725 3838 2777 3883 et
2807 3829 3059 3898 plurimas
3082 3829 3365 3883 verborum
3387 3843 3612 3883 consue-

2025 3921 2253 3974 tudines.
2305 3920 2603 3990 Aliquoties
2652 3935 2819 3988 usque
2869 3921 2932 3972 ad
2987 3929 3215 3975 mortem
3283 3920 3612 3990 periclitatus

2022 4028 2140 4066 smn
2175 4012 2363 4065 horum
2395 4027 2577 4076 causa,
2603 4018 2660 4066 et
2686 4013 2938 4066 liberatus
2965 4026 3080 4065 sum
3109 4013 3274 4081 gratia
3299 4013 3412 4066 Dei.
3446 4010 3615 4081 Spiri-

2023 4112 2106 4158 tus
2134 4103 2430 4158 timentium
2474 4105 2639 4158 Deum
2673 4105 2946 4173 quau-itur,
2995 4113 3048 4157 et
3084 4102 3136 4156 in
3175 4114 3420 4173 respectu
3468 4103 3614 4158 illius

2023 4197 2408 4253 benedicentur
2431 4195 2474 4252 ⁸.
2500 4197 2634 4265 Spes
2659 4198 2802 4251 enim
2831 4197 3040 4250 illorum
3069 4196 3121 4250 iu
3145 4197 3437 4251 salvantem
3469 4197 3610 4262 illos;

2024 4299 2079 4344 et
2115 4290 2252 4344 oculi
2286 4290 2377 4343 Dei
2417 4289 2470 4343 in
2507 4288 2791 4359 diligentes
2828 4302 2906 4342 se.
2940 4288 3040 4354 Qui
3091 4289 3238 4342 timet
3289 4288 3566 4342 Dominum
3594 4327 3610 4354 ,

2026 4380 2158 4436 nihil
2192 4381 2511 4450 trepidabit,
2540 4392 2725 4434 etnon
2773 4380 3021 4449 pavebit;
3073 4380 3322 4448 quoniam
3372 4379 3486 4449 ipse
3530 4390 3614 4437 est

2025 4490 2148 4547 spes
2173 4476 2304 4546 ejus.
2340 4475 2598 4529 Timentis
2627 4474 2906 4526 Dominum
2931 4515 2946 4540 ,
2981 4473 3131 4527 beata
3155 4482 3236 4527 est
3274 4475 3470 4527 anima.
3531 4475 3613 4529 Ad

2025 4583 2181 4638 quem
2212 4567 2460 4636 respicit?
2478 4575 2531 4622 et
2551 4565 2669 4636 quis
2685 4575 2766 4620 est
2793 4566 3042 4620 fortitudo
3070 4566 3210 4635 ejus?
3225 4564 3376 4622 Oecli
3404 4567 3614 4622 Domini

2027 4673 2186 4727 super
2216 4659 2465 4713 timentes
2491 4673 2614 4711 eum
2644 4673 2660 4712 :
2688 4663 2959 4727 protector
2984 4658 3236 4726 potentia:
3257 4698 3273 4724 ,
3304 4659 3612 4714 lirmamem

2029 4762 2138 4807 tmn
2163 4742 2406 4814 virtutis,
2451 4752 2683 4822 tegimen
2714 4749 2926 4805 ardoris
2953 4759 3007 4806 et
3044 4751 3410 4806 umbraculum
3456 4751 3618 4805 meri-

2026 4845 2240 4899 dianam
2265 4845 2286 4877 ⁸
2311 4862 2324 4910 ;
2354 4844 2660 4915 deprecatio
2687 4842 2999 4897 offensionis
3019 4854 3072 4898 et
3090 4845 3412 4914 adjutorium
3435 4859 3612 4908 casus;
3637 4865 3644 4896 :.

2027 4939 2269 4995 exultans
2297 4937 2529 4991 animam
2575 4945 2630 4992 et
2678 4935 2986 4990 illuminans
3030 4937 3248 5001 oculos,
3297 4938 3431 4989 dans
3474 4936 3619 4989 sani-

2030 5040 2192 5085 tatem
2218 5038 2272 5084 et
2313 5030 2470 5082 vitam
2501 5038 2556 5082 et
2585 5026 3038 5083 benedictionem.
3075 5025 3399 5079 lmmolantis
3425 5040 3489 5080 ex
3511 5025 3616 5078 ini-

2029 5139 2135 5194 quo
2171 5123 2369 5178 oblatio
2406 5131 2490 5178 est
2530 5121 2828 5185 maculata,
2879 5128 2931 5174 et
2955 5134 3060 5172 non
3101 5125 3226 5171 sunt
3271 5117 3617 5186 beneplacitaa

2029 5215 2471 5270 subsaunationes
2506 5214 2847 5283 iujustorum.
2875 5212 3130 5266 Dominus
3159 5212 3304 5266 solus
3340 5213 3615 5266 sustinen-

2095 5392 2113 5424 ι
2140 5397 2189 5442 ιιι
2217 5390 2438 5454 vulgata,
2468 5388 2738 5454 versiculus
2770 5390 2828 5440 15
2859 5389 3027 5451 capitis
3107 5389 3176 5439 sic
3205 5389 3476 5451 ἱιιυὶιιιιιιέι
3499 5387 3618 5439 liora

2029 5453 2260 5517 surgendi
2281 5451 2373 5503 non
2405 5461 2448 5504 te
2472 5451 2651 5514 tricas;
2676 5465 2923 5517 pijwcurre
2942 5458 3123 5517 autem,
3152 5460 3256 5517 etc.

2094 5509 2337 5578 I"vulgata
2360 5528 2374 5564 :
2400 5509 2809 5578 fortnunn'nibitur
2850 5509 3210 5578 verbltinleiﬂs,
3245 5520 3290 5564 et
3313 5509 3544 5578 sapientia
3567 5510 3619 5564 in

2031 5574 2315 5706 pgelfdélis
2357 5574 2754 5641 comptwmbitur.
2800 5583 2909 5627 Mss.
2954 5574 3146 5628 mices
3185 5574 3405 5640 speculi,
3448 5574 3499 5626 in
3536 5586 3622 5628 ore

2105 5654 2182 5689 eu.

2119 5701 2448 5764 ttegendum,
2472 5698 2574 5752 vidi
2594 5700 2643 5752 in
2679 5701 2890 5753 errando
2917 5713 2935 5753 :
2959 5701 3065 5752 sive
3087 5702 3158 5753 uti
3183 5701 3234 5750 in
3263 5700 3413 5751 sacris
3433 5699 3596 5756 Bibliis

2034 5762 2133 5817 vidi
2151 5762 2377 5814 et'fmnto.

2095 5823 2356 5898 Divisae.
2383 5823 2699 5898 marem

2096 5891 2120 5923 ⁸
2142 5887 2362 5951 νιιιᾱιιι.
