4110 6454
503 381 606 438 967

504 498 645 554 tibus
673 510 731 552 se
758 494 811 550 in
835 495 921 550 via
957 493 1197 551 veritatis
1233 501 1288 549 et
1309 491 1549 564 iustitiae.
1593 491 1741 547 Dona
1779 491 2085 561 iniquorum

505 607 612 646 non
635 589 828 663 probat
851 589 1184 653 Altissimus,
1230 601 1332 642 nec
1377 585 1594 656 respicit
1628 585 1680 638 in
1725 581 2084 638 oblationibus

503 683 802 755 iniquorum
823 723 838 749 ,
871 697 970 737 nec
1004 679 1061 736 in
1085 679 1421 734 multitudine
1462 676 1846 732 sacriﬁciorum
1896 687 2082 730 eorum

503 775 874 848 propitiabitur
899 772 1150 844 peccatis.
1181 771 1280 838 Qui
1307 769 1462 826 offert
1489 767 1802 824 sacrificium
1837 779 1903 820 ex
1953 762 2082 818 sub-

490 869 698 943 stantia
753 881 1084 939 pauperum,
1148 863 1298 934 quasi
1371 862 1459 934 qui
1505 860 1742 916 victimat
1803 857 1966 913 ﬁlium
2030 853 2084 909 in

501 969 789 1032 conspectu
810 958 973 1030 patris
1005 957 1106 1014 sui.
1145 955 1304 1012 Panis
1348 953 1733 1026 indigentium,
1781 951 1889 1007 vita
1948 965 2080 1020 pau-

502 1053 643 1123 peris
671 1061 785 1116 est;
816 1051 904 1120 qui
929 1047 1207 1105 defraudat
1232 1049 1380 1103 illum
1399 1090 1413 1114 ,
1447 1046 1609 1102 homo
1638 1043 1955 1114 sanguinum
1975 1048 2077 1096 est.

499 1142 600 1210 Qui
627 1142 797 1198 aufert
817 1142 869 1196 in
891 1141 1088 1197 sudore
1113 1155 1325 1210 panem,
1352 1138 1506 1209 quasi
1534 1137 1625 1209 qui
1659 1135 1852 1191 occidit
1894 1133 2078 1204 proxi-

501 1249 646 1289 mum
671 1249 846 1288 suum.
870 1233 972 1302 Qui
996 1232 1223 1289 effundit
1246 1231 1557 1302 sanguinem
1582 1271 1596 1294 ,
1627 1238 1681 1284 et
1719 1227 1811 1299 qui
1841 1224 2080 1282 fraudem

498 1325 621 1381 facit
657 1326 1023 1395 mercenario,
1068 1324 1260 1380 fratres
1309 1331 1454 1378 sunt.
1505 1321 1657 1378 Unus
1719 1318 1988 1376 aedificans
2029 1324 2082 1372 et

499 1434 633 1474 unus
655 1418 956 1484 destruens,
983 1416 1110 1488 quid
1154 1415 1369 1487 prodest
1410 1414 1513 1469 illis
1543 1411 1644 1467 nisi
1691 1409 1884 1465 labor?
1933 1407 2082 1464 Unus

496 1526 684 1578 orans,
713 1519 768 1567 et
813 1525 951 1566 unus
1001 1509 1354 1576 maledicens,
1395 1506 1552 1577 cujus
1597 1519 1782 1560 vocem
1833 1500 2082 1558 exaudiet

496 1604 679 1659 Deus?
735 1603 836 1671 Qui
875 1603 1172 1673 baptizatur
1225 1617 1258 1656 a
1304 1609 1550 1666 mortuo,
1579 1605 1633 1653 et
1675 1596 1867 1652 iterum
1914 1594 2082 1664 tangit

495 1697 683 1762 illum,
732 1697 860 1768 quid
898 1695 1137 1767 proficiet
1181 1694 1377 1749 lavatio
1431 1691 1614 1748 illius?
1659 1690 1750 1747 Sic
1786 1690 1948 1745 homo
1989 1690 2080 1760 qui

492 1789 696 1862 jejunat
731 1789 786 1844 in
819 1789 1047 1858 peccatis
1081 1788 1222 1856 suis,
1254 1796 1308 1843 et
1335 1786 1527 1841 iterum
1558 1785 1746 1841 eadem
1779 1783 1924 1849 facit,
1951 1781 2078 1853 quid

495 1884 706 1954 proﬁcit
751 1881 1080 1938 humiliando
1134 1881 1236 1937 se?
1291 1879 1586 1935 orationem
1636 1877 1752 1948 ejus
1799 1875 1919 1947 quis
1979 1889 2074 1930 ex—

493 1975 674 2030 audiet
691 1976 714 2030 ’ἰ

566 2066 790 2140 [xxxv.]
818 2067 918 2133 Qui
943 2073 1228 2122 conservat
1262 2065 1467 2137 legem,
1517 2062 1830 2133 multiplicat
1878 2060 2079 2115 oratio-

495 2175 639 2215 nem.
671 2157 1000 2214 Sacriﬁcium
1025 2157 1258 2213 salutare
1277 2165 1361 2212 est
1384 2154 1662 2210 attendere
1695 2152 1957 2208 mandatis
1981 2193 1996 2217 ,
2027 2159 2082 2205 et

499 2249 775 2307 discedere
799 2248 868 2304 ab
897 2250 1042 2303 omni
1089 2247 1403 2319 iniquitate;
1443 2256 1498 2302 et
1539 2245 1966 2316 propitiationem
2013 2243 2081 2297 li-

501 2353 614 2400 tare
639 2343 883 2398 sacrificii
909 2357 1071 2413 super
1100 2341 1405 2411 injustitias,
1433 2348 1488 2395 et
1506 2338 1814 2409 deprecatio
1843 2352 1937 2407 pro
1959 2350 2083 2406 pec-

495 2435 650 2502 catis,
672 2434 925 2490 recedere
945 2435 1012 2489 ab
1041 2433 1316 2503 injustitia.
1361 2431 1427 2485 Et
1467 2440 1576 2501 post
1615 2447 1801 2502 paucos
1845 2445 2017 2483 versus
2059 2445 2078 2483 :

493 2525 610 2582 Non
645 2525 926 2598 apparebis
967 2526 1018 2580 in
1051 2533 1339 2594 conspectu
1367 2523 1458 2578 Dei
1509 2538 1724 2578 vacuus.
1773 2522 1900 2577 Haec
1939 2521 2079 2576 enim

496 2619 673 2675 omnia
702 2627 920 2689 propter
962 2619 1210 2672 mandata
1247 2617 1458 2672 Domini
1509 2616 1658 2670 ﬁunt.
1704 2614 1913 2670 Oblatio
1953 2613 2081 2682 justi

496 2710 792 2783 impinguat
810 2711 1012 2776 altare,
1040 2719 1094 2765 et
1111 2709 1248 2765 odor
1271 2708 1545 2763 suavitatis
1583 2716 1664 2762 est
1699 2707 1751 2761 in
1791 2713 2084 2776 conspectu

499 2802 782 2858 Altissimi.
815 2800 1144 2858 Sacriﬁcium
1170 2800 1297 2870 justi
1325 2808 1600 2868 acceptum
1625 2805 1742 2863 est,
1790 2804 1844 2852 et
1881 2810 2083 2850 memo-
2147 2815 2150 2818 ’

496 2897 631 2951 riam
654 2896 772 2965 ejus
799 2910 903 2949 non
926 2893 1266 2949 obliviscetur
1289 2891 1564 2946 Dominus.
1598 2890 1746 2954 Bono
1767 2889 1944 2942 animo
1963 2887 2081 2958 glo-

497 2989 635 3043 riam
663 2987 828 3044 redde
865 2989 996 3053 Deo,
1029 2996 1084 3043 et
1112 3002 1219 3041 non
1269 2985 1476 3040 minuas
1523 2983 1780 3054 primitias
1830 2997 2082 3036 manuum

499 3091 731 3137 tuarum.
770 3081 824 3136 In
855 3081 1001 3137 omni
1025 3079 1150 3135 dato
1187 3079 1412 3134 hilarem
1450 3076 1532 3132 fac
1559 3076 1760 3131 vultum
1797 3085 1943 3130 tuum
1966 3117 1980 3141 ,
2029 3083 2084 3130 et

497 3173 552 3228 in
579 3171 934 3228 exsultatione
961 3169 1234 3226 sanctifica
1261 3169 1498 3224 decimas
1527 3176 1666 3222 tuas.
1700 3168 1774 3222 Da
1813 3167 2084 3222 Altissimo

498 3264 789 3320 secundum
814 3263 1001 3319 datum
1032 3263 1178 3333 ejus,
1207 3271 1260 3316 et
1280 3262 1331 3316 in
1372 3261 1515 3317 bono
1559 3260 1718 3316 oculo
1755 3259 2086 3315 adinventio-

499 3371 623 3412 nem
650 3355 810 3412 facito
841 3371 1091 3411 manuum
1122 3363 1370 3418 tuarum;
1401 3354 1654 3424 quoniam
1701 3353 1955 3407 Dominus
1996 3369 2084 3408 re-

498 3449 737 3504 tribueus
764 3458 846 3504 est
868 3491 883 3515 ,
909 3458 964 3505 et
996 3448 1194 3518 septies
1223 3446 1410 3502 reddet
1447 3455 1648 3501 tantum
1693 3445 1807 3500 tibi.
1844 3444 1959 3500 Noli
2006 3444 2089 3500 of-

506 3541 649 3598 ferre
685 3557 906 3597 munera
934 3557 1136 3612 prava;
1165 3555 1273 3596 non
1311 3540 1455 3594 enim
1497 3538 1752 3608 suscipiet
1806 3538 1914 3592 illa.
1969 3537 2086 3592 Noli

502 3634 771 3704 respicere
813 3632 1131 3689 sacrificium
1182 3631 1466 3700 injustam;
1526 3631 1775 3701 quoniam
1833 3630 2087 3684 Dominus

499 3726 660 3797 judex
691 3734 775 3782 est
796 3768 808 3791 ,
842 3734 894 3781 et
922 3741 1027 3780 non
1049 3734 1131 3779 est
1151 3723 1288 3793 apud
1313 3724 1459 3778 illum
1484 3723 1650 3793 gloria
1678 3737 1940 3793 personze.
1971 3722 2086 3776 Non

502 3821 724 3891 accipiet
751 3819 1007 3874 Dominus
1033 3833 1313 3887 personam
1346 3817 1400 3871 in
1443 3831 1757 3886 pauperem,
1800 3825 1856 3870 et
1899 3831 2085 3884 preca-

507 3912 703 3966 tionem
744 3909 856 3965 lacsi
887 3908 1150 3964 exaudiet.
1195 3907 1310 3962 Non
1346 3907 1604 3977 despiciet
1637 3921 1823 3977 preces
1867 3907 2086 3977 pupilli,

504 4017 603 4057 nec
629 4001 836 4067 viduae,
877 4000 922 4054 si
948 3999 1182 4054 effundat
1207 3999 1472 4069 loquelam
1509 4000 1758 4069 gemitus.
1789 3997 1976 4053 Nonne
2017 3998 2094 4052 Ia-

503 4107 685 4166 cryma
708 4091 774 4147 ad
803 4092 1068 4146 maxillam
1091 4091 1397 4154 descendit,
1428 4100 1480 4145 et
1505 4091 1821 4145 exclamatio
1846 4107 1875 4144 a
1902 4091 2090 4144 maxil-

504 4185 556 4240 la
583 4185 820 4241 ascendit
852 4193 1068 4256 propter
1094 4184 1218 4239 illud
1241 4182 1383 4253 quod
1404 4182 1857 4254 descenditsnpcr
1888 4183 2030 4236 illam
2047 4182 2092 4238 ίῖ

508 4276 574 4332 Et
596 4289 705 4350 post
730 4287 944 4348 quatuor
968 4293 1139 4332 versus
1170 4291 1189 4330 :
1210 4275 1392 4332 Oratio
1417 4275 1745 4331 humiliantis
1786 4291 1875 4342 se,
1923 4275 2091 4333 nubes

511 4374 826 4444 penetrabit.

580 4465 643 4520 Et
663 4475 772 4536 post
797 4465 1110 4536 aliquantam:
1137 4461 1387 4538 [xxxvm]
1421 4481 1436 4520 :
1461 4463 1592 4519 Cum
1615 4465 1729 4520 viro
1754 4473 1938 4520 sancto
1961 4465 2086 4520 assi-

507 4559 650 4614 duus
671 4567 809 4626 esto,
832 4571 1220 4627 quemcumque
1257 4557 1569 4628 cognoveris
1607 4557 1980 4613 observantem
2030 4557 2095 4612 ti-

508 4667 712 4706 morem
741 4650 856 4715 Dei,
886 4650 1035 4721 cujus
1065 4650 1237 4704 anima
1256 4658 1338 4705 est
1356 4651 1644 4706 secundum
1671 4652 1901 4706 animam
1929 4661 2094 4707 tuam.

508 4742 578 4798 Et
591 4753 699 4814 post
718 4744 936 4816 quinque
949 4760 1118 4799 versus
1149 4759 1168 4798 :
1198 4744 1330 4798 Etin
1353 4743 1693 4817 hisomuihus
1709 4745 1996 4816 deprecare
2009 4744 2101 4799 Al-

509 4838 794 4902 tissimum,
821 4845 878 4892 ut
900 4836 1091 4907 dirigat
1113 4836 1168 4892 in
1196 4837 1420 4892 veritate
1449 4837 1586 4892 viam
1614 4844 1776 4892 tuam.
1804 4836 1866 4890 Et
1888 4845 1998 4908 post
2025 4836 2100 4891 vi-

507 4931 634 5004 ginti
681 4939 728 4985 et
770 4946 926 4984 unum
968 4945 1136 4984 versus
1167 4944 1188 4983 .·
1206 4928 1328 4996 Fili,
1361 4929 1414 4982 in
1447 4929 1555 4984 vita
1583 4937 1668 4983 tua
1697 4939 1838 4984 tenta
1869 4929 2100 4984 animam

508 5031 688 5089 tuam;
717 5021 842 5079 etsi
866 5021 1020 5079 fuerit
1051 5036 1299 5093 nequam,
1349 5037 1455 5076 non
1503 5020 1598 5076 des
1638 5021 1713 5076 illi
1757 5029 2096 5092 potestatem.

509 5115 626 5171 Non
671 5115 813 5172 enim
864 5113 1113 5171 omnibus
1140 5113 1319 5168 omnia
1347 5112 1677 5183 expediunt,
1729 5121 1782 5167 et
1811 5127 1919 5168 non
1956 5113 2101 5169 omni

508 5208 702 5264 animae
742 5222 901 5263 omne
927 5221 1093 5278 genus
1119 5205 1310 5278 placet.
1351 5205 1466 5260 Noli
1505 5204 1690 5260 avidus
1734 5220 1852 5261 esse
1882 5206 1933 5260 in
1956 5203 2103 5262 omni

511 5300 834 5372 epulatione,
857 5309 912 5355 et
938 5315 1046 5355 non
1083 5308 1134 5354 te
1159 5298 1400 5354 eﬁ‘undas
1430 5313 1591 5368 super
1618 5313 1831 5353 omnem
1848 5313 2046 5355 escam.

587 5392 650 5448 Et
669 5402 781 5464 post
805 5401 1020 5464 quatuor
1037 5407 1206 5446 versus
1231 5388 1528 5465 [xxxan]
1559 5409 1571 5445 :
1605 5390 1813 5446 Honora
1842 5390 2104 5446 medicum

511 5494 729 5557 propter
751 5483 1153 5551 necessitatem;
1177 5483 1371 5539 etenim
1391 5483 1534 5537 illum
1565 5485 1764 5538 creavit
1781 5482 2102 5539 Altissimus.

513 5578 559 5632 Δ
587 5577 696 5632 Deo
711 5577 853 5632 enim
875 5585 960 5634 est
978 5575 1207 5646 medela,
1231 5585 1284 5631 et
1301 5591 1330 5630 a
1357 5591 1481 5647 rege
1500 5576 1722 5647 accipiet
1742 5575 2103 5632 donationem.

513 5669 803 5744 Disciplina
819 5671 1011 5728 medici
1041 5664 1294 5728 exaltabit
1320 5681 1476 5741 caput
1498 5670 1682 5742 ipsius,
1710 5678 1764 5724 et
1792 5671 1846 5725 in
1885 5685 2109 5741 conspeo

581 5811 598 5844 ¹
625 5817 763 5874 sacra
782 5809 930 5867 Biblia
954 5825 969 5874 ξ
997 5819 1157 5874 Nonae
1190 5809 1420 5874 iacran
1449 5806 1610 5874 vidua
1643 5809 1708 5859 ad
1739 5806 1994 5874 maxillam
2030 5809 2113 5862 de-

517 5872 768 5934 scendunt.
793 5879 840 5927 et
859 5870 1153 5927 exclamatio
1170 5871 1276 5934 eius
1293 5869 1446 5937 super
1465 5870 1780 5926 deducam»:
1797 5884 1880 5924 eae
1899 5869 1925 5924 2
2065 5908 2080 5926 ς

1690 375 1749 433 S.
1788 369 2160 432 AUGUSTINI
2197 368 2555 429 SPECULUM

3673 367 3781 427 968

2189 497 2280 544 ctu
2311 497 2679 559 magnatorum
2727 485 3132 543 collaudabitur.
3166 486 3470 542 Altissimus
3493 489 3694 544 creavit
3708 485 3782 545 de

2187 587 2328 636 terra
2345 579 2658 636 medicinam
2685 579 2724 644 ί,
2748 587 2801 634 et
2829 580 2909 633 vir
2935 577 3165 649 prudens
3208 594 3313 634 non
3357 580 3666 637 abhorrebit
3712 580 3784 637 iis

2189 671 2313 727 lam.
2331 671 2518 728 Nonne
2538 688 2568 727 a
2590 673 2732 742 ligno
2751 671 3012 727 indulcata
3032 680 3116 727 est
3141 686 3276 742 aqua
3298 671 3513 727 amara?
3533 673 3614 729 Ad
3635 675 3784 745 agni-

2191 765 2386 820 tionem
2415 765 2684 820 hominum
2713 765 2880 820 virtus
2905 765 3067 833 illius,
3093 773 3149 820 et
3184 765 3332 820 dedit
3365 765 3566 820 homini
3600 767 3781 823 scien-

2190 856 2316 911 tiam
2344 856 2668 925 Altissimus,
2705 856 2954 912 honorari
2985 856 3041 911 in
3083 856 3413 912 mirabilibus
3448 857 3578 911 suis.
3611 856 3669 912 in
3696 856 3782 912 his

2189 963 2383 1004 curans
2415 949 2675 1020 mitigavit
2699 948 2941 1005 dolorem
2977 949 3213 1019 ipsorum
3244 949 3284 1001 '.
3313 946 3382 1002 Et
3413 958 3525 1019 post
3561 958 3782 1022 quatuor

2188 1055 2360 1095 versus
2379 1055 2409 1102 4:
2433 1040 2556 1109 Fili,
2579 1041 2633 1095 in
2661 1048 2749 1096 tua
2777 1040 3082 1096 infirmitate
3102 1055 3208 1094 non
3234 1039 3523 1110 desperes;
3569 1041 3664 1096 sed
3685 1056 3779 1097 ora

2189 1131 2493 1199 Dominum,
2519 1143 2573 1191 et
2591 1134 2706 1205 ipse
2733 1134 2942 1189 curabit
2967 1143 3035 1189 te.
3065 1134 3264 1190 Averte
3283 1149 3314 1188 a
3337 1132 3554 1200 delicto,
3579 1142 3634 1189 et
3658 1132 3764 1188 diri

2185 1240 2252 1296 ge
2279 1242 2490 1296 manus,
2520 1237 2575 1284 et
2593 1229 2660 1284 ab
2687 1229 2833 1285 omni
2859 1228 3053 1284 delicto
3073 1228 3270 1284 munda
3286 1244 3380 1284 cor
3397 1237 3564 1286 tuum.
3582 1228 3650 1283 Et
3667 1238 3780 1299 post

2187 1336 2344 1376 unum
2380 1337 2576 1377 versum
2606 1339 2626 1378 :
2656 1323 2724 1377 Et
2766 1323 3032 1394 impingua
3059 1322 3400 1387 oblationem,
3427 1330 3485 1378 et
3510 1321 3576 1376 da
3601 1322 3780 1377 locum

2187 1416 2422 1482 medico;
2445 1416 2641 1471 etenim
2660 1416 2807 1470 illum
2838 1417 3093 1473 Dominus
3119 1416 3354 1471 creavit:
3383 1423 3439 1470 et
3462 1428 3568 1469 non
3601 1413 3781 1469 disce-

2185 1505 2334 1561 data
2372 1516 2450 1572 te;
2501 1508 2752 1577 quoniam
2797 1523 2958 1578 opera
3009 1507 3126 1578 ejus
3163 1516 3288 1562 sunt
3327 1505 3645 1562 necessnria.
3686 1506 3781 1560 Est

2184 1599 2327 1654 enim
2356 1600 2569 1671 quando
2590 1601 2643 1656 in
2665 1616 2855 1656 manus
2881 1601 3094 1658 illorum
3115 1601 3353 1657 incurras
3378 1618 3392 1655 :
3421 1601 3521 1671 ipsi
3537 1614 3666 1656 vero
3684 1601 3782 1655 Do-

2185 1692 2387 1746 minum
2418 1693 2864 1764 deprecabuntur,
2903 1703 2962 1749 ut
3005 1693 3197 1764 dirigat
3237 1693 3473 1763 requiem
3514 1708 3698 1748 eorum
3724 1701 3782 1747 et

2183 1784 2463 1841 sanitatem
2507 1794 2725 1856 propter
2761 1787 3219 1843 conversationem
3265 1786 3473 1842 illorum
3500 1786 3540 1839 ³.
3570 1785 3637 1839 Et
3667 1794 3783 1856 post

2184 1892 2340 1930 unum
2375 1895 2570 1933 versum
2596 1894 2617 1934 :
2641 1879 2760 1946 Fili,
2794 1880 2846 1934 in
2876 1889 3141 1935 mortuum
3165 1878 3365 1950 produc
3410 1880 3692 1952 lacrymas,
3724 1889 3783 1935 et

2184 1970 2334 2039 quasi
2363 1970 2478 2025 dira
2523 1986 2706 2041 passus
2749 1972 2925 2043 incipe
2955 1973 3181 2044 plorare.
3217 1973 3282 2027 Et
3307 1973 3597 2028 secundum
3631 1973 3780 2044 judi-

2184 2061 2322 2115 cium
2337 2070 2557 2134 contege
2569 2079 2762 2132 corpus
2784 2065 2943 2128 illius,
2966 2075 3020 2120 et
3039 2081 3142 2120 non
3161 2065 3424 2136 deSpicias
3443 2067 3778 2136 sepulturam

2185 2151 2346 2207 illius.
2381 2154 2602 2224 Propter
2628 2155 2919 2211 delaturam
2959 2173 3138 2214 amare
3173 2159 3251 2213 fer
3281 2158 3477 2214 luctum
3511 2159 3652 2214 illius
3674 2177 3780 2215 una

2184 2241 2291 2310 die,
2315 2255 2368 2299 et
2393 2246 2671 2301 consolare
2694 2257 2909 2317 propter
2936 2248 3228 2313 tristitiam;
3259 2259 3314 2304 et
3352 2250 3432 2305 fac
3457 2250 3659 2305 luctum
3688 2267 3780 2306 se-

2184 2338 2414 2392 cundum
2444 2339 2689 2393 meritum
2717 2340 2832 2410 ejus
2857 2356 2963 2396 uno
2989 2341 3078 2396 die
3097 2341 3179 2396 vel
3203 2341 3431 2408 duobus,
3453 2352 3672 2413 propter
3687 2343 3783 2400 de-

2187 2433 2518 2488 tractionem.
2559 2436 2603 2488 A
2632 2435 2840 2490 tristitia
2866 2437 3008 2491 enim
3052 2435 3265 2491 festinat
3305 2453 3469 2505 mors,
3501 2446 3554 2492 et
3580 2453 3778 2508 coope-

2184 2527 2287 2581 riet
2328 2526 2597 2592 virtutem,
2625 2535 2679 2582 et
2702 2529 2913 2583 tristitia
2951 2529 3126 2584 cordis
3164 2529 3340 2585 flectet
3383 2531 3666 2586 cervicem.
3715 2530 3782 2583 Et

2187 2629 2297 2688 post
2314 2637 2471 2674 unum
2494 2635 2692 2674 uersum
2714 2636 2734 2676 :
2754 2621 2870 2676 Non
2893 2621 3105 2677 dederis
3131 2622 3182 2677 in
3215 2622 3480 2676 tristitiam
3493 2637 3587 2677 cor
3606 2631 3779 2676 tuum.

2189 2710 2255 2765 Et
2281 2723 2392 2783 post
2434 2731 2609 2769 novem
2651 2730 2864 2771 versus:
2898 2715 3166 2787 Sapientia
3214 2715 3405 2772 scribae
3447 2716 3501 2770 in
3541 2725 3785 2786 tempore

2186 2804 2485 2874 vacuitatis,
2529 2813 2585 2860 et
2630 2807 2720 2877 qui
2757 2807 3050 2863 minoratur
3091 2815 3212 2863 actu
3255 2807 3569 2878 sapientiam
3601 2806 3783 2877 perci-

2186 2894 2315 2965 piet.

2259 2989 2326 3044 Et
2348 2991 2501 3061 paulo
2531 3000 2641 3063 post
2669 2989 2896 3066 [χχχιι]
2926 3009 2940 3048 :
2968 2991 3026 3046 In
3043 3007 3173 3048 voce
3187 2991 3369 3060 dicito,
3388 2991 3648 3047 Obaudite
3671 3007 3782 3058 me,

2186 3080 2350 3136 divini
2381 3081 2582 3137 fructus
2611 3097 2888 3154 aquarum,
2912 3091 2966 3138 et
2984 3083 3134 3154 quasi
3181 3099 3302 3139 rosa
3347 3084 3580 3155 plantata
3619 3099 3787 3153 super

2188 3175 2363 3228 rivum
2391 3173 2706 3230 fructiﬁcate
2732 3173 2773 3230 ⁸.
2803 3175 2963 3242 Quasi
2995 3175 3227 3230 Libanus
3255 3175 3473 3230 odorem
3503 3177 3786 3230 suavitatis

2190 3265 2399 3320 habete.
2449 3264 2665 3321 Florete
2693 3265 2852 3321 ﬂores
2876 3265 3028 3336 quasi
3055 3266 3241 3333 lilium,
3288 3266 3411 3321 date
3443 3265 3686 3331 odorem,
3730 3276 3789 3321 et

2190 3353 2433 3410 frondetc
2461 3355 2516 3410 in
2540 3359 2786 3426 gratiam,
2819 3365 2870 3412 et
2898 3356 3193 3412 collaudate
3217 3357 3502 3424 canticum,
3533 3367 3584 3412 et
3615 3357 3787 3413 bene-

2189 3445 2351 3501 dicite
2374 3446 2653 3502 Dominum
2677 3447 2729 3501 in
2751 3447 3000 3516 operibus
3020 3448 3151 3503 suis.
3183 3449 3315 3503 Date
3336 3449 3785 3519 magniﬁcentiam

2191 3539 2393 3592 nomini
2417 3539 2553 3607 ejus,
2586 3549 2640 3593 et
2673 3539 2998 3594 conﬁtemini
3039 3539 3113 3594 illi
3144 3539 3198 3594 in
3223 3555 3354 3596 voce
3383 3541 3640 3597 labiorum
3688 3555 3787 3596 ve-

2192 3641 2449 3698 strorum,
2474 3633 2525 3686 in
2554 3633 2778 3688 canticis
2805 3633 3062 3688 labiorum
3092 3643 3147 3689 et
3169 3634 3421 3700 citharis;
3454 3643 3505 3690 et
3528 3635 3606 3689 sic
3633 3633 3786 3689 dice~

2193 3727 2260 3778 tis
2284 3724 2333 3777 in
2356 3723 2689 3779 confessione
2713 3742 2726 3777 :
2753 3725 2924 3794 Opera
2951 3726 3160 3780 Domini
3183 3727 3431 3782 universa
3449 3727 3584 3781 bona
3607 3725 3786 3780 valde.

2195 3815 2250 3870 ln
2279 3816 2444 3871 verbo
2464 3816 2580 3885 ejus
2604 3817 2748 3871 stetit
2772 3833 2905 3885 aqua
2933 3819 3069 3872 sicut
3089 3819 3382 3888 congeries,
3413 3829 3466 3873 et
3495 3819 3547 3872 in
3573 3833 3788 3874 sermo-

2194 3922 2262 3962 ne
2281 3907 2389 3960 oris
2417 3907 2534 3974 ejus
2581 3909 2716 3962 sicut
2757 3909 3060 3978 exceptoria
3102 3925 3380 3980 aquarum.
3424 3909 3684 3978 Quoniam
3733 3910 3788 3964 in

2195 4007 2460 4069 praecepto
2487 3999 2652 4068 ipsius
2676 3999 2855 4068 placor
2884 4001 2960 4068 ﬁt,
2991 4010 3044 4055 ct
3071 4015 3174 4056 non
3205 4012 3288 4056 est
3314 4002 3594 4056 minoratiu
3619 4002 3669 4055 in
3701 4016 3786 4056 sa-

2196 4089 2303 4144 lute
2331 4091 2490 4145 illius.
2543 4091 2712 4162 Opera
2739 4093 2912 4147 omnis
2938 4093 3111 4147 carnis
3135 4107 3314 4148 coram
3340 4093 3449 4157 illo,
3494 4102 3548 4148 et
3571 4107 3678 4147 non
3705 4101 3792 4146 est

2195 4182 2482 4254 quidquam
2518 4183 2886 4239 absconditum
2931 4185 2996 4239 ah
3044 4185 3210 4240 oculis
3256 4185 3389 4255 ejus.
3425 4187 3463 4240 Α
3495 4185 3691 4242 stectilo
3730 4195 3789 4241 et

2196 4290 2367 4346 usque
2396 4277 2446 4331 in
2469 4277 2722 4332 sarculum
2752 4278 3002 4348 respiciet
3025 4277 3074 4344 ';
3102 4287 3156 4333 et
3188 4277 3318 4332 nihil
3347 4287 3430 4332 est
3465 4277 3704 4334 mirabile
3735 4279 3790 4332 in

2197 4378 2486 4439 conspectu
2510 4369 2646 4439 ejus.
2664 4367 2779 4425 Non
2798 4381 2880 4424 cst
2905 4370 3104 4435 dicere,
3130 4370 3266 4436 Quid
3288 4371 3530 4426 esthoc?
3553 4381 3643 4425 aut
3659 4370 3790 4443 quid

2197 4473 2279 4520 est
2307 4463 2471 4518 illud?
2508 4466 2684 4518 omnia
2711 4464 2852 4518 enim
2883 4463 2935 4518 in
2967 4473 3206 4532 tempore
3231 4478 3329 4519 suo
3353 4474 3678 4534 quaerentur.

2270 4554 2340 4610 Et
2369 4555 2522 4628 paulo
2547 4565 2657 4628 post
2677 4553 2814 4630 [xu]
2847 4573 2860 4610 :
2889 4555 3066 4612 Gratia
3094 4557 3232 4612 sicut
3257 4555 3529 4627 paradisus
3549 4557 3601 4612 in
3623 4557 3786 4614 bene-

2200 4648 2540 4716 dictionibus,
2561 4659 2615 4706 et
2641 4649 3002 4723 misericordia
3035 4649 3087 4704 in
3113 4650 3362 4704 szecnlum
3399 4659 3697 4720 permanet.
3726 4651 3794 4706 Et

2203 4751 2313 4812 post
2341 4740 2606 4796 duodecim
2622 4758 2791 4796 versus
2820 4759 2833 4797 :
2863 4740 3147 4796 Fratrcsin
3166 4741 3486 4811 adjutorium
3509 4741 3562 4796 in
3587 4753 3783 4812 tempo-

2203 4849 2263 4890 re
2292 4833 2668 4900 tribulationis,
2700 4843 2755 4888 et
2775 4848 2937 4903 super
2957 4849 3050 4889 eos
3071 4833 3431 4890 misericordia
3465 4834 3732 4890 liberabit.

2275 4924 2341 4979 Et
2365 4937 2474 4997 post
2504 4926 2766 4998 paululum
2794 4923 2986 4999 [seu]:
3017 4926 3286 4996 Sapientia
3303 4927 3442 4982 enim
3459 4927 3793 4994 abscondita,

2203 5027 2258 5076 et
2283 5019 2562 5075 thesaurus
2582 5021 2840 5082 occultus,
2865 5036 2983 5090 qua:
3012 5020 3210 5075 utilitas
3237 5021 3287 5075 in
3311 5021 3584 5092 utrisque?
3609 5021 3800 5076 Melior

2205 5123 2290 5172 est
2314 5113 2475 5169 homo
2505 5114 2589 5184 qui
2616 5113 2893 5169 abscondit
2923 5114 3198 5169 stultitiam
3233 5129 3404 5184 suam,
3445 5131 3603 5187 quam
3634 5115 3799 5170 homo

2206 5206 2297 5280 qui
2323 5206 2598 5261 abscondit
2627 5207 2934 5276 sapientiam
2956 5222 3127 5261 suam.

2281 5301 2348 5356 Et
2378 5302 2650 5372 aliquando
2669 5311 2782 5371 post
2802 5297 2996 5374 [LXIIL]
3024 5319 3037 5356 :
3065 5299 3447 5358 Benediccntes
3487 5300 3798 5370 Dominum,

2274 5433 2291 5465 ί
2312 5439 2361 5482 tn
2382 5434 2533 5484 sacris
2553 5431 2741 5494 Bibliis,
2762 5430 3129 5494 medicamenta,

2273 5497 2295 5528 ²
2317 5495 2516 5560 Vulgata
2542 5509 2555 5544 :
2580 5493 2812 5560 Mftigabit
2845 5493 3084 5560 dolorem,
3113 5493 3160 5548 et
3191 5495 3535 5560 tmguentart'us
3563 5496 3799 5560 ipsorum.

2211 5557 2453 5624 Praeterea
2476 5559 2595 5608 inv.
2618 5557 2815 5622 9,'pro,
2845 5570 2940 5608 non
2965 5557 3220 5624 desperes,
3247 5557 3425 5622 liabet,
3466 5573 3527 5611 ue
3561 5557 3801 5624 despiciat

2211 5626 2446 5742 me,
2464 5685 2668 5746 propter
2690 5681 3042 5746 conversionem
3059 5681 3271 5735 illorum.

2275 5745 2297 5778 ι
2319 5749 2369 5793 ιη
2392 5743 2590 5809 vulgata
2620 5745 2859 5809 habetur:
2888 5743 3032 5809 Dicit,
3053 5745 3284 5798 Obaudite
3298 5758 3399 5809 me,
3417 5744 3569 5809 divini
3585 5745 3775 5809 fructus

2213 5814 2259 5862 et
2435 5806 2543 5878 road
2576 5806 2792 5878 plantago
2807 5820 2950 5872 super
2967 5806 3092 5860 rivos
3114 5821 3351 5873 aquarwu
3372 5806 3678 5872 fructiﬁcate.

2323 5869 2547 5935 Vulgata,
2572 5869 2783 5934 respicit.
