4110 6506
271 636 500 694 exaltate
526 632 674 690 illum
703 636 959 704 quantum
977 625 1227 700 potestis;
1254 627 1427 700 major
1453 635 1538 685 cst
1554 625 1701 683 omni
1737 626 1856 681 lau-

273 729 356 784 de.
391 726 699 784 Exaltantes
718 740 838 780 eum
868 723 1144 794 replemini
1172 723 1385 778 virtute.

344 818 412 873 Et
434 828 545 890 post
572 819 732 872 multa
758 815 877 891 [ιι]
912 835 924 870 :
953 815 1274 886 Appropiate
1316 815 1384 870 ad
1419 828 1523 879 me,
1564 810 1782 878 indocti,
1809 817 1865 866 et

274 911 668 981 congregamini
709 910 759 964 in
791 909 1004 963 domum
1045 908 1357 980 disciplinae.
1390 907 1527 974 Quid
1565 906 1739 960 adhuc
1779 919 1866 960 re-

277 1004 529 1059 tardatis?
557 1013 611 1058 et
635 1001 759 1072 quid
791 1001 964 1056 adhuc
991 1001 1164 1055 dicitis
1199 1001 1254 1054 in
1289 998 1408 1054 his?
1443 999 1634 1052 animae
1672 1003 1865 1052 vestras

276 1096 461 1150 sitiunt
483 1095 844 1150 vehementer.
872 1093 1068 1162 Aperui
1093 1106 1154 1146 os
1175 1106 1372 1157 meum,
1404 1098 1459 1145 et
1483 1091 1691 1145 locutus
1710 1103 1862 1145 sum:

274 1186 588 1257 Comparate
611 1187 761 1242 vobis
785 1187 900 1241 sine
937 1193 1160 1257 argento
1187 1184 1500 1254 sapientiam
1529 1184 1569 1251 ί,
1598 1192 1652 1238 et
1669 1183 1866 1238 collum

276 1289 510 1334 vestrum
538 1279 784 1348 subjicite
809 1279 955 1350 jugo,
1000 1287 1052 1334 et
1084 1278 1340 1348 suscipiet
1365 1277 1540 1332 anima
1565 1286 1742 1333 vestra
1787 1276 1870 1331 di-

275 1370 576 1440 sciplinam.
609 1370 663 1425 ln
695 1371 941 1441 proximo
967 1371 1106 1424 enim
1135 1377 1216 1426 est
1237 1369 1475 1425 invenire
1501 1385 1642 1425 eam.
1679 1368 1869 1423 Videte

273 1448 442 1516 oculis
459 1463 666 1528 vestris,
697 1463 943 1533 quoniam
976 1461 1183 1517 modice
1198 1461 1526 1528 laboravi,et
1544 1461 1719 1518 inveni
1739 1457 1876 1519 mih!

275 1555 496 1610 multam
522 1554 780 1624 requiem.
811 1555 1078 1610 Assumite
1111 1554 1446 1624 disciplinam
1488 1554 1541 1609 in
1577 1555 1743 1610 multo
1768 1569 1868 1609 nu-

276 1665 425 1705 mero
466 1651 691 1720 argenti,
722 1658 776 1705 et
799 1649 1072 1718 copiosum
1120 1662 1309 1704 aurum
1362 1648 1630 1718 possidete
1681 1649 1734 1703 in
1783 1663 1868 1704 ea.

277 1741 512 1798 Laetetur
549 1742 724 1797 anima
776 1750 954 1796 vestra
1004 1741 1057 1795 in
1104 1740 1466 1796 misericordia
1503 1739 1639 1810 ejus,
1683 1748 1865 1796 etnon

277 1831 667 1888 confundemini
690 1833 742 1887 in
765 1833 917 1888 laude
941 1832 1127 1901 ipsius.
1152 1831 1456 1901 Operamini
1484 1845 1617 1902 opus
1632 1839 1866 1887 vestrum

277 1931 400 1978 ante
430 1934 656 1994 tempus,
674 1933 728 1978 et
753 1923 1060 1979 dabitvobis
1085 1923 1630 1980 mercedemvestram
1646 1924 1700 1980 in
1729 1931 1869 1979 tem-

277 2028 408 2085 pore
427 2028 544 2069 suo.

492 2106 572 2160 De
591 2106 715 2161 libro
741 2105 917 2162 Tobia:
942 2107 1042 2161 ista
1067 2106 1302 2179 ponenda
1327 2106 1652 2164 credidimus.

775 2198 862 2252 DE
893 2197 1113 2253 TOBUE
1147 2196 1369 2253 LIBRO.

355 2287 503 2362 [Cap.
523 2289 620 2362 tv.]
636 2289 902 2347 Honorem
929 2290 1150 2346 habebis
1176 2290 1332 2344 matri
1370 2296 1474 2344 tute
1493 2289 1740 2345 omnibus
1754 2290 1868 2346 die-

283 2383 381 2438 bus
404 2384 524 2438 vitte
549 2385 684 2454 ejus.
718 2385 920 2440 Memor
949 2383 1089 2439 enim
1116 2399 1236 2440 esse
1255 2384 1439 2450 debes,
1461 2399 1580 2455 quze
1597 2393 1650 2440 et
1672 2393 1868 2454 quanta

282 2477 512 2547 pericula
538 2493 694 2549 passa
723 2479 1020 2548 sitpropter
1050 2487 1102 2534 te
1117 2478 1168 2533 in
1191 2487 1344 2535 utero
1371 2494 1488 2534 suo.
1519 2478 1586 2532 Et
1609 2488 1723 2550 post
1743 2479 1868 2534 duos

280 2584 450 2624 versus
471 2586 485 2624 :
505 2569 760 2626 Omnibus
775 2580 952 2627 autem
969 2571 1154 2627 diebus
1175 2572 1296 2626 vitze
1313 2581 1416 2626 tua:
1433 2573 1597 2627 Deum
1621 2573 1671 2626 in
1690 2581 1868 2628 mente

282 2661 436 2726 habe,
463 2673 515 2717 et
543 2678 672 2718 cave
694 2679 759 2718 ne
773 2663 1055 2734 aliquando
1081 2672 1300 2734 peccato
1313 2664 1638 2731 consentias,
1654 2672 1706 2719 et
1733 2679 1869 2734 prac-

283 2753 540 2809 termittas
560 2763 823 2824 praecepta
857 2755 948 2809 Dei
971 2755 1068 2810 tui.
1097 2756 1176 2811 Ex
1197 2755 1493 2812 substantia
1520 2764 1606 2811 tua
1623 2756 1703 2810 fac
1722 2756 1866 2811 elee-

280 2863 581 2921 mosynam,
619 2859 673 2904 et
701 2849 807 2903 noli
837 2857 1077 2906 avertere
1106 2849 1296 2906 faciem
1325 2859 1468 2905 tuam
1501 2849 1568 2905 ab
1602 2849 1709 2904 ullo
1735 2863 1867 2919 pau-

281 2954 408 3010 pere
438 2959 451 2995 :
484 2942 555 2996 ita
583 2941 723 2996 enim
761 2943 868 3008 ﬁet,
899 2952 956 2998 ut
984 2957 1084 2998 nec
1115 2958 1146 2998 a
1177 2950 1230 2999 te
1266 2949 1533 2999 avertatur
1569 2942 1731 2999 facies
1760 2943 1867 2996 Do-

281 3033 432 3089 mini.
464 3034 578 3101 Quo
595 3034 754 3090 modo
780 3036 1033 3106 potueris,
1063 3035 1134 3090 ita
1155 3043 1271 3091 esto
1297 3035 1622 3091 misericors.
1641 3035 1697 3090 Si
1726 3037 1868 3090 mul-

281 3133 393 3180 tum
424 3125 516 3181 tibi
547 3126 722 3194 fuerit,
744 3127 1074 3182 abundanter
1092 3126 1268 3182 tribue
1297 3144 1311 3182 :
1339 3126 1383 3181 si
1409 3127 1654 3197 exiguum
1686 3125 1865 3194 fuerit,

282 3225 440 3273 etiam
482 3219 726 3289 exiguum
773 3218 1000 3273 libenter
1046 3218 1319 3288 impertire
1361 3217 1534 3273 stude.
1586 3218 1867 3273 Prtemium

283 3309 422 3366 enim
449 3311 545 3365 tibi
574 3312 770 3365 bonum
800 3310 1128 3366 thesaurizas
1157 3311 1210 3364 in
1231 3309 1318 3366 die
1342 3309 1690 3366 necessitatis.
1719 3309 1866 3376 Quo-

284 3401 423 3458 niam
450 3403 788 3474 eleemosyna
805 3402 870 3460 ab
887 3403 1030 3458 omni
1053 3411 1271 3472 peccato
1295 3410 1350 3457 et
1375 3419 1406 3458 a
1441 3411 1616 3459 morte
1657 3402 1864 3469 liberat,

281 3501 336 3549 et
349 3509 456 3550 non
484 3495 679 3564 patitur
705 3495 932 3549 animam
963 3495 1040 3550 ire
1066 3494 1118 3549 in
1147 3495 1414 3550 tenebras.
1444 3494 1658 3550 Fiducia
1681 3509 1868 3564 magna

283 3587 384 3642 erit
409 3600 588 3642 coram
615 3601 825 3642 summo
857 3586 964 3643 Deo
1005 3586 1350 3656 eleemosyna
1375 3587 1642 3652 omnibus,
1672 3586 1760 3654 qui
1790 3585 1868 3640 fa-

282 3678 430 3734 ciunt
455 3693 592 3737 eam.
625 3679 853 3735 Attende
872 3679 989 3748 tibi,
1031 3679 1126 3746 ﬁli,
1156 3679 1223 3735 ab
1251 3679 1394 3734 omni
1424 3678 1789 3746 fornicatione,
1816 3687 1871 3734 et

285 3779 482 3840 praeter
502 3785 721 3826 uxorem
751 3778 892 3826 tuam
937 3786 1206 3842 nunquam
1232 3770 1452 3841 patiaris
1478 3772 1680 3826 crimen
1711 3772 1866 3826 scire.

287 3861 596 3932 Superbiam
643 3871 819 3919 autem
860 3878 1126 3934 nunquam
1170 3862 1224 3917 in
1251 3871 1340 3917 tuo
1366 3877 1528 3919 sensu
1557 3873 1646 3918 aut
1687 3865 1738 3918 in
1777 3873 1870 3919 tuo

286 3954 448 4010 verbo
467 3954 727 4010 dominari
755 3955 1029 4025 permittas
1054 3973 1068 4008 :
1097 3956 1153 4009 in
1182 3955 1295 4026 ipsa
1323 3955 1464 4010 enim
1493 3955 1702 4011 initium
1726 3970 1873 4011 sum-

285 4045 390 4116 psit
416 4046 590 4100 omnis
618 4045 864 4116 perditio.
908 4044 1239 4115 Quicumque
1279 4044 1474 4116 aliquid
1503 4045 1594 4100 tibi
1625 4052 1873 4116 operatus

287 4138 465 4208 fuerit,
494 4138 672 4195 statim
699 4139 1000 4195 mercedem
1023 4139 1072 4194 ei
1089 4139 1339 4202 restitue;
1370 4147 1424 4194 ct
1442 4153 1649 4195 merces
1670 4155 1875 4194 merce-

286 4231 419 4286 narii
441 4231 578 4301 apud
610 4240 660 4286 te
684 4231 901 4287 omnino
927 4245 1032 4286 non
1077 4239 1308 4286 maneat.
1341 4230 1491 4299 Quod
1519 4230 1587 4286 ab
1628 4231 1733 4286 alio
1756 4231 1874 4287 edis

285 4320 398 4378 ﬁeri
431 4321 545 4388 tibi,
591 4321 710 4377 vide
736 4337 804 4377 ne
831 4321 986 4378 alteri
1035 4330 1089 4376 tu
1132 4322 1414 4392 aliquando
1453 4321 1635 4378 facias.
1675 4323 1872 4378 Panem

287 4421 433 4468 tuum
455 4428 576 4469 cum
594 4412 950 4470 esurientibus
975 4413 1156 4483 egenis
1175 4413 1417 4480 comede,
1439 4421 1494 4470 et
1509 4413 1574 4468 de
1595 4415 1876 4469 vestimen-

285 4505 355 4560 tis
384 4507 492 4561 tuis
521 4505 690 4561 nudos
738 4514 876 4576 tege.
931 4503 1000 4559 Et
1024 4513 1136 4576 post
1173 4506 1300 4560 duos
1337 4520 1507 4560 versus
1533 4521 1554 4561 :
1580 4505 1874 4561 Consilium

287 4611 502 4668 semper
527 4611 556 4650 a
583 4597 821 4667 sapiente
863 4596 1126 4667 perquire.
1169 4594 1326 4651 Omni
1369 4603 1607 4668 tempore
1651 4595 1877 4652 benedic

286 4687 553 4753 Deum,et
579 4694 702 4756 pete
737 4686 804 4741 ab
832 4700 917 4753 eo,
962 4694 1019 4740 ut
1048 4685 1158 4741 vias
1199 4694 1313 4741 tuas
1346 4685 1556 4756 dirigat,
1602 4694 1656 4741 et
1697 4686 1878 4742 omnia

288 4777 508 4832 consilia
546 4785 635 4831 tua
677 4777 729 4831 in
770 4777 884 4846 ipso
933 4782 1297 4846 permaneant.
1330 4774 1400 4829 Et
1425 4785 1538 4846 post
1555 4783 1742 4847 septem
1762 4791 1875 4829 ver-

285 4885 374 4923 sus
396 4870 418 4901 ¹
454 4887 467 4923 :
500 4867 619 4924 Noli
649 4869 856 4933 timere,
888 4867 958 4922 ﬁli
990 4868 1061 4922 mi
1092 4885 1104 4920 :
1137 4881 1422 4937 pauperem
1457 4866 1669 4938 quidem
1710 4867 1874 4923 vitam

286 4961 540 5029 gerimus,
569 4959 665 5016 sed
693 4960 858 5015 multa
888 4959 1025 5015 bona
1069 4957 1417 5025 habebimus,
1463 4957 1508 5013 si
1547 4958 1880 5015 timuerimus

207 5085 216 5094 .
284 5050 480 5118 Deum,
502 5057 556 5104 et
575 5050 954 5106 recesserimus
981 5048 1050 5104 ab
1077 5047 1222 5104 omni
1250 5057 1490 5119 peccato,
1519 5056 1573 5105 et
1595 5048 1880 5107 fecerimus

284 5143 444 5201 bene.

362 5238 430 5292 Et
455 5245 569 5309 post
602 5237 763 5292 multa
789 5234 928 5310 [run]
964 5253 978 5292 :
1005 5235 1155 5292 Tunc
1177 5233 1417 5306 Raphael
1443 5235 1575 5291 dixit
1601 5235 1678 5292 eis
1704 5235 1881 5292 occul-

287 5339 341 5385 te
377 5348 391 5383 :
425 5329 735 5384 Benedicite
758 5329 923 5384 Deum
955 5328 1172 5394 cteli,ct
1194 5343 1375 5384 coram
1411 5329 1657 5385 omnibus
1691 5329 1880 5386 viven-

285 5423 430 5478 tibus
453 5421 778 5479 confitemini
809 5421 902 5486 illi,
931 5421 1179 5491 quoniam
1211 5419 1336 5476 fecit
1358 5420 1634 5476 vobiscum
1667 5421 1878 5477 miseri-

281 5514 527 5586 cordiam
557 5528 727 5569 suam.
756 5512 965 5568 Etenim
991 5519 1383 5568 sacramentum
1398 5512 1540 5583 regis
1554 5511 1882 5570 abscondere

279 5609 490 5662 bonum
511 5615 630 5663 est:
661 5622 821 5679 opera
848 5615 1024 5664 autem
1043 5605 1140 5662 Dei
1152 5605 1388 5662 revelare
1416 5616 1471 5664 et
1494 5606 1758 5672 conﬁteri,
1778 5607 1880 5664 ho-

279 5702 572 5757 noriﬁcum
588 5709 690 5758 est.
719 5702 867 5758 Bona
890 5711 973 5759 est
991 5702 1162 5758 oratio
1186 5715 1309 5757 cum
1334 5702 1556 5775 jejunio,
1582 5711 1638 5760 et
1653 5703 1883 5759 eleemo-

278 5811 422 5869 syna
449 5797 619 5867 magis
643 5810 803 5868 quam
830 5795 1108 5853 thesauros
1132 5796 1248 5852 auri
1272 5797 1586 5854 recondere.
1620 5796 1880 5865 Quoniam

350 5934 372 5999 ξ
398 5939 523 5999 Vox,
544 5931 844 5999 sapientiam,
867 5934 1008 5986 abest
1028 5946 1058 5984 a
1074 5940 1182 5985 Mss.
1207 5945 1400 5987 necnon
1419 5945 1452 5986 ι
1469 5934 1622 5987 sacis
1640 5932 1814 5987 Bibliis.

349 5996 374 6030 ³
400 5995 582 6059 Regius
601 5995 704 6047 its;
728 6002 785 6048 Et
805 5995 908 6061 post
927 6013 1008 6049 vm
1028 6009 1210 6048 versus.

616 6079 844 6165 Bauer.
871 6081 1150 6158 Auens'r.
1184 6078 1296 6145 IIl.

1659 6073 1718 6103 νο.
1745 6077 1803 6095 ..ιι
1849 6084 1854 6091 .

1507 508 1596 569 DE
1631 502 2021 569 SCRIPTURA
2055 507 2303 569 SACRA.

3252 476 3315 486 ἐκ

1969 621 2306 696 eleemosyna
2333 637 2363 680 a
2387 631 2560 683 morte
2581 626 2794 696 liberat,
2830 635 2886 686 et
2920 627 3034 702 ipsa
3058 629 3164 688 'est
3203 646 3323 704 quae
3367 651 3535 710 purga
3549 650 3564 702 ·,

1971 723 2207 783 peccata,
2230 724 2286 771 et
2309 715 2433 772 facit
2462 718 2706 776 invenire
2728 721 2892 776 vitam
2919 731 3194 779 aeternam.
3247 725 3349 794 Qui
3381 739 3556 794 autem

1973 805 2174 862 faciunt
2209 815 2482 877 peccatum
2513 817 2568 864 et
2610 809 2960 882 iniquitatem,
2990 813 3174 870 hostes
3209 824 3334 872 sunt
3369 821 3559 880 anima

1975 907 2105 950 suae.

2046 985 2117 1042 Et
2135 989 2292 1059 paulo
2316 998 2428 1061 post
2455 989 2610 1066 [xm]
2643 1009 2659 1048 :
2685 991 2880 1049 Audite
2908 1008 3056 1066 ergo,
3085 995 3179 1051 ﬁlii
3206 999 3330 1062 mei,
3357 1007 3568 1069 patrem

1977 1091 2210 1138 vestrum
2239 1101 2254 1140 :
2286 1085 2490 1140 Servite
2511 1086 2735 1141 Domino
2755 1087 2806 1140 in
2833 1088 3054 1143 veritate
3073 1097 3128 1143 et
3147 1090 3396 1160 inquirite
3415 1102 3472 1146 ut
3493 1095 3564 1147 fa-

1978 1176 2132 1231 ciatis
2155 1192 2272 1247 quae
2315 1185 2437 1233 sunt
2478 1178 2672 1247 placita
2701 1178 2805 1244 illi;
2837 1188 2891 1234 et
2914 1179 3036 1235 ﬁliis
3065 1182 3256 1236 vestris
3294 1185 3570 1252 mandate,

1981 1275 2038 1320 ut
2069 1266 2261 1323 faciant
2280 1268 2514 1338 justitias
2546 1277 2600 1324 et
2636 1269 3023 1342 eleemosynas,
3065 1279 3122 1326 ut
3158 1273 3264 1327 sint
3304 1290 3573 1333 memores

1985 1359 2100 1427 Dei,
2129 1371 2182 1415 et
2204 1361 2521 1416 benedicant
2557 1377 2679 1417 eum
2709 1362 2764 1417 in
2789 1363 2935 1418 omni
2963 1373 3221 1434 tempore,
3265 1365 3318 1420 in
3347 1367 3573 1423 veritate.

1982 1459 2035 1505 et
2055 1451 2105 1505 in
2135 1460 2239 1505 tota
2270 1453 2460 1508 virtute
2483 1468 2598 1508 sua.

2049 1539 2171 1594 lam
2211 1558 2341 1596 nunc
2380 1545 2616 1613 quoniam
2641 1559 2744 1598 non
2763 1560 2932 1600 omnes
2952 1545 3065 1600 libri
3093 1549 3327 1603 canonici
3356 1548 3576 1607 Veteris-

1980 1645 2075 1701 que
2096 1627 2401 1686 Testamenn’
2426 1634 2442 1664 ί
2466 1634 2583 1687 huic
2607 1635 2747 1705 aperi
2775 1645 2946 1690 nostra
2974 1640 3254 1693 necessaria
3293 1640 3576 1707 dederunt;

1981 1738 2140 1792 neque
2161 1722 2198 1776 ii
2216 1723 2304 1792 qui
2329 1723 2570 1778 dederunt
2597 1741 2662 1780 ea;
2697 1726 2926 1783 omnibus
2962 1728 3065 1782 suis
3106 1729 3228 1785 locis
3255 1732 3577 1788 conveniebat

1981 1822 2037 1866 ut
2065 1814 2263 1879 darent,
2279 1814 2367 1868 sed
2392 1831 2454 1869 ea:
2474 1816 2546 1870 eis
2566 1825 2764 1871 tantum
2798 1817 2885 1872 ubi
2908 1821 3160 1890 apertiora
3186 1839 3383 1877 morum
3412 1823 3576 1878 bono-

1979 1922 2092 1960 rum
2113 1916 2361 1979 prtecepta
2389 1909 2753 1978 comperimus;
2778 1911 2881 1965 sive
2903 1911 2990 1966 ubi
3008 1913 3155 1966 utilia
3173 1914 3437 1984 jubentur,
3473 1917 3578 1972 sive

1979 1997 2066 2052 ubi
2095 1998 2350 2053 contraria
2382 1999 2709 2069 prohibentur
2732 2015 2753 2055 :
2775 2001 2845 2054 ad
2885 2018 3056 2056 sacras
3075 2001 3294 2058 Litteras
3319 2006 3582 2076 evangeli-

1979 2106 2064 2145 cas
2090 2100 2139 2145 et
2167 2092 2476 2161 apostolicus
2505 2101 2840 2148 transeamus.
2892 2095 3057 2165 Caput
3078 2097 3133 2150 in
3167 2113 3359 2153 canone
3405 2099 3582 2155 Testa-

1979 2183 2131 2236 menti
2158 2181 2295 2237 Novi
2319 2183 2579 2238 notissima
2609 2192 2656 2237 et
2681 2184 3070 2255 praclarissima
3095 2197 3313 2260 quatuor
3339 2187 3579 2261 Evange-

1980 2274 2051 2327 lia
2096 2283 2377 2340 tenuerunt,
2399 2275 2451 2329 in
2491 2291 2704 2345 quarunt
2736 2277 2922 2346 primo,
2958 2279 3093 2347 quod
3125 2280 3401 2335 secundum
3444 2280 3579 2336 Mat-

1981 2366 2166 2421 tluaum
2199 2377 2291 2432 est,
2317 2384 2374 2421 ea
2397 2385 2511 2433 quae
2534 2368 2676 2425 nobis
2693 2378 2810 2424 sunt
2824 2371 2894 2425 ad
2918 2373 3013 2427 hoc
3031 2389 3179 2445 opus,
3201 2376 3337 2445 quod
3355 2377 3582 2448 suscepi-

1977 2474 2109 2527 mus,
2139 2476 2382 2531 congrua,
2400 2460 2676 2517 videamus.

2071 2572 2158 2627 DE
2202 2572 2594 2630 EVANGELIO
2635 2574 3001 2635 SECUNDUM
3043 2579 3469 2642 MATTiUEUM.

2050 2661 2201 2736 [Cap.
2233 2663 2310 2738 v.]
2340 2664 2539 2722 Videns
2585 2677 2763 2724 autem
2805 2670 3062 2726 Dominus
3102 2674 3304 2743 turbas,
3336 2681 3579 2738 ascendit

1977 2754 2030 2810 in
2061 2765 2295 2810 montem
2325 2774 2338 2810 :
2371 2765 2568 2812 etcum
2599 2758 2847 2828 sedisset,
2876 2775 3220 2820 accesserunt
3245 2767 3312 2822 ad
3342 2785 3462 2825 eum
3485 2771 3576 2827 di-

1978 2847 2164 2914 scipuli
2186 2846 2323 2917 ejus.
2345 2847 2413 2902 Et
2439 2848 2686 2918 aperiens
2705 2867 2767 2906 os
2787 2867 2942 2908 suum
2963 2853 3189 2911 docebat
3209 2873 3324 2926 eos,
3348 2861 3533 2918 dicens
3559 2882 3582 2921 :

1978 2938 2125 2994 Beati
2155 2954 2417 3010 pauperes
2442 2942 2661 3011 spiritu;
2689 2945 2939 3015 quoniam
2969 2947 3206 3018 ipsorum
3242 2962 3331 3008 est
3353 2970 3587 3025 regnum:

1976 3032 2257 3086 caelorum.
2288 3032 2432 3088 Beati
2461 3034 2646 3102 mites;
2672 3039 2920 3108 quoniam
2965 3040 3064 3111 ipsi
3104 3043 3451 3113 possidebunt
3466 3056 3586 3104 ter-

1977 3137 2112 3176 ram.
2159 3123 2306 3179 Beati
2349 3125 2440 3195 qui
2485 3125 2692 3195 lugent;
2723 3129 2972 3200 quoniam
3007 3132 3108 3203 ipsi
3136 3137 3580 3196 consolabuntur.

1977 3213 2124 3269 Beati
2153 3215 2244 3286 qui
2271 3218 2512 3274 esuriunt
2547 3228 2600 3274 et
2627 3219 2813 3274 sitiunt
2848 3219 3142 3291 justitiam;
3191 3229 3438 3296 quoniam
3473 3231 3583 3302 ipsi

1977 3308 2372 3364 saturabuntur.
2397 3310 2543 3365 Beati
2565 3312 2972 3379 misericordes;
3003 3316 3254 3385 quoniam
3281 3318 3382 3390 ipsi
3408 3322 3579 3377 mise-

1977 3397 2259 3453 ricordiam
2279 3409 2689 3471 consequentur.
2705 3401 2850 3457 Beati
2867 3403 3068 3459 mundo
3082 3406 3211 3461 cord
3223 3422 3255 3464 e
3272 3424 3289 3475 ;
3321 3411 3586 3481 quoniam-

1979 3487 2080 3559 ipsi
2103 3488 2268 3544 Deum
2296 3490 2571 3547 videbunt.
2597 3492 2742 3548 Beati
2774 3493 3012 3564 pacifici;
3043 3496 3292 3566 quoniam
3338 3498 3432 3555 ﬁlii
3480 3503 3585 3558 Dei

1977 3580 2330 3637 vocabuntur.
2379 3583 2526 3638 Beati
2552 3583 2641 3654 qui
2677 3584 3100 3654 persecutionem
3147 3589 3426 3658 patiuntur
3449 3606 3590 3661 pro»

1979 3677 2098 3739 pter
2116 3670 2374 3740 justitiam
2393 3687 2407 3738 ;
2427 3673 2678 3742 quoniam
2695 3672 2931 3742 ipsorum
2949 3684 3033 3730 est
3055 3691 3278 3747 regnum
3295 3680 3583 3741 celerum.

1977 3755 2126 3810 Beati
2147 3756 2275 3810 estis
2299 3771 2421 3811 cum
2450 3756 2825 3813 maledixerint
2849 3758 3004 3814 vobis
3029 3758 3282 3818 homines
3295 3765 3342 3831 ι,
3365 3772 3422 3820 et
3449 3781 3584 3837 per-

1979 3847 2148 3902 secuti
2178 3862 2271 3902 vos
2297 3847 2513 3916 fuerint,
2541 3857 2598 3904 et
2615 3848 2848 3904 dixerint
2875 3865 3036 3906 omne
3061 3852 3269 3909 malum
3287 3855 3580 3916 adversum

1979 3954 2075 3996 vos
2116 3941 2454 4008 mentientes,
2505 3948 2722 4012 propter
2758 3956 2846 3997 me
2879 3943 3150 4014 :gaudete
3183 3957 3237 4000 et
3279 3951 3588 4020 exsultate,

1981 4031 2228 4103 quoniam
2255 4046 2464 4087 merces
2488 4040 2665 4087 vestra
2692 4033 2908 4103 copiosa
2933 4043 3015 4090 est
3042 4035 3096 4089 in
3129 4036 3309 4106 etatis;
3339 4041 3420 4096 sie
3439 4043 3586 4098 enim

1981 4122 2247 4191 persecuti
2291 4130 2416 4178 sunt
2444 4123 2740 4193 Prophetas
2780 4125 2871 4195 qui
2910 4124 3123 4182 fuerunt
3163 4137 3287 4185 ante
3328 4146 3443 4187 vos.
3475 4132 3586 4190 Vos

1982 4215 2112 4269 estis
2131 4215 2210 4270 sal
2242 4223 2398 4271 terrae
2422 4233 2435 4269 :
2466 4215 2607 4286 quod
2633 4214 2680 4271 si
2707 4215 2785 4271 sal
2812 4219 3104 4285 evanuerit,
3135 4220 3188 4275 in
3215 4235 3321 4291 quo
3339 4223 3586 4279 salietur?
3679 4246 3682 4248 ·

1985 4309 2067 4364 Ad
2094 4310 2319 4364 nihilum
2344 4309 2485 4365 valet
2507 4309 2664 4374 ultra,
2695 4309 2797 4363 nisi
2821 4317 2882 4363 ut
2908 4311 3148 4366 mittatur
3175 4312 3337 4377 foras,
3365 4324 3419 4369 et
3446 4330 3587 4371 con-

1986 4399 2221 4455 culcetur
2239 4400 2306 4454 ab
2328 4399 2646 4454 hominibus.
2678 4397 2785 4452 Vos
2822 4397 2953 4453 estis
2981 4399 3070 4454 lux
3102 4401 3306 4456 mundi.
3329 4401 3446 4459 Non
3484 4419 3585 4475 po-

1985 4498 2090 4546 test
2117 4493 2304 4548 civitas
2324 4493 2576 4548 abscondi
2603 4508 2764 4563 supra
2789 4503 3026 4550 montem
3053 4497 3224 4567 posita
3255 4515 3268 4551 :
3297 4514 3469 4571 neque
3483 4515 3584 4558 ac-

1983 4587 2218 4641 cendunt
2242 4586 2538 4652 lucernam,
2567 4594 2623 4642 et
2652 4595 2855 4657 ponunt
2878 4603 2997 4644 eam
3017 4589 3118 4644 sub
3144 4591 3356 4660 modio;
3384 4593 3478 4650 sed
3496 4609 3587 4653 su-

1984 4693 2081 4748 per
2106 4678 2505 4747 candelabrum,
2527 4689 2585 4734 ut
2610 4679 2785 4737 luceat
2807 4682 3056 4739 omnibus
3082 4683 3242 4754 quiin
3257 4683 3418 4741 domo
3433 4695 3585 4745 sunt.

1985 4768 2077 4826 Sic
2118 4770 2291 4825 luceat
2331 4769 2424 4825 lux
2471 4779 2647 4826 vestra
2691 4786 2873 4828 coram
2910 4771 3237 4843 hominibus,
3283 4786 3342 4832 ut
3363 4777 3585 4836 videant

1984 4869 2160 4917 vestra
2186 4861 2326 4917 bona
2355 4877 2538 4933 opera,
2569 4871 2624 4919 et
2647 4863 2944 4935 gloriﬁcent
2968 4865 3178 4923 Patrem
3207 4876 3444 4925 vestrum
3484 4870 3583 4941 qui

1985 4954 2041 5009 in
2068 4954 2218 5011 ctelis
2241 4962 2345 5011 est.
2395 4954 2570 5012 Nolite
2594 4963 2784 5028 putare
2808 4958 3061 5029 quoniam
3086 4958 3210 5016 veni
3238 4961 3447 5017 solvere
3474 4961 3589 5018 Le-

1983 5063 2125 5120 gem,
2157 5057 2250 5103 aut
2275 5047 2568 5119 Prophetas
2598 5067 2611 5102 :
2640 5065 2748 5106 non
2774 5052 2897 5108 veni
2926 5052 3159 5119 solvere,
3184 5052 3278 5108 sed
3313 5053 3582 5126 adimple-

1983 5157 2065 5198 re.
2093 5142 2266 5198 Amen
2289 5141 2411 5199 dico
2433 5142 2607 5211 vobis,
2637 5143 2810 5201 donec
2839 5154 3073 5201 transeat
3096 5147 3288 5203 caelum
3317 5155 3376 5204 et
3413 5158 3586 5218 terra,

1985 5235 2091 5290 iota
2117 5250 2304 5300 unum,
2335 5243 2428 5309 aut
2447 5251 2586 5292 unus
2600 5250 2738 5308 apex
2754 5252 2860 5293 non
2885 5238 3179 5310 praeteribit
3194 5254 3225 5295 a
3242 5239 3386 5313 Lege
3409 5241 3590 5300 donec

1986 5329 2162 5384 omnia
2188 5328 2340 5383 ﬁant.
2369 5328 2468 5395 Qui
2495 5343 2625 5400 ergo
2654 5329 2871 5385 solverit
2899 5346 3062 5387 unum
3082 5331 3151 5388 de
3170 5332 3434 5390 mandatis
3466 5334 3591 5392 istis

1987 5420 2239 5489 minimis,
2261 5427 2316 5476 et
2339 5419 2580 5476 docuerit
2612 5420 2690 5476 sic
2722 5420 2986 5489 homines,
3015 5423 3269 5481 minimus
3308 5426 3592 5485 vocabitur

1986 5513 2040 5568 in
2064 5528 2227 5585 regno
2250 5513 2510 5569 calorum
2538 5528 2553 5567 :
2583 5513 2672 5585 qui
2697 5522 2876 5570 autem
2905 5514 3094 5572 fecerit
3115 5525 3170 5574 et
3192 5517 3459 5588 docuerit,
3483 5519 3579 5575 hic

1985 5620 2208 5676 magnus
2227 5605 2498 5662 vocabitur
2521 5604 2576 5661 in
2602 5619 2772 5677 regno
2799 5607 3082 5664 caelorum.
3115 5608 3245 5665 Dico
3271 5619 3448 5666 autem
3476 5625 3580 5666 voc

1985 5697 2089 5767 bis,
2109 5699 2357 5772 quoniam
2376 5698 2475 5754 nisi
2496 5697 2845 5755 abundaverit
2858 5699 3066 5771 iustitia
3083 5710 3260 5759 vestra
3279 5702 3400 5775 plus
3421 5719 3586 5775 quam

2049 5813 2145 5863 ιω
2178 5812 2327 5877 Regio
2362 5811 2561 5880 codice,
2598 5816 2872 5877 veteresque
2907 5810 3021 5866 huic
3055 5810 3587 5880 οραίεμααιιιιίαι

1984 5887 2127 5936 voce,
2153 5875 2449 5928 Testamentt.

1985 5939 2212 6052 nights},
2235 5936 2464 6002 homines,
2484 5938 2627 5991 abest
2645 5949 2676 5991 ι
2692 5937 2977 5991 Carnutensi
2996 5936 3166 5992 codice
3181 5950 3374 5993 necnon
3385 5950 3417 5992 ι
3429 5939 3588 5994 ωσι.

2852 6083 3344 6170 (Trente-unc.)
