4110 6514
531 504 534 507 ’
553 496 687 561 έΩἋ

493 594 505 606 ⁸
583 582 899 673 Scribarum
924 623 979 672 et
995 614 1411 683 Plias-illarum,
1433 615 1548 671 sibi]
1567 613 1843 672 ﬁta-abitis
1863 616 1920 670 in
1943 625 2171 684 regnum

583 712 870 771 calorum.
900 707 1138 765 Audistis
1153 709 1274 780 quia
1299 710 1497 765 dictum
1521 715 1604 764 est
1619 707 1871 778 antiquis,
1897 706 2011 763 Non
2031 707 2173 762 occi-

585 803 684 862 des
706 820 721 857 :
743 801 834 872 qui
859 811 1034 855 autem
1059 800 1334 864 occiderit,
1359 813 1485 857 reus
1503 799 1606 855 erit
1619 797 1838 868 judicio.
1859 799 1976 867 Ego
1991 806 2171 852 autem

584 891 704 946 dico
718 888 886 956 vobis,
903 890 1023 960 quia
1035 889 1210 944 omnis
1229 890 1317 960 qui
1335 891 1581 944 irascitur
1597 888 1747 944 fratri
1764 904 1882 956 suo,
1902 889 2044 945 Reus
2066 888 2171 944 erit

557 980 786 1053 :judicio
809 997 824 1036 :
847 981 936 1052 qui
961 987 1138 1036 autem
1159 981 1350 1037 dixerit
1367 979 1652 1048 fratrlsuc,
1681 981 1891 1046 Racha;
1916 993 2042 1036 reus
2066 979 2172 1036 erit

581 1074 808 1130 concilio
830 1090 844 1127 :
865 1074 956 1144 qui
974 1082 1152 1130 autem
1176 1070 1392 1141 dixerit,
1417 1073 1616 1141 Fatue;
1645 1075 1883 1131 reuserit
1909 1074 2169 1146 gehennaa

577 1167 738 1236 ignis.
760 1165 816 1221 Si
833 1181 962 1237 ergo
978 1165 1138 1221 oﬂ'ers
1157 1177 1350 1221 munus
1363 1175 1508 1221 tuum
1523 1167 1590 1221 ad
1601 1168 1789 1233 altare,
1820 1177 1872 1222 et
1896 1167 1967 1223 ibi
1990 1179 2171 1222 recer-

575 1258 732 1313 datus
748 1256 932 1326 fueris,
945 1257 1065 1328 quia
1084 1257 1550 1315 fratertuus-habet
1559 1259 1756 1330 aliquid
1774 1258 2053 1315 adversum
2081 1267 2164 1326 te;

551 1385 554 1388 -
574 1349 818 1420 relinque
828 1350 901 1405 ibi
918 1365 1108 1405 munus
1121 1360 1268 1406 tuum
1281 1359 1404 1406 ante
1415 1352 1598 1419 altare,
1616 1359 1673 1408 et
1684 1352 1816 1407 vade
1831 1351 1976 1422 prius
1988 1363 2170 1406 recon-

574 1439 746 1495 ciliari
765 1441 908 1494 fratri
925 1450 1014 1496 tuo
1030 1450 1112 1507 ,et
1131 1445 1254 1496 tunc
1275 1443 1493 1498 veniens
1517 1442 1746 1499 oﬂ'eres"
1773 1459 1965 1498 munus
1995 1452 2163 1498 tuum.

547 1528 708 1586 -Este
728 1520 1068 1591 consentiens
1087 1533 1394 1590 adversario
1411 1543 1505 1591 tuo
1515 1537 1640 1602 cito,
1656 1537 1782 1591 dum
1799 1552 1858 1592 es
1874 1537 1926 1590 in
1947 1537 2029 1590 via
2044 1550 2165 1591 cum

571 1638 670 1690 eo;
715 1639 782 1680 ne
801 1623 939 1680 forte
965 1625 1139 1682 tradat
1163 1636 1212 1682 te
1231 1627 1568 1683 adversarius
1592 1627 1778 1698 judici,
1803 1636 1857 1682 et
1878 1627 2039 1698 iudex
2061 1634 2166 1682 tra-

481 1745 488 1756 ο
545 1734 554 1770 ’τ
569 1716 665 1771 dat
692 1728 742 1773 te
771 1719 1037 1788 ministro,
1055 1729 1124 1776 et
1153 1721 1206 1775 in
1231 1735 1502 1776 carcerem
1538 1721 1782 1776 mittaris.
1832 1722 2002 1776 Amen
2047 1719 2166 1775 dico

568 1808 694 1877 tibi,
731 1827 836 1865 non
865 1812 1012 1867 exies
1035 1811 1165 1867 inde
1181 1812 1358 1868 donec
1397 1812 1593 1867 reddas
1633 1813 1981 1867 novissimum
2034 1821 2166 1881 qua-

543 1901 834 1960 :drautem.
862 1905 1100 1960 Audietis
1121 1906 1241 1976 quia
1271 1905 1471 1961 dictum
1491 1913 1574 1961 est
1601 1905 1851 1974 antiquis,
1874 1903 1988 1958 Non
2023 1912 2165 1959 mte—

567 1994 832 2050 ehaberis.
865 1995 977 2066 Ego
997 1994 1172 2051 autem
1199 1997 1322 2052 dico
1353 1998 1526 2064 vobis,
1553 1998 1674 2070 quia
1699 1998 1874 2052 omnis
1894 1997 1984 2067 qui
2011 1995 2163 2052 vide-

549 2084 642 2140 rit
667 2085 946 2141 mulierem
974 2087 1040 2142 ad
1067 2089 1551 2158 concupiscendum
1574 2103 1715 2156 eam,
1733 2089 1842 2159 jam
1866 2089 2164 2145 moechatus

557 2183 654 2231 est
681 2190 799 2230 eam
820 2176 875 2230 in
899 2177 1060 2233 corde
1080 2192 1197 2232 suo.
1215 2179 1366 2247 Quod
1389 2181 1432 2234 si
1451 2180 1636 2236 oculus
1663 2189 1786 2236 tuus
1806 2181 1993 2236 dexter
2011 2195 2163 2236 scan-

563 2266 764 2323 dalizat
790 2273 861 2335 te,
898 2284 1029 2326 erue
1057 2285 1201 2337 eum,
1235 2280 1289 2326 et
1315 2273 1514 2342 projice
1539 2272 1632 2327 abs
1661 2281 1732 2327 te.
1762 2272 1991 2343 Expedit
2017 2273 2160 2327 enim

551 2359 663 2415 tibi
691 2368 924 2416 utunum
947 2372 1130 2432 pereat
1149 2364 1509 2419 membrorum
1537 2374 1774 2433 tuorum,
1803 2381 1960 2435 quam
1991 2373 2162 2421 tutum

563 2464 764 2522 corpus
780 2461 925 2508 tuum
947 2455 1218 2510 mittatur‘
1247 2456 1296 2510 in
1312 2457 1631 2526 gehennam.
1665 2457 1789 2512 Etsi
1805 2457 2023 2512 dextera
2043 2471 2161 2512 ma-
2184 2503 2186 2505 .

570 2560 675 2622 nus
701 2553 788 2600 tua
816 2546 1225 2615 scandalizatte,
1241 2548 1456 2606 abscide
1483 2564 1625 2618 eam,
1652 2558 1706 2607 et
1734 2551 1936 2622 projice
1959 2551 2055 2607 abs
2088 2561 2158 2608 te.

547 2637 797 2709 .Expedit
821 2639 966 2695 enim
1005 2640 1099 2696 tibi
1129 2651 1186 2696 ut
1211 2657 1374 2696 unum
1401 2652 1586 2713 pereat
1609 2644 1994 2700 membrorum
2035 2653 2158 2700 tuo-

546 2743 701 2799 _rum,
727 2745 887 2801 quam
906 2739 1078 2786 totum
1100 2747 1294 2803 corpus
1315 2741 1463 2789 tuum
1493 2743 1580 2790 eat
1603 2735 1658 2792 in
1699 2734 2019 2806 gehennam.
2068 2737 2158 2792 Di»

545 2829 704 2878 .ctum
722 2829 1010 2890 cStautem,
1029 2823 1360 2896 Quicumque
1375 2825 1637 2881 dimiserit
1649 2837 1868 2883 uxorem
1881 2839 2051 2894 suam,
2069 2826 2158 2884 det

555 2914 886 2972 illilibellum
911 2915 1138 2987 repudii.
1168 2917 1278 2988 Ego
1297 2926 1472 2973 autem
1491 2918 1614 2973 dico
1637 2918 1805 2986 vobis,
1837 2919 1959 2990 quia
1985 2919 2159 2975 omnis

558 3006 650 3075 qui
693 3006 956 3062 dimiserit
1001 3023 1222 3064 uxorem
1274 3023 1422 3064 suam
1455 3051 1470 3078 ,
1519 3020 1740 3080 excepta
1794 3010 2158 3067 fornicationis

565 3112 750 3166 causa,
784 3100 905 3154 facit
931 3115 1050 3157 eam
1089 3102 1382 3157 nnechari:
1414 3111 1469 3157 et
1494 3104 1584 3173 qui
1607 3103 1883 3158 dimissam
1926 3104 2154 3172 duxerit,

549 3192 844 3247 adulterat.
878 3192 1007 3248 Item
1031 3194 1254 3250 audistis
1281 3195 1403 3266 quia
1431 3196 1632 3251 dictum
1653 3206 1737 3252 est
1759 3198 2008 3268 antiquis,
2038 3198 2156 3253 Non

553 3287 854 3358 perjurabis
887 3306 900 3342 :
932 3289 1125 3344 reddes
1149 3297 1326 3345 autem
1349 3290 1576 3346 Domino
1591 3291 1892 3362 iuramenta
1918 3301 2025 3346 tua.
2044 3293 2156 3363 Ego

555 3396 740 3439 autem
770 3383 894 3439 dico
913 3385 1088 3449 vobis,
1122 3401 1227 3440 non
1248 3385 1430 3456 jurare
1455 3387 1692 3452 munitio,
1722 3402 1895 3456 neque
1919 3401 2017 3458 per
2043 3402 2155 3444 cte-

547 3473 690 3543 ium,
737 3478 858 3549 quia
903 3478 1127 3536 thronus
1163 3478 1260 3533 Dei
1287 3487 1407 3545 est;
1436 3489 1609 3549 neque
1635 3495 1734 3551 per
1774 3489 1988 3547 terram,
2034 3477 2152 3550 quia

553 3569 848 3626 scabellum
879 3570 1072 3639 pedum
1122 3569 1373 3646 ejusest;
1419 3587 1594 3641 neque
1621 3583 1719 3641 per
1743 3572 2150 3643 Jerosolymam,

551 3661 676 3731 quia
691 3661 879 3718 civitas
899 3670 981 3716 est
1005 3660 1180 3732 magni
1201 3663 1342 3732 regis
1378 3678 1393 3728 ;
1426 3678 1597 3732 neque
1623 3678 1720 3732 per
1737 3673 1893 3734 caput
1909 3674 2054 3718 t—uum
2077 3664 2156 3733 ju-

544 3756 790 3822 nveris;
834 3755 954 3826 quia
987 3765 1097 3809 non
1119 3764 1271 3824 potes
1303 3759 1465 3810 unum
1493 3756 1743 3825 capillum
1771 3757 1948 3810 album
1978 3759 2154 3812 facere

545 3853 649 3898 aut
690 3846 917 3916 nigrum.
956 3844 1038 3900 Sit
1078 3856 1256 3901 autem
1294 3857 1474 3901 sermo
1498 3858 1692 3913 veSter,
1725 3849 1838 3910 Est,
1870 3855 1979 3912 est;
2014 3849 2149 3916 Non,

551 3953 665 3995 non
697 3956 712 3992 :
739 3937 878 4007 quod
901 3946 1077 3993 autem
1133 3938 1214 3993 his
1258 3939 1612 3994 abundantius
1667 3947 1768 4006 est,
1815 3951 1844 3993 a
1871 3940 2016 3995 "maio
2048 3948 2147 3994 est.

543 4030 794 4086 uAudistis
829 4030 950 4100 quia
980 4031 1178 4086 dictum
1223 4039 1328 4096 est,
1371 4030 1593 4086 Oculum
1617 4043 1716 4101 pro
1738 4033 1912 4099 oculo,
1943 4040 1995 4086 et
2022 4032 2154 4087 den-

548 4131 664 4177 tem
694 4137 788 4193 pro
811 4123 990 4178 deme.
1027 4123 1144 4194 Ego
1171 4131 1348 4178 autem
1388 4123 1506 4178 dico
1534 4125 1713 4192 vobis,
1750 4138 1854 4179 non
1899 4126 2151 4182 resistere

543 4216 731 4281 malo;
759 4215 853 4270 sed
897 4217 940 4270 si
975 4216 1096 4286 quis
1122 4223 1174 4270 te
1201 4217 1523 4286 percusserit
1564 4215 1616 4271 in
1644 4217 1914 4272 dexteram
1959 4219 2150 4274 maxil-

552 4310 661 4366 lam
703 4319 864 4378 tuam,
892 4311 1070 4380 praebe
1099 4310 1170 4364 illi
1202 4313 1496 4365 et'alteram
1525 4329 1536 4364 :
1570 4319 1623 4366 et
1647 4313 1693 4366 ci
1720 4313 1808 4381 qui
1839 4313 1949 4366 vult
1977 4320 2148 4368 tecum

544 4400 609 4457 in
631 4403 830 4471 judicio
851 4402 1192 4460 Contendere.
1211 4411 1262 4458 et
1283 4403 1511 4456 tunicam
1542 4410 1682 4456 tuam
1713 4404 1918 4471 tollere,
1941 4403 2149 4461 dimitte

545 4497 606 4550 ά
629 4507 682 4551 ei
709 4497 940 4565 pallium.
971 4496 1042 4550 Et
1069 4498 1387 4566 inici-Imque
1409 4506 1461 4552 te
1490 4497 1841 4567 angariavcrit
1877 4495 1956 4553 ire
2002 4499 2149 4554 mille

543 4597 764 4659 paeane,
797 4591 930 4645 vade
954 4603 1073 4644 cum
1107 4592 1196 4645 ill'o
1226 4593 1326 4644 alia
1355 4591 1477 4646 duo.
1501 4592 1599 4657 Qui
1628 4592 1756 4659 "petit
1785 4607 1816 4646 a
1844 4599 1914 4658 te,
1944 4593 2006 4645 da
2047 4599 2095 4648 ei
2127 4609 2143 4648 :

549 4687 610 4738 et
639 4683 902 4739 volentem
925 4684 946 4714 ³
973 4686 1199 4740 mutuari
1227 4699 1254 4738 a
1283 4695 1355 4748 Pe,
1379 4699 1444 4740 ne
1458 4687 1731 4741 aver‘taris.
1764 4687 1998 4741 Audistis
2026 4689 2146 4758 quia

543 4773 752 4830 dictum
783 4787 864 4829 est
889 4775 934 4842 -",
957 4775 1155 4846 Diliges
1174 4778 1469 4845 proiii‘mtnn
1513 4786 1677 4842 tuum,
1708 4781 1766 4833 b't
1793 4779 1941 4832 orlies
1968 4780 2145 4834 inimi-

545 4862 674 4921 Qum
713 4876 880 4921 tuum.
927 4868 1031 4938 iam)
1069 4878 1244 4924 autem
1289 4869 1410 4923 dico
1443 4867 1610 4932 'vobis,
1657 4869 1870 4940 Diligi’te
1904 4871 2146 4929 inimicos

547 4967 779 5024 “atrus,
811 4961 1104 5016 benei'a‘cite
1152 4963 1217 5016 iis
1256 4964 1342 5032 qui
1388 4977 1482 5017 vos
1503 4963 1748 5032 tulerunt,
1781 4970 2011 5021 “et'orate
2050 4971 2146 5036 pro

545 5055 1014 5122 persequentibus,
1064 5059 1121 5109 et
1149 5054 1592 5111 calumniantibus
1629 5063 1723 5110 vos
1757 5057 1856 5113 :ut
1895 5058 2009 5113 Sitis
2053 5055 2145 5116 filii

544 5143 726 5198 Patris
749 5145 906 5198 Vestri
925 5145 1012 5214 qui
1038 5145 1088 5200 in
1118 5147 1266 5202 cmlis
1283 5153 1382 5211 est,
1406 5148 1492 5216 qui
1523 5147 1692 5204 solem
1713 5155 1864 5204 suum
1878 5153 2004 5207 o'riri
2021 5147 2145 5209 facii

543 5245 713 5306 super
734 5231 902 5291 malos
929 5245 981 5291 et
1009 5233 1200 5305 bonos,
1222 5248 1276 5294 et
1292 5240 1422 5308 pluit
1438 5252 1600 5310 super
1619 5241 1792 5310 justus
1812 5255 1863 5300 et
1893 5244 2138 5316 injustos.

538 5327 608 5383 Si
635 5330 777 5384 enim
803 5330 1018 5401 diligitis
1039 5339 1131 5386 eos
1161 5333 1247 5402 qui
1271 5345 1363 5388 vos
1389 5333 1632 5405 diligunt,
1661 5351 1819 5407 quam
1843 5341 2140 5396 mercedem

538 5421 848 5478 habebitis?
877 5433 1054 5481 nonae
1073 5431 1128 5481 ει
1153 5426 1417 5496 publicani
1445 5429 1545 5485 huc
1571 5427 1804 5486 faciunt?
1847 5431 1910 5488 Et
1935 5434 1978 5489 si
2004 5433 2143 5490 Salu-

612 5579 1089 5696 ςὺξῑὸξςξιέῖτοούθι,
1129 5585 1286 5651 afer;
1301 5587 1443 5652 juxta
1483 5599 1734 5652 armum,
1768 5591 2046 5658 prosphere.

657 5678 1090 5782 §E3diiiéms
1124 5710 1316 5782 ᾲππφε
1334 5709 1479 5782 nam
1512 5711 1707 5782 operis;
1739 5717 1874 5777 iam
1897 5731 2138 5782 .mcum.

549 5763 630 5816 ton
653 5767 860 5830 thét’oma
882 5771 973 5835 apo
1007 5773 1091 5836 sed
1120 5763 1460 5827 danciwsthdi.
1487 5763 2008 5844 Ἀιίγιὶῐέαὶἱῖξὺὸιὲἷὲὶῖ
2019 5763 2142 5833 “iiii:

542 5819 678 5878 ῒηανί
700 5843 730 5878 α
753 5833 814 5878 te.
840 5837 1009 5878 PGsloa
1031 5841 1150 5878 rem
1173 5838 1347 5878 nimius
1370 5833 1521 5878 (γπῖιηὶ
1549 5852 1656 5878 nm-
1684 5853 1740 5878 np,
1766 5858 1778 5878 1
1796 5840 2024 5878 nortnn’c,
2056 5845 2141 5878 Im-

547 5833 678 5878 litari
700 5843 730 5878 α
753 5833 814 5880 te.
840 5833 1010 5884 Postea
1031 5833 1150 5884 vero
1173 5838 1347 5899 Regius
1370 5833 1523 5887 code'i
1549 5833 1740 5900 proﬂua
1765 5833 1999 5894 aperturis
2013 5877 2029 5905 ,
2053 5845 2141 5897 ba-

547 5888 737 5962 1389-771?
754 5901 947 5962 avertis
970 5909 987 5948 :
1007 5897 1059 5962 ia
1083 5910 1244 5962 graeco
1264 5908 1357 5962 est,
1375 5901 1451 5962 me
1468 5899 1794 5962 apostraphés.
2003 5902 2007 5906 ’

546 5914 656 5983 am},
681 5914 737 5950 νας
761 5914 947 6007 uva-131.153
970 5914 987 5948 :
1011 5914 1059 5970 tu
1083 5914 1244 5970 graec
1264 5914 1357 5970 est,
1374 5914 1451 5970 ine
1468 5914 1794 5973 apostigapues.
1878 5961 1884 5966 _

924 5965 975 6010 ut
1007 5955 1118 6022 hic,
1143 5959 1346 6027 (mttquis
1375 5975 1527 6028 :quze
1553 5976 1644 6015 vox
1665 5976 1695 6015 a
1728 5976 1829 6019 mss.
1866 5969 2010 6022 abest
2039 5978 2090 6024 et
2111 5984 2141 6028 ι

1743 500 1804 558 S.
1837 492 2209 558 amoena!
2233 493 2606 559 arma!

3757 498 3866 563 an

2281 614 2517 670 Meritis
2532 613 2744 679 intra
2760 617 2975 670 Vestras
2992 619 3227 682 tantum,
3247 610 3381 684 quid
3402 613 3633 686 amplius
3657 615 3867 679 facitis!

2280 720 2458 761 nonne
2482 713 2537 761 et
2556 705 2763 761 Ethnici
2777 705 2882 762 hoc
2893 705 3128 762 faciunt!
3151 705 3337 762 Estote
3351 723 3482 779 ergo
3502 725 3596 766 ros
3615 711 3860 784 perfecti,

2279 794 2418 850 sicut
2431 799 2490 850 et
2509 795 2667 851 Pater
2689 805 2868 852 vester
2879 797 3121 852 caelestis
3139 797 3418 867 perfectus
3443 808 3546 868 est.

2353 884 2473 960 [vn]
2504 886 2773 942 Attendite
2800 902 2869 943 ne
2895 886 3155 958 justitiam
3183 898 3414 945 vestram
3443 889 3648 947 faciatis
3685 906 3866 951 coram

2270 976 2613 1045 hominibus,
2642 986 2700 1032 ut
2722 978 3008 1033 videamini
3033 980 3101 1034 ab
3125 980 3204 1035 eis
3235 997 3249 1034 :
3287 981 3521 1052 alioquin
3559 985 3866 1041 mercedem

2278 1083 2388 1126 non
2417 1068 2678 1146 habebitis
2707 1069 2849 1140 apud
2875 1070 3089 1126 Patrem
3118 1081 3355 1127 vestrum
3380 1075 3469 1144 qui
3497 1075 3549 1128 in
3577 1075 3731 1131 ctelis
3759 1086 3860 1131 est.

2257 1162 2412 1218 Cum
2448 1178 2576 1234 ergo
2602 1162 2733 1220 facis
2759 1165 3155 1236 elemosynam
3173 1205 3190 1234 ,
3222 1166 3330 1221 noli
3359 1168 3483 1223 tuba
3521 1183 3715 1224 cauere
3743 1179 3866 1225 ante

2275 1260 2352 1322 te,
2377 1254 2516 1310 sicut
2542 1254 2833 1326 hypocrita
2857 1255 3059 1312 faciunt
3083 1257 3136 1311 in
3162 1259 3444 1329 synagogis
3465 1259 3600 1314 etin
3625 1261 3777 1324 vicis,
3810 1271 3866 1314 ut

2275 1343 2698 1402 bonoriiicentur
2722 1348 2788 1403 ab
2816 1346 3136 1404 hominibus.
3168 1349 3337 1404 Amen
3363 1349 3485 1404 dico
3513 1351 3684 1418 vobis,
3717 1356 3868 1407 rece-

2249 1491 2254 1496 .
2275 1446 2470 1506 perunt
2493 1438 2792 1494 mercedem
2813 1449 2984 1494 suam.
3011 1438 3090 1496 'l‘e
3113 1447 3292 1494 autem
3320 1431 3544 1497 faciente
3567 1442 3867 1515 eleemosy—

2273 1542 2429 1597 nam,
2461 1530 2664 1587 nesciat
2689 1529 2904 1586 sinistra
2937 1539 3024 1585 tua
3058 1530 3186 1601 quid
3221 1531 3379 1586 faciat
3407 1532 3625 1588 dextera
3653 1542 3779 1602 tua,
3809 1543 3867 1590 ut

2273 1621 2343 1676 sit
2380 1622 2721 1694 eleemosyna
2760 1629 2848 1678 tua
2887 1623 2942 1677 in
2987 1623 3251 1680 ahsconso
3279 1641 3295 1679 :
3324 1631 3379 1680 et
3416 1624 3575 1680 Pater
3615 1634 3737 1680 tuus
3774 1627 3867 1696 qui

2273 1712 2419 1768 videt
2446 1713 2500 1767 in
2528 1714 2824 1780 obscenae,
2859 1714 3045 1770 reddet
3091 1715 3207 1770 tibi.
3253 1715 3324 1771 Et
3362 1731 3484 1772 cum
3524 1718 3720 1784 oratis,
3753 1725 3864 1774 tam

2269 1805 2421 1862 eritis
2449 1806 2586 1861 sicut
2614 1806 2938 1878 hypocrita,
2967 1807 3060 1878 qui
3101 1816 3282 1862 amant
3319 1808 3372 1864 in
3411 1811 3695 1880 synagogis
3723 1819 3781 1866 et
3812 1810 3864 1866 in

2269 1897 2478 1968 angulis
2509 1898 2802 1968 platearum
2837 1907 3042 1954 stantes
3069 1915 3258 1965 ora-re;
3285 1909 3344 1956 ut
3367 1901 3648 1956 videantur
3673 1903 3743 1958 ab
3763 1901 3866 1958 iae-

2270 1988 2524 2043 minibus.
2573 1990 2744 2043 Amen
2789 1989 2911 2046 dico
2958 1990 3143 2059 vobis,
3197 2001 3510 2062 receperunt
3555 1993 3863 2050 mercedem

2270 2095 2445 2136 suam.
2485 2081 2567 2136 Tu
2593 2089 2773 2136 autem
2800 2095 2920 2137 cum
2947 2083 3183 2138 oraveris
3204 2084 3256 2150 ι,
3295 2085 3432 2139 intra
3469 2086 3522 2140 in
3555 2086 3862 2142 cubiculum

2267 2180 2447 2240 tuum,
2479 2180 2534 2228 et
2561 2174 2742 2228 clauso
2769 2175 2907 2232 ostio
2936 2184 3028 2229 Ora
3058 2175 3269 2232 Patrem
3299 2185 3447 2232 tuum
3478 2179 3529 2232 in
3559 2179 3859 2234 absconso:

2268 2276 2322 2321 et
2347 2266 2505 2322 Pater
2529 2274 2650 2322 tuus
2673 2267 2765 2336 qui
2787 2267 2934 2323 videt
2957 2269 3010 2323 in
3035 2270 3318 2338 absconso,
3343 2271 3532 2327 reddet
3552 2272 3665 2327 tibi.
3690 2271 3866 2328 Oran-

2267 2366 2350 2413 tes
2373 2366 2554 2413 autem
2582 2359 2749 2414 nolite
2778 2360 3002 2415 multum
3033 2361 3197 2432 loqui,
3227 2362 3364 2418 sicut
3387 2361 3601 2419 Ethnici
3630 2383 3643 2419 :
3675 2374 3867 2435 putant

2265 2453 2412 2509 enim
2439 2453 2563 2522 quia
2587 2452 2642 2508 in
2661 2452 2998 2524 multiloquio
3021 2469 3122 2509 suo
3144 2455 3514 2511 exaudiantur.
3536 2456 3712 2514 Nolite
3731 2474 3866 2529 ergo

2254 2542 2549 2598 .assimilari
2574 2543 2673 2610 eis,
2700 2543 2800 2598 scit
2823 2543 2963 2599 enim
2993 2545 3151 2602 Pater
3174 2555 3351 2601 vester
3373 2546 3498 2616 quid
3521 2562 3654 2617 opus
3674 2549 3744 2604 sit
3772 2564 3868 2604 vo-

2263 2631 2349 2688 bis
2369 2635 2411 2698 ³,
2441 2642 2726 2704 antequam
2755 2635 2948 2704 petatis
2971 2651 3114 2692 eum.
3145 2635 3234 2692 Sic
3259 2651 3388 2706 ergo
3415 2637 3634 2694 orabitis
3661 2657 3675 2692 :
3703 2639 3867 2695 Pater

2261 2731 2449 2780 noster
2473 2725 2564 2795 qui
2588 2740 2648 2780 es
2667 2726 2724 2780 in
2746 2726 2930 2792 caelis;
2957 2727 3318 2784 sanctiﬁeetnr
3344 2743 3538 2785 nomen
3561 2738 3731 2786 tuum.
3751 2731 3868 2786 Ad-

2265 2815 2443 2872 veniat
2479 2832 2702 2887 regnum
2729 2826 2896 2872 tuum.
2925 2817 3047 2873 Fiat
3073 2819 3317 2874 voluntas
3345 2827 3433 2875 tua
3465 2820 3605 2876 sicut
3637 2822 3694 2877 in
3719 2823 3868 2879 caelo

2263 2917 2320 2964 et
2349 2908 2403 2963 iu
2434 2917 2594 2964 terra.
2629 2910 2826 2965 Panem
2861 2920 3102 2966 nostrum
3144 2912 3712 2984 supersubstantialem
3734 2913 3758 2946 ³
3797 2915 3868 2970 da

2263 3003 2418 3058 nobis
2445 3003 2620 3059 hodie.
2654 3004 2723 3059 Et
2751 3003 2960 3060 dimitte
2987 3006 3140 3062 nobis
3179 3007 3355 3062 debita
3385 3016 3595 3076 nostra,
3637 3008 3784 3066 sicut
3811 3016 3871 3066 et

2263 3109 2362 3150 nos
2385 3095 2704 3152 dimittimus
2727 3097 3058 3153 debitoribus
3079 3100 3297 3156 nostris.
3327 3099 3395 3155 Et
3423 3111 3489 3156 ne
3513 3117 3613 3157 nos
3635 3102 3869 3160 inducas

2259 3187 2318 3243 iu
2345 3189 2692 3245 tentationem
2717 3208 2730 3244 :
2761 3189 2856 3244 sed
2883 3190 3050 3246 libera
3076 3206 3176 3248 nos
3195 3207 3229 3246 a
3255 3193 3415 3248 malo.
3444 3193 3502 3252 Si
3529 3195 3676 3251 enim
3701 3195 3873 3252 dimi-

2259 3283 2442 3338 seritis
2469 3283 2772 3340 hominibus
2800 3295 3017 3354 peccata
3042 3297 3248 3355 eurum,
3275 3286 3505 3344 dimittet
3526 3289 3678 3344 vobis
3701 3291 3870 3347 Pater

2261 3383 2442 3432 vester
2479 3377 2714 3433 cmlestis
2740 3377 2932 3433 delicta
2961 3389 3155 3435 vestra.
3187 3380 3244 3436 Si
3272 3390 3450 3437 autem
3483 3399 3589 3438 non
3624 3383 3866 3441 dimise-

2259 3467 2380 3522 ritis
2409 3468 2711 3524 hominibus
2730 3509 2744 3533 ,
2782 3482 2883 3526 nec
2907 3470 3063 3527 Pater
3084 3480 3262 3528 vester
3283 3474 3514 3530 dimittet
3539 3475 3692 3532 vobis
3731 3491 3868 3549 pee-

2259 3568 2375 3614 cata
2417 3570 2612 3616 vestra.
2657 3560 2790 3619 Cum
2818 3572 2996 3619 autem
3025 3563 3308 3636 ieiunatis,
3353 3569 3518 3624 nolite
3558 3569 3676 3625 ﬁeri
3720 3572 3869 3628 sicut

2257 3652 2552 3725 hypocrita:
2593 3655 2792 3710 tristes.
2840 3657 3210 3714 Exterminant
3246 3661 3387 3715 enim
3417 3663 3579 3717 facies
3607 3677 3769 3730 suae,
3806 3675 3869 3722 ut

2259 3756 2551 3814 appareant
2594 3746 2894 3802 hominibus
2931 3748 3254 3820 jejunantes.
3300 3753 3468 3808 Amen
3512 3753 3634 3809 dico
3679 3757 3864 3826 vobis,

2259 3846 2614 3910 perceperunt
2639 3841 2941 3896 mercedem
2972 3857 3144 3898 suam.
3177 3843 3256 3898 Tu
3276 3853 3454 3900 autem
3479 3861 3598 3901 cum
3616 3847 3864 3917 ieiunas,

2258 3947 2396 4002 nnge
2438 3941 2598 4001 caput
2644 3941 2820 4000 tuum,
2855 3943 2910 3988 et
2937 3934 3054 3990 lava
3084 3933 3273 3991 faciem
3317 3946 3492 4004 tuam;
3527 3953 3596 3993 ne
3621 3939 3866 3998 ridearis

2259 4021 2563 4077 hominibus
2579 4023 2848 4093 jejunans,
2879 4025 2972 4080 sed
2993 4027 3135 4081 Patri
3159 4035 3250 4082 tuo
3269 4030 3359 4098 qui
3381 4030 3535 4084 estin
3553 4030 3830 4089 absconso
3846 4051 3865 4090 :

2255 4122 2311 4170 et
2330 4114 2490 4170 Pater
2513 4123 2632 4170 tuus
2658 4117 2746 4186 qui
2769 4117 2985 4173 videtin
3011 4117 3272 4174 absconso
3288 4159 3303 4186 ,
3333 4120 3519 4175 reddet
3537 4122 3652 4177 tibi.
3675 4121 3868 4182 Nuiitc

2257 4203 2618 4262 tbesaurizarc
2644 4207 2796 4262 vobis
2827 4207 3104 4264 thesauros
3147 4211 3201 4265 in
3242 4221 3409 4279 terra,
3447 4212 3536 4266 ubi
3582 4217 3770 4285 aerugo
3805 4225 3865 4271 et

2257 4297 2397 4353 tinea
2427 4298 2745 4366 demolitur,
2781 4309 2836 4355 et
2878 4301 2966 4356 ubi
3008 4300 3154 4358 fures
3193 4302 3452 4358 eﬂodiunt
3489 4313 3544 4358 et
3583 4303 3862 4363 furantur.

2255 4389 2635 4447 Thesaurizate
2661 4400 2840 4448 autem
2870 4395 3020 4450 vobis
3051 4396 3326 4452 thesauros
3354 4399 3411 4452 in
3440 4400 3600 4466 calo,
3631 4400 3724 4455 ubi
3752 4417 3857 4457 ne-

2252 4497 2357 4554 que
2399 4499 2577 4554 aerugo
2617 4500 2787 4555 neque
2829 4487 2969 4542 tinea
3005 4487 3323 4558 demolitur,
3351 4499 3410 4545 et
3450 4490 3538 4545 ubi
3569 4491 3715 4547 fures
3741 4507 3858 4551 non

2251 4576 2512 4632 eﬂudiunt
2541 4593 2640 4633 nec
2665 4577 2929 4633 furantur.
2961 4581 3060 4636 Ubi
3091 4583 3233 4638 enim
3273 4591 3355 4638 est
3393 4584 3674 4640 thesaurus
3702 4595 3856 4654 tuus,

2251 4668 2324 4724 ibi
2355 4678 2436 4724 est
2461 4678 2514 4724 et
2534 4684 2625 4725 cor
2651 4679 2821 4725 tuum.
2854 4671 3091 4727 Lucerna
3117 4676 3359 4743 corporis
3385 4675 3458 4729 tui
3482 4686 3562 4730 “est
3591 4678 3786 4732 oculus
3806 4673 3853 4732 ⁸.

2250 4759 2305 4817 Si
2332 4763 2490 4817 fuerit
2515 4763 2698 4818 oculus
2729 4772 2848 4819 tuus
2875 4763 3130 4835 simplex,
3170 4774 3333 4820 totum
3363 4779 3559 4837 corpus
3586 4778 3730 4823 tuum
3764 4771 3855 4825 lu-

2250 4853 2426 4908 cidum
2449 4855 2550 4910 erit
2575 4873 2586 4908 :
2611 4856 2655 4910 si
2679 4866 2852 4912 autem
2876 4857 3063 4912 oculus
3084 4869 3203 4912 tuus
3227 4873 3452 4930 nequam
3478 4861 3652 4928 fuerit,
3677 4863 3857 4920 tam

2249 4959 2444 5014 corpus
2476 4956 2623 5001 tttum
2647 4945 2987 5003 tenebrosum
3016 4952 3136 5004 erit.
3170 4951 3226 5004 Si
3253 4963 3383 5021 ergo
3411 4951 3591 5007 lumen
3620 4954 3763 5024 quod
3792 4956 3858 5011 ia

2247 5044 2305 5092 te
2330 5038 2411 5094 est
2433 5041 2666 5096 tenebrae
2695 5050 2838 5107 sum,
2873 5041 3002 5112 ipsa:
3029 5041 3262 5099 tenebrae
3288 5049 3499 5114 q't‘rantze
3525 5047 3714 5101 erant?
3738 5046 3857 5104 Ne-

2249 5143 2339 5183 mo
2375 5139 2548 5199 potest
2585 5131 2794 5187 duobns
2826 5133 3056 5188 dominis
3089 5135 3288 5190 servire
3323 5151 3339 5190 :
3374 5146 3464 5192 aut
3496 5137 3638 5193 enim
3678 5153 3854 5195 unum

2249 5221 2373 5276 odio
2396 5221 2632 5289 habebit,
2659 5233 2714 5279 et
2737 5225 2963 5280 alterum
2991 5223 3206 5297 diliget;
3235 5237 3324 5282 aut
3346 5224 3506 5283 unum
3533 5229 3850 5300 sustinebit,

2247 5321 2301 5369 et
2339 5315 2565 5371 alterum
2607 5326 2930 5374 contemnet.
2979 5317 3097 5375 Non
3136 5320 3360 5390 poteritis
3401 5321 3510 5377 nec
3547 5323 3750 5379 servire
3789 5333 3853 5380 et

2253 5475 2408 5554 $.19
2553 5475 2842 5554 miseere
2861 5482 2924 5554 ea
2943 5477 3156 5554 etiam
3173 5477 3317 5554 £9319:
3349 5475 3850 5554 sibi-amaretur-

2245 5543 2344 5604 Hoc
2368 5538 2541 5588 eodem
2559 5534 2799 5588 versiculo
2820 5531 2946 5604 post,
2973 5531 3108 5601 ὃδιίὸ,
3127 5531 3332 5604 additur,
3358 5546 3457 5603 tuo,
3479 5531 3532 5592 id
3558 5539 3693 5592 ωσι-ι).
3720 5531 3847 5596 Bibi:

2245 5601 2550 5776 ἓξὲὶᾷφὲ
2546 5637 2723 5728 codex,
2747 5662 2919 5730 quibus
2939 5677 3060 5732 opus
3080 5663 3143 5717 sit
3171 5663 3318 5718 vobis.
3334 5672 3504 5732 mm,
3521 5665 3617 5718 non
3641 5665 3853 5721 chreian

2481 5867 2509 5899 (ι
2529 5864 2572 5900 εν
2590 5865 2624 5901 ι.

2309 5911 2332 5942 δ
2352 5914 2424 5942 Cha
2459 5925 2629 5942 nmium
2665 5915 2856 5942 Μλὲηω
2892 5915 3037 5942 ’.εδει-Π
3066 5915 3253 5942 mou
3301 5922 3349 5942 In.
3371 5917 3600 5942 ‘I-I-gh.
3630 5926 3819 5942 ’-ΑΛ-...Α

2309 5914 2334 5952 ἑ
2352 5914 2426 5962 sic
2459 5925 2632 5963 omnes
2665 5915 2857 5967 codices
2892 5915 3038 5980 huius
3066 5915 3272 5979 suetam.
3296 5922 3352 5966 At
3371 5917 3600 5981 Vulgata:
3625 5926 3849 5969 Lucerna

2245 5971 2555 6050 cogrpprit'stui
2577 5981 2644 6050 est
2667 5978 2831 6028 oculus
2853 5985 2978 6030 tuus.
3002 5986 3163 6050 git-acea
3191 5986 3357 6050 autem
3384 5976 3556 6032 littera
3571 5991 3671 6033 non
3695 5985 3844 6033 Iona!

2248 6031 2380 6088 aliud
2399 6048 2568 6101 quam:
2593 6046 2807 6092 Lucerna
2827 6038 3043 6106 corporis
3063 6046 3133 6096 est
3153 6040 3337 6095 oculus.
