4110 6512
499 408 609 463 975

497 519 654 589 ejus;
687 526 743 574 et
764 532 923 574 servo
941 558 957 585 ,
988 517 1125 574 sicut
1141 517 1389 574 dominus
1408 514 1542 587 ejus.
1563 516 1621 573 Si
1658 515 2089 587 patremfamilias

497 609 801 665 Beelzebub
821 618 1161 670 vocaverunt,
1185 617 1385 678 quanto
1404 607 1573 678 magis
1597 608 1917 664 domesticos
1936 606 2090 677 ejus?

496 700 577 757 Ne
619 715 749 772 ergo
786 699 1071 756 timueritis
1112 713 1224 755 eos.
1270 697 1355 755 Nil
1398 700 1541 754 enim
1570 708 1814 770 opertum
1840 707 1922 754 est
1946 698 2089 769 quod

489 808 605 850 non
632 793 956 850 revelabitur
974 834 990 860 ,
1016 799 1073 848 et
1099 792 1364 848 occultum
1390 792 1533 863 quod
1561 806 1668 847 non
1695 793 1912 848 scietur.
1934 790 2088 859 Quod

492 887 618 943 dico
653 886 807 943 vobis
845 886 898 941 in
940 884 1208 952 tenebris,
1249 884 1409 940 dicite
1436 884 1487 939 in
1514 884 1753 950 lumine;
1785 883 2006 955 etquod
2032 882 2085 937 in

488 993 624 1035 aure
665 978 892 1041 auditis,
932 976 1216 1047 praedicate
1240 991 1401 1046 super
1427 983 1583 1031 tecta.
1615 974 1871 1030 Et-nolite
1897 974 2086 1029 timere

488 1087 588 1130 eos
612 1074 702 1144 qui
732 1070 982 1127 occidunt
1008 1086 1203 1143 corpus
1220 1111 1235 1136 ,
1267 1070 1499 1125 animam
1525 1076 1701 1124 autem
1731 1083 1838 1123 non
1862 1072 2087 1140 possunt

483 1163 735 1219 occidere
779 1179 794 1217 :
840 1161 934 1217 sed
961 1162 1138 1231 potius
1162 1176 1285 1216 eum
1315 1160 1496 1216 timete
1514 1202 1528 1226 ,
1563 1159 1653 1229 qui
1683 1167 1859 1229 potest
1886 1167 1942 1214 et
1965 1157 2083 1213 ani-

486 1265 633 1314 mam
658 1261 713 1309 et
729 1266 925 1324 corpus
950 1252 1175 1323 perdere
1194 1252 1247 1307 in
1272 1252 1592 1322 gehennam.
1623 1248 1811 1305 Nonne
1832 1248 1937 1304 duo
1956 1263 2081 1319 pas—

485 1360 635 1403 seres
678 1360 797 1400 asse
834 1354 1100 1412 veneunt,
1143 1353 1202 1399 et
1229 1359 1367 1399 unus
1392 1359 1459 1400 ex
1484 1343 1588 1398 illis
1612 1357 1718 1398 non
1743 1342 1898 1397 cadet
1922 1356 2083 1413 super

488 1447 685 1494 terram
713 1439 829 1493 sine
858 1438 1016 1493 Patre
1041 1437 1270 1492 vestro?
1298 1435 1473 1491 Vestri
1500 1443 1677 1490 autem
1706 1443 1761 1490 et
1787 1432 1964 1504 capilli
1992 1446 2083 1488 ca-

488 1531 612 1603 pitis
637 1543 824 1585 omnes
853 1529 1115 1585 numerati
1144 1536 1285 1584 sunt.
1315 1528 1490 1583 Nolite
1512 1542 1640 1599 ergo
1660 1528 1880 1593 timere;
1901 1525 2082 1581 multis

483 1622 791 1693 passeribus
818 1621 1067 1676 meliores
1086 1622 1215 1677 estis
1242 1635 1355 1675 vos.
1382 1620 1568 1675 Omnis
1592 1635 1719 1692 ergo
1747 1619 1837 1691 qui
1856 1619 2081 1675 conﬁte-

484 1713 628 1767 bitur
653 1728 739 1768 me
761 1728 940 1768 coram
964 1712 1270 1767 hominibus
1287 1754 1303 1779 ,
1329 1712 1629 1769 conﬁtebor
1650 1720 1706 1766 et
1724 1726 1823 1782 ego
1846 1725 1969 1766 eum
1991 1725 2082 1766 co-

483 1819 599 1858 ram
629 1804 783 1859 Patre
814 1820 933 1859 meo
961 1806 1049 1875 qui
1082 1806 1134 1858 in
1162 1804 1313 1860 etelis
1341 1811 1444 1860 est.
1476 1803 1578 1870 Qui
1601 1812 1780 1858 autem
1806 1803 2081 1872 negaverit

483 1910 574 1949 me
597 1910 775 1951 coram
806 1895 1107 1950 hominibus
1124 1936 1141 1962 ,
1168 1894 1372 1965 negabo
1390 1904 1445 1949 et
1467 1909 1566 1965 ego
1586 1909 1707 1950 eum
1727 1908 1906 1948 coram
1924 1893 2081 1947 Patre

482 2003 607 2043 meo
650 1990 737 2059 qui
778 1989 834 2043 in
870 1989 1021 2044 etelis
1056 1997 1156 2044 est.
1198 1988 1373 2043 Nolite
1412 1988 1657 2043 arbitrari
1693 1987 1812 2057 quia
1841 1985 2080 2041 venerim

482 2096 671 2151 pacem
720 2082 929 2135 mittere
966 2081 1018 2135 in
1059 2089 1254 2135 terram
1287 2098 1301 2134 :
1334 2094 1440 2134 non
1469 2079 1588 2133 veni
1613 2092 1798 2147 pacem
1824 2077 2038 2133 mittere
2061 2117 2077 2141 ,

484 2173 581 2227 sed
625 2172 875 2242 gladium.
919 2171 1050 2227 Veni
1083 2172 1225 2227 enim
1248 2185 1497 2241 separare
1526 2169 1797 2225 hominem
1825 2168 2080 2224 adversus

485 2273 692 2332 patrem
734 2279 885 2319 suum
912 2305 927 2330 ,
973 2272 1029 2319 et
1072 2263 1233 2317 ﬁliam
1272 2262 1528 2318 adversus
1553 2271 1779 2318 matrem
1811 2274 1959 2316 suam
1980 2301 1997 2329 ,
2028 2266 2083 2315 ει

484 2370 680 2409 nurum
722 2355 976 2410 adversus
1018 2369 1232 2410 socrum
1272 2369 1463 2421 suam;
1499 2362 1555 2409 et
1580 2352 1782 2408 inimici
1805 2351 2038 2407 hominis
2061 2391 2078 2419 ,

482 2447 762 2504 domestici
800 2447 937 2518 ejus.
979 2446 1082 2515 Qui
1124 2454 1268 2501 amat
1305 2454 1511 2516 patrem
1555 2456 1647 2500 aut
1692 2452 1918 2500 matrem
1961 2443 2081 2514 plus

482 2554 642 2611 quam
663 2553 750 2595 me
769 2580 784 2604 ,
815 2544 1032 2594 non'eSt
1055 2552 1144 2593 me
1162 2537 1354 2608 dignus
1382 2554 1395 2591 :
1424 2544 1479 2593 et
1505 2537 1596 2608 qui
1623 2544 1766 2591 amat
1792 2535 1961 2591 ﬁlium
1989 2542 2082 2591 aut

481 2631 646 2687 ﬁliam
666 2645 828 2701 super
855 2646 941 2686 me
960 2671 975 2696 ,
1004 2644 1113 2685 non
1138 2639 1220 2685 est
1245 2644 1332 2685 me
1360 2628 1570 2700 dignus.
1600 2628 1669 2683 Et
1692 2628 1783 2699 qui
1810 2643 1918 2683 non
1935 2626 2079 2682 acci-

482 2725 562 2796 pit
592 2739 805 2780 crucem
833 2739 984 2779 suam
1014 2732 1069 2779 et
1096 2723 1337 2793 sequitur
1359 2737 1481 2789 me,
1511 2736 1620 2778 non
1646 2728 1730 2777 est
1754 2736 1843 2777 me
1864 2720 2074 2792 dignus.

481 2819 583 2887 Qui
613 2819 815 2874 invenit
832 2818 1062 2872 animam
1084 2832 1235 2872 suam
1256 2858 1271 2883 ,
1292 2816 1481 2886 perdet
1501 2815 1649 2869 illam
1673 2831 1688 2879 ;
1712 2822 1767 2869 et
1785 2813 1875 2884 qui
1898 2812 2077 2885 perdi-

481 2914 623 2968 derit
664 2912 896 2967 animam
938 2926 1088 2966 suam
1131 2917 1348 2981 propter
1391 2924 1511 2975 me,
1551 2907 1785 2963 inveniet
1808 2922 1946 2962 eam.
1975 2905 2077 2974 Qui

481 3006 673 3076 recipit
716 3021 846 3072 vos,
896 3020 982 3060 me
1026 3004 1252 3075 recipit;
1298 3011 1353 3059 et
1391 3003 1480 3073 qui
1521 3018 1606 3057 me
1639 3002 1860 3073 recipit,
1887 3000 2078 3071 recipit

482 3113 606 3153 eum
649 3098 737 3168 qui
779 3113 865 3153 me
902 3098 1067 3152 misit.
1103 3097 1202 3163 Qui
1230 3097 1419 3166 recipit
1445 3096 1757 3166 prephetam
1785 3096 1837 3150 in
1861 3095 2075 3152 nomine

482 3191 758 3262 prephetae
776 3232 793 3258 ,
834 3189 1135 3245 mercedem
1160 3189 1432 3260 prophetae
1457 3188 1716 3258 accipiet;
1749 3194 1803 3242 et
1823 3188 1911 3258 qui
1932 3188 2074 3243 reci-

482 3285 560 3354 pit
596 3283 797 3353 jnstum
837 3282 891 3337 in
926 3282 1140 3337 nomine
1168 3281 1327 3351 justi,
1354 3280 1654 3336 mercedem
1677 3278 1805 3349 justi
1829 3278 2071 3348 accipiet.

482 3375 555 3430 Et
575 3375 895 3445 quicumque
916 3382 1099 3444 potum
1126 3372 1335 3428 dederit
1356 3373 1447 3426 uni
1476 3386 1542 3427 ex
1568 3370 1802 3426 minimis
1822 3370 1959 3437 istis,
1985 3384 2077 3425 ca-

481 3466 639 3524 licem
669 3482 821 3539 aquae
851 3466 1054 3536 frigidae
1074 3474 1278 3520 tantum
1299 3466 1351 3519 in
1379 3464 1595 3519 nomine
1619 3462 1894 3534 discipuli,
1914 3477 2071 3520 amen

479 3558 603 3616 dico
626 3559 777 3614 vobis
796 3600 811 3626 ,
843 3573 950 3613 non
971 3557 1159 3629 perdet
1182 3557 1485 3614 mercedem
1505 3572 1677 3613 suam.

549 3650 618 3705 Et
655 3650 810 3722 paulo
851 3660 961 3721 post
1004 3648 1131 3723 [x1.]
1175 3668 1189 3705 :
1220 3649 1315 3705 Cui
1342 3656 1520 3705 autem
1546 3649 1773 3705 similem
1796 3647 2072 3704 aestimabo

477 3742 877 3813 generationem
917 3741 1117 3796 istam?
1141 3740 1343 3796 Similis
1367 3748 1452 3795 est
1477 3740 1656 3810 pueris
1685 3739 1992 3796 sedentibus
2017 3738 2070 3793 in

478 3832 625 3899 foro,
657 3832 749 3904 qui
774 3834 1066 3889 clamantes
1091 3831 1447 3903 coaequalihus
1468 3872 1483 3898 ,
1510 3831 1693 3887 dicunt
1724 3849 1737 3884 :
1764 3831 2072 3887 Cecinimus

484 3924 633 3997 vobis
649 3966 665 3991 ,
697 3932 749 3979 et
775 3939 880 3979 non
901 3924 1169 3989 saltastis;
1199 3922 1607 3977 lamentavimus
1627 3962 1642 3989 ,
1664 3930 1718 3977 et
1736 3936 1841 3977 non
1864 3920 2073 3992 planxi-

477 4016 597 4073 slis.
640 4014 802 4071 Venit
842 4015 985 4071 enim
1030 4015 1265 4070 Joannes
1308 4028 1482 4084 neque
1506 4012 1868 4079 manducans,
1898 4026 2071 4083 neque

477 4107 704 4175 bibens;
733 4114 787 4164 et
810 4106 994 4163 dicunt
1020 4125 1035 4161 :
1063 4107 1392 4163 Daemonium
1409 4104 1590 4160 habet.
1612 4103 1769 4160 Venit
1787 4104 1954 4160 Filius
1974 4104 2071 4159 ho-

478 4199 638 4255 minis
676 4198 1034 4263 manducans,
1071 4205 1124 4253 et
1149 4198 1374 4263 bibens;
1409 4203 1464 4252 et
1488 4195 1671 4251 dicunt
1698 4214 1712 4249 :
1743 4196 1879 4251 Ecce
1906 4195 2068 4251 homo

478 4306 643 4347 vorax
661 4333 677 4357 ,
724 4298 779 4347 et
815 4298 1024 4360 potator
1046 4288 1189 4354 vini,
1218 4287 1617 4359 publicanorum
1647 4294 1703 4341 et
1729 4294 2066 4357 peccatorum

476 4383 700 4438 amicus.
732 4382 800 4437 Et
821 4379 1110 4452 justiﬁcata
1136 4387 1218 4435 est
1238 4378 1497 4449 sapientia
1516 4392 1546 4432 a
1565 4376 1689 4432 ﬁliis
1712 4378 1843 4433 suis.
1866 4375 1935 4431 Et
1956 4384 2068 4447 post

474 4476 742 4548 paululum
764 4490 785 4531 :
804 4474 993 4531 Venite
1016 4472 1084 4529 ad
1106 4488 1212 4540 me,
1236 4486 1423 4527 omnes
1447 4471 1536 4541 qui
1565 4469 1837 4536 laboratis,
1859 4478 1913 4525 et
1935 4484 2066 4525 one-

474 4568 579 4621 rati
619 4567 784 4633 estis;
829 4573 885 4621 et
924 4578 1023 4635 ego
1049 4563 1287 4619 reﬁciam
1315 4576 1430 4617 vos.
1464 4561 1654 4616 Tollite
1672 4561 1856 4631 jugum
1886 4575 2065 4616 meum

476 4673 639 4728 super
673 4671 768 4713 vos
787 4697 801 4723 ,
839 4664 894 4712 et
919 4656 1109 4712 discite
1134 4668 1167 4709 a
1195 4669 1282 4710 me
1305 4653 1428 4725 quia
1455 4653 1599 4708 mitis
1624 4666 1741 4707 sum
1769 4660 1824 4708 et
1850 4652 2065 4708 humilis

474 4750 675 4818 corde;
705 4758 760 4806 et
781 4748 1061 4804 invenietis
1083 4747 1322 4818 requiem
1342 4745 1619 4801 animabus
1640 4746 1850 4801 vestris.
1870 4743 2062 4815 Jugum

475 4844 618 4901 enim
647 4857 825 4899 meum
851 4855 1012 4897 suave
1039 4849 1122 4897 εει
1138 4883 1153 4906 ,
1187 4848 1241 4897 et
1264 4854 1399 4895 OllllS
1422 4855 1599 4897 meum
1622 4840 1738 4895 leve
1758 4847 1859 4895 est.

542 4935 678 4991 Item
718 4942 832 5007 post
869 4930 1135 5005 paululum
1170 4928 1311 5005 [xm]
1354 4948 1368 4985 :
1406 4930 1462 4986 Si
1492 4939 1668 4987 autem
1698 4930 1907 4987 sciretis
1934 4930 2062 5003 quid

474 5035 577 5095 est,
604 5025 1019 5084 Misericordiam
1042 5024 1186 5093 volo,
1217 5031 1274 5081 et
1294 5037 1402 5079 non
1423 5023 1764 5090 sacriﬁcium,
1789 5040 2060 5095 nunquam

471 5117 930 5175 condemnassetis
973 5117 1306 5172 innocentes.
1354 5114 1423 5170 Et
1464 5124 1575 5187 post
1617 5114 1884 5186 paululum
1910 5133 1930 5172 :
1958 5116 2060 5185 Qui

469 5223 578 5266 non
607 5219 688 5267 est
715 5224 923 5266 mecum
940 5251 957 5277 ,
991 5215 1175 5266 contra
1200 5223 1288 5265 me
1307 5216 1421 5274 est;
1453 5216 1507 5264 et
1531 5208 1621 5278 qui
1646 5224 1751 5264 non
1777 5220 2062 5283 congregat

468 5318 681 5361 mecum
699 5345 713 5370 ,
760 5303 979 5375 spargit.
1016 5300 1140 5358 Ideo
1162 5300 1283 5357 dico
1310 5301 1491 5369 vobis,
1521 5316 1680 5356 omne
1704 5311 1978 5373 peccatum
2006 5313 2061 5361 et

465 5394 799 5466 blasphemia
844 5394 1145 5450 remittetur
1185 5392 1491 5448 hominibus
1540 5409 1555 5448 :
1606 5391 1835 5462 Spiritus
1880 5403 2058 5452 autem

466 5486 795 5557 blasphemia
816 5501 922 5541 non
945 5485 1267 5545 remittetur.
1298 5484 1366 5539 Et
1387 5483 1703 5555 quicumque
1723 5483 1917 5540 dixerit
1935 5500 2057 5541 ver-

464 5578 595 5636 bum
614 5588 799 5635 contra
839 5578 1029 5634 Filium
1074 5577 1338 5643 hominis,
1382 5575 1684 5631 remittetur
1718 5576 1767 5632 ei
1800 5594 1814 5631 :
1842 5578 1930 5647 qui
1959 5592 2058 5632 au-

468 5681 575 5728 tem
597 5671 793 5728 dixerit
815 5679 999 5728 contra
1022 5669 1277 5742 Spiritum
1307 5679 1551 5725 sanctum
1570 5709 1587 5737 ,
1618 5683 1727 5725 non
1756 5670 2057 5727 remittetur

464 5764 548 5833 ei,
577 5778 753 5835 neque
779 5765 833 5820 in
861 5764 966 5821 hoc
994 5765 1190 5821 saeculo
1209 5805 1225 5833 ,
1257 5777 1430 5835 neque
1456 5763 1511 5818 in
1535 5761 1733 5819 futuro.
1764 5764 1870 5821 Aut
1895 5763 2055 5823 facite

462 5855 713 5915 arborem
752 5857 944 5913 bonam
966 5899 981 5925 ,
1024 5865 1081 5914 et
1116 5857 1345 5914 fructum
1369 5856 1484 5929 ejus
1509 5855 1705 5919 bonum
1731 5874 1747 5925 ;
1779 5865 1871 5915 aut
1894 5858 2052 5919 facite

1734 401 1794 461 S.
1835 394 2200 461 AUGUSTINI
2235 398 2592 463 SPECULUM

2198 516 2446 574 arborem
2488 519 2682 576 malam
2700 560 2717 590 ,
2763 527 2822 577 et
2849 520 3081 579 fructum
3109 521 3229 596 ejus
3251 523 3453 583 malum
3482 540 3500 583 :
3525 524 3792 600 siquidem

2198 621 2263 660 ex
2308 607 2483 664 fructu
2518 610 2678 666 arbor
2713 613 3072 683 cognoscitur.
3109 614 3405 687 Progenies
3440 617 3747 690 viperarum
3765 660 3789 692 ,

2196 698 2464 767 quomodo
2501 702 2723 771 potestis
2770 702 2910 760 bona
2957 706 3137 777 loqui,
3183 722 3306 763 cum
3348 708 3466 766 sitis
3505 711 3671 768 mali?
3708 712 3793 771 Ex

2194 788 2512 847 abundantia
2537 794 2681 849 enim
2707 794 2886 851 cordis
2931 810 2994 852 os
3044 798 3296 870 loquitur.
3326 799 3505 857 Bonus
3528 801 3692 859 homo
3718 802 3791 861 de

2192 876 2335 935 bono
2375 881 2627 939 thesauro
2667 885 2846 941 cordis
2881 888 2961 942 sui
3004 888 3207 961 profert
3248 891 3389 947 bona
3418 892 3479 957 ‘;
3521 900 3580 949 et
3613 895 3789 951 malus

2192 968 2355 1027 homo
2382 973 2450 1030 de
2472 976 2616 1031 malo
2645 977 2897 1034 thesauro
2915 979 3123 1050 profert
3150 982 3313 1039 mala.
3340 985 3472 1042 Dico
3491 995 3667 1043 autem
3687 1001 3789 1042 vo-

2191 1061 2275 1119 bis
2295 1105 2311 1131 ,
2348 1066 2599 1147 quoniam
2622 1082 2782 1126 omne
2808 1070 3031 1127 verbum
3058 1073 3289 1131 otiosum
3313 1077 3455 1146 quod
3479 1078 3640 1134 locuti
3664 1077 3790 1135 fne-

2190 1154 2298 1210 rint
2335 1155 2609 1224 homines,
2653 1160 2880 1218 reddent
2912 1164 3176 1222 rationem
3199 1165 3268 1223 de
3288 1182 3358 1224 eo
3382 1168 3437 1224 in
3462 1169 3551 1226 die
3574 1169 3786 1240 judicii.

2190 1244 2273 1300 Ex
2314 1246 2491 1302 verbis
2534 1248 2679 1304 enim
2727 1251 2829 1307 tuis
2864 1250 3273 1325 iustiﬁcaberis,
3298 1265 3355 1314 et
3381 1272 3449 1315 ex
3470 1259 3651 1322 verbis
3680 1259 3787 1317 tuis

2188 1337 2652 1398 condemnaberis.

2257 1425 2334 1482 Et.
2350 1439 2462 1500 post
2487 1432 2803 1503 aliquantum
2827 1433 2963 1512 [xv.]
2993 1454 3007 1491 :
3034 1438 3249 1509 Audite,
3268 1448 3325 1497 et
3343 1442 3643 1515 intelligite.
3659 1444 3782 1502 Non

2185 1519 2328 1587 quod
2368 1520 2531 1577 intrat
2569 1524 2624 1578 in
2659 1538 2755 1591 os,
2794 1527 3102 1599 coinquinat
3134 1530 3406 1589 hominem
3445 1552 3461 1590 :
3506 1534 3604 1591 sed
3632 1536 3779 1607 quod

2188 1611 2426 1680 procedit
2461 1627 2529 1668 ex
2567 1629 2694 1683 ore,
2741 1616 2845 1673 hoc
2874 1619 3186 1690 coinquinat
3209 1623 3502 1680 hominem.
3530 1624 3599 1679 Et
3624 1626 3785 1698 paulo

2186 1711 2299 1770 post
2340 1718 2361 1756 :
2406 1703 2757 1775 Respondens
2795 1718 2973 1765 autem
3002 1711 3229 1781 Petrus,
3260 1713 3396 1770 dixit
3416 1714 3498 1782 ei,
3528 1715 3785 1773 Edissere

2184 1793 2337 1848 nobis
2382 1797 2687 1865 parabolam
2735 1800 2910 1856 istam.
2953 1802 3024 1858 At
3066 1804 3157 1861 ille
3189 1805 3352 1875 dixit,
3378 1794 3574 1864 'Adhuc
3598 1816 3653 1865 et
3679 1823 3781 1865 vos

2185 1882 2303 1939 sine
2343 1884 2616 1943 intellectu
2639 1890 2807 1946 estis?
2829 1891 2945 1948 Non
2974 1894 3269 1966 intelligitis
3295 1898 3421 1968 quia
3444 1914 3607 1956 omne
3631 1898 3782 1969 quod

2185 1976 2239 2031 in
2265 1992 2326 2033 os
2354 1979 2537 2046 intrat,
2564 1982 2616 2037 in
2645 1992 2885 2041 ventrem
2907 1986 3084 2055 vadit,
3106 1989 3233 2044 etin
3268 2004 3541 2047 secessum
3574 1991 3782 2048 emitti-

2184 2075 2271 2124 tur
2299 2087 2312 2123 :
2340 2086 2460 2141 quae
2496 2080 2672 2128 autem
2714 2075 3007 2144 procedunt
3038 2078 3107 2134 de
3128 2093 3253 2147 ore,
3276 2079 3344 2136 de
3367 2082 3529 2139 corde
3548 2090 3781 2150 exeunt,

2184 2171 2240 2219 et
2277 2179 2341 2220 ea
2378 2166 2722 2239 coinquinant
2758 2169 3076 2227 hominem?
3114 2173 3194 2230 De
3216 2175 3379 2231 corde
3406 2176 3551 2232 enim
3575 2186 3785 2233 exeunt

2184 2255 2534 2327 cogitationes
2579 2261 2734 2317 malae
2762 2304 2779 2331 ,
2823 2263 3108 2320 homicidia
3132 2307 3150 2331 ,
3197 2265 3496 2337 adulteria,
3544 2268 3785 2325 fornica-

2185 2349 2358 2405 tiones
2376 2392 2391 2416 ,
2415 2351 2554 2407 furta
2572 2393 2590 2420 ,
2615 2352 2748 2410 falsa
2772 2357 3095 2425 testimonia,
3118 2358 3484 2432 blasphemiae.
3506 2361 3633 2419 Hzec
3647 2371 3781 2420 sunt

2184 2455 2305 2511 quae
2332 2442 2681 2513 coinquinant
2706 2445 2980 2505 hominem
3009 2468 3023 2504 :
3052 2464 3158 2505 non
3183 2449 3305 2506 lotis
3330 2459 3507 2508 autem
3532 2454 3785 2511 manibus

2183 2532 2535 2602 manducare,
2566 2550 2672 2591 non
2693 2537 3001 2608 coinquinat
3026 2538 3319 2597 hominem.

2255 2623 2388 2679 Item
2412 2634 2523 2697 post
2546 2626 2864 2697 aliquantum
2892 2627 3049 2704 [χιιι]
3076 2648 3089 2687 :
3118 2631 3270 2687 Tunc
3288 2632 3421 2688 dixit
3437 2631 3593 2690 Iesus
3610 2634 3783 2691 disci-

2182 2716 2320 2787 pulis
2349 2719 2490 2786 suis,
2521 2718 2574 2775 Si
2602 2721 2723 2791 quis
2747 2722 2856 2777 vult
2881 2730 3002 2792 post
3021 2738 3108 2779 me
3123 2725 3340 2794 venire,
3357 2726 3583 2798 abneget
3602 2742 3787 2785 seme—

2183 2810 2376 2880 tipsum
2398 2852 2413 2879 ,
2446 2820 2500 2868 et
2524 2812 2674 2868 tollat
2709 2829 2923 2871 crucem
2948 2831 3097 2871 suam
3117 2858 3132 2884 ,
3178 2826 3233 2871 et
3260 2826 3511 2889 sequatur
3537 2834 3644 2875 me.
3674 2818 3789 2889 Qui

2180 2901 2324 2957 enim
2372 2904 2601 2960 voluerit
2645 2907 2875 2962 animam
2916 2922 3068 2963 suam
3112 2908 3315 2965 salvam
3345 2910 3555 2978 facere,
3589 2911 3788 2982 perdet

2179 3006 2296 3047 eam
2326 3010 2340 3047 :
2368 2995 2458 3063 qui
2481 3003 2659 3051 autem
2690 2996 2980 3065 perdiderit
3000 2999 3229 3054 animam
3255 3014 3405 3055 suam
3430 3008 3648 3072 propter
3667 3016 3786 3070 me,

2179 3084 2413 3141 inveniet
2452 3101 2591 3142 eam.
2622 3086 2757 3155 Quid
2781 3088 2924 3144 enim
2953 3089 3173 3161 prodest
3202 3091 3424 3158 homini,
3450 3094 3496 3149 si
3521 3092 3811 3165 mundqu

2177 3178 2489 3234 universum
2538 3180 2804 3248 lucretur,
2855 3181 3048 3238 animae
3084 3197 3213 3239 vero
3253 3198 3364 3240 suae
3398 3185 3786 3243 detrimentum

2177 3272 2449 3342 patiatur?
2488 3282 2578 3328 aut
2615 3289 2775 3344 quam
2814 3274 2961 3330 dabit
2990 3275 3154 3333 homo
3182 3280 3651 3336 commutationem
3678 3294 3785 3351 pro

2177 3363 2353 3417 anima
2375 3378 2471 3419 sua
2490 3364 2514 3418 ?
2533 3364 2699 3419 Filius
2719 3366 2860 3421 enim
2888 3366 3120 3423 hominis
3144 3378 3400 3426 venturus
3424 3380 3506 3427 est
3524 3371 3580 3427 in
3604 3371 3786 3442 gloria

2176 3454 2348 3511 Patris
2373 3457 2455 3511 sui
2483 3470 2604 3512 cum
2631 3458 2849 3529 Angelis
2877 3459 3009 3528 suis,
3035 3470 3090 3516 et
3117 3468 3248 3518 tunc
3270 3462 3456 3519 reddet
3483 3464 3783 3535 unicuique

2176 3548 2470 3604 secundum
2500 3564 2662 3620 opera
2691 3551 2828 3620 ejus.

2178 3718 2181 3719 ν
2248 3638 2382 3694 Item
2407 3640 2667 3710 aliquanto
2697 3651 2807 3713 post
2834 3640 3033 3716 [xvm.]
3061 3662 3075 3700 :
3102 3645 3273 3702 Amen
3300 3646 3421 3703 dico
3449 3648 3599 3705 vobis
3620 3689 3637 3717 ,
3668 3649 3785 3707 nisi

2176 3732 2420 3787 conversi
2447 3731 2652 3789 fueritis
2669 3775 2684 3799 ,
2714 3742 2771 3789 et
2790 3734 3098 3791 efﬁciaminl
3125 3737 3265 3793 sicut
3290 3739 3530 3808 parvuli,
3557 3754 3664 3795 non
3686 3740 3784 3797 in-

2176 3824 2383 3879 trabitis
2425 3823 2479 3879 in
2522 3840 2741 3895 regnum
2769 3827 3047 3883 caelorum.
3078 3829 3409 3901 Quicumque
3435 3846 3563 3903 ergo
3592 3831 3780 3887 humi-

2176 3913 2388 3969 liaverit
2415 3930 2475 3970 se
2503 3916 2643 3971 sicut
2667 3918 2917 3987 parvulus
2944 3919 3075 3985 iste,
3106 3919 3193 3976 hic
3219 3929 3303 3977 est
3328 3921 3501 3993 major
3524 3923 3579 3979 in
3602 3938 3779 3994 regno

2174 4005 2454 4061 ctelorum.
2489 4006 2559 4062 Et
2584 4008 2677 4078 qui
2704 4010 2999 4080 susceperit
3024 4027 3188 4067 unum
3219 4014 3494 4083 parvulum
3523 4015 3687 4070 talem
3713 4016 3780 4073 in

2173 4098 2389 4154 nomine
2424 4113 2546 4154 meo
2566 4140 2582 4167 ,
2610 4114 2697 4155 me
2726 4101 2969 4172 suscipit.
2998 4100 3099 4170 Qui
3128 4111 3307 4159 autem
3332 4104 3778 4163 scandalizaverit

2173 4206 2337 4246 unum
2366 4190 2434 4247 de
2464 4192 2673 4262 pusillis
2703 4193 2817 4249 istis
2837 4236 2852 4260 ,
2885 4194 2975 4265 qui
3002 4195 3054 4249 in
3084 4211 3173 4252 me
3196 4197 3451 4266 credunt,
3476 4198 3694 4268 expedit
3716 4199 3777 4255 ei

2172 4292 2232 4337 ut
2256 4282 2612 4347 suspendatur
2637 4284 2777 4340 mola
2802 4285 3034 4341 asinaria
3058 4286 3111 4341 in
3132 4288 3272 4343 collo
3291 4288 3409 4358 ejus
3426 4331 3439 4355 ,
3473 4296 3528 4344 et
3546 4289 3774 4346 demer-

2170 4382 2325 4445 gatur
2366 4375 2418 4430 in
2462 4376 2781 4445 profundum
2824 4379 3007 4434 maris.
3049 4378 3143 4435 Vae
3174 4380 3427 4436 mundoa
3452 4380 3765 4437 scandalis!

2170 4466 2400 4524 Necesse
2436 4477 2518 4524 est
2558 4469 2699 4525 enim
2740 4478 2799 4525 ut
2822 4471 3315 4529 veniaancandala
3346 4492 3358 4528 :
3390 4483 3773 4536 verumtamen

2170 4574 2250 4615 va:
2274 4559 2475 4615 homini
2500 4577 2597 4633 per
2622 4578 2783 4632 quem
2811 4564 3121 4621 scandalum
3148 4567 3293 4622 venit
3317 4568 3329 4621 !
3360 4566 3416 4623 Si
3444 4578 3623 4625 autem
3649 4584 3741 4625 ma

2169 4667 2271 4709 nus
2310 4662 2396 4708 tua
2432 4655 2515 4710 vel
2555 4670 2650 4726 pes
2675 4664 2797 4712 tuus
2820 4657 3143 4715 scandalizat
3172 4668 3223 4716 te
3240 4702 3255 4727 ,
3283 4660 3500 4718 abscide
3524 4677 3647 4719 eum
3668 4705 3683 4730 ,
3708 4672 3771 4721 et

2168 4745 2370 4816 projice
2400 4746 2496 4801 abs
2521 4754 2593 4802 te.
2627 4748 2831 4804 Bonum
2857 4759 2939 4805 est
2965 4750 3056 4806 tibi
3087 4751 3153 4807 ad
3181 4752 3344 4808 vitam
3372 4754 3579 4825 ingredi
3606 4755 3768 4812 debi-

2166 4837 2273 4894 lem
2298 4838 2383 4895 vel
2411 4839 2655 4895 claudum
2679 4841 2731 4909 ’,
2762 4856 2922 4913 quam
2946 4842 3079 4898 duas
3106 4858 3295 4900 manus
3322 4846 3407 4902 vel
3436 4846 3571 4902 duos
3598 4847 3771 4918 pedes

2167 4930 2453 4988 habentem
2494 4932 2632 4988 mitti
2669 4932 2723 4988 in
2750 4933 2925 5005 ignem
2953 4946 3233 4991 aeternum.
3260 4937 3330 4992 Et
3350 4937 3395 4994 si
3425 4938 3611 4994 oculus
3638 4930 3769 4998 tuus

2166 5024 2489 5081 scandalizat
2514 5034 2583 5091 te,
2613 5040 2741 5082 erue
2769 5043 2913 5096 eum,
2937 5037 2990 5083 et
3012 5029 3215 5100 projice
3237 5029 3332 5086 abs
3352 5036 3425 5086 te.
3449 5030 3655 5087 Bonum
3676 5042 3769 5090 est

2167 5117 2261 5173 tibi
2280 5132 2401 5173 cum
2431 5132 2536 5173 uno
2559 5119 2715 5174 oculo
2744 5119 2799 5174 in
2826 5119 2990 5175 vitam
3016 5121 3217 5178 intrare
3234 5164 3251 5191 ,
3280 5139 3441 5195 quam
3466 5124 3603 5182 duos
3624 5140 3765 5181 oeu-

2165 5207 2248 5263 los
2270 5207 2556 5264 habentem
2584 5209 2723 5264 mitti
2748 5210 2803 5265 in
2822 5210 3118 5283 gehennam
3140 5214 3294 5285 ignis.
3320 5214 3509 5272 Videte
3529 5232 3599 5273 ne
3628 5232 3764 5274 con-

2166 5300 2416 5357 temnatis
2459 5317 2623 5357 unum
2665 5317 2733 5357 ex
2768 5303 2851 5358 his
2887 5305 3093 5373 pusillis
3133 5324 3145 5360 :
3178 5306 3298 5363 dico
3340 5317 3520 5364 autem
3563 5309 3760 5379 vobis,

2165 5394 2289 5465 quia
2312 5394 2500 5465 Angeli
2526 5408 2710 5451 eorum
2739 5395 2792 5449 in
2816 5397 2965 5452 caelis
2992 5411 3207 5469 semper
3228 5398 3410 5455 vident
3435 5399 3623 5457 faciem
3650 5400 3752 5456 Pa-

2164 5484 2263 5541 tris
2275 5486 2401 5554 mei,
2416 5486 2505 5558 qui
2517 5487 2572 5542 in
2587 5487 2740 5544 caelis
2754 5497 2855 5543 est.
2871 5487 3030 5545 Venit
3047 5489 3189 5546 enim
3213 5491 3379 5547 Filius
3401 5492 3633 5549 hominis
3648 5493 3747 5550 sal-

2228 5620 2247 5695 ἕ
2271 5620 2471 5695 Villam
2484 5635 2589 5695 son
2608 5620 2779 5695 habet.
2801 5622 3072 5695 sordeam
3084 5637 3111 5695 ,ε
3131 5627 3248 5678 licet
3478 5635 3650 5695 ωιιιιε
3677 5627 3759 5695 ιοέ

2433 5685 2600 5746 rdias,
2634 5685 3177 5751 additoinquibusdam
3199 5685 3444 5741 codicibus
3468 5690 3649 5753 autad,
3681 5694 3759 5745 Ili

2162 5745 2289 5819 εριιει
2309 5745 2713 5819 cunmm.

2223 5810 2316 5880 fln
2340 5808 2484 5859 editis
2503 5811 2734 5880 omisstun
2752 5808 2930 5880 fuerat,
2950 5810 3025 5864 vel
3050 5811 3311 5878 claudiam;
3326 5813 3457 5880 quod
3478 5813 3559 5867 hic
3576 5815 3749 5870 ιη-.

2163 5871 2237 5921 uti
2259 5876 2312 5921 et
2327 5883 2379 5920 ιιι
2400 5872 2550 5923 sacris
2570 5871 2686 5922 Bibl.
2707 5871 2971 5938 repet-intr.
