4110 6490
353 484 460 546 977

353 610 481 654 vare
500 593 641 667 quod
668 594 914 666 perierat.
942 592 1010 649 Et
1026 592 1178 664 paulo
1196 602 1306 667 post
1331 610 1347 652 :
1370 593 1426 650 Si
1448 601 1624 648 autem
1648 590 1948 662 peccaverit

353 689 408 745 in
434 697 487 744 te
508 687 671 744 frater
696 697 839 755 tuus,
874 687 1011 745 vade
1033 697 1086 744 et
1110 690 1320 761 corripe
1348 703 1469 744 eum
1488 687 1626 743 inter
1642 695 1692 742 te
1708 695 1760 741 et
1776 686 1950 756 ipsum

351 782 544 839 solum.
568 781 625 838 Si
648 781 959 851 teaudierit,
977 783 1212 838 lucratus
1240 798 1299 838 cs
1324 782 1539 837 fratrem
1557 789 1703 836 tuum
1743 798 1757 832 :
1789 778 1834 833 si
1856 793 1949 831 au-

353 882 465 930 tem
484 881 536 929 te
551 889 657 930 non
677 873 919 940 audierit,
936 874 1130 930 adhibe
1143 882 1316 931 tecum
1329 874 1505 929 adhuc
1515 888 1677 927 unum
1690 872 1772 927 vel
1792 870 1947 939 duos;

351 974 411 1019 ut
431 966 484 1020 in
504 980 597 1021 ore
611 965 835 1021 duorum
854 966 1087 1033 testium,
1106 967 1188 1022 vel
1210 966 1392 1032 trium,
1412 973 1518 1020 stet
1532 978 1690 1019 omne
1704 965 1947 1018 verbum.

352 1055 506 1123 Quod
542 1058 588 1112 si
631 1072 736 1113 non
772 1058 997 1113 audierit
1019 1073 1112 1114 eos
1135 1099 1150 1125 ,
1183 1058 1269 1113 dic
1298 1056 1549 1113 Ecclesiae
1576 1075 1587 1113 :
1615 1057 1659 1111 si
1687 1065 1864 1112 autem
1889 1064 1945 1111 et

353 1150 648 1208 Ecclesiam
674 1166 779 1206 non
801 1150 1062 1219 audierit,
1092 1152 1160 1207 sit
1180 1151 1272 1206 tibi
1288 1152 1425 1206 sicut
1443 1150 1686 1206 ethnicus
1705 1159 1759 1204 et
1773 1149 1949 1219 publi-

349 1256 537 1299 canus.
564 1244 736 1299 Amen
761 1244 881 1299 dico
909 1244 1061 1299 vobis
1083 1286 1098 1311 ,
1130 1258 1479 1314 quaecumque
1498 1243 1839 1314 alligaveritis
1855 1258 1945 1297 su-

348 1347 449 1407 per
489 1342 716 1411 terram,
758 1344 914 1391 erunt
955 1335 1113 1406 ligata
1156 1344 1210 1390 et
1238 1335 1291 1390 in
1318 1335 1494 1401 coelo;
1522 1342 1576 1390 et
1603 1350 1948 1405 quaecumque

350 1426 617 1483 solveritis
657 1442 815 1497 super
853 1438 1073 1493 terram,
1103 1435 1259 1483 erunt
1286 1427 1456 1483 soluta
1484 1434 1540 1483 et
1568 1426 1623 1481 in
1648 1426 1809 1481 caelo.
1841 1426 1946 1481 lte-

350 1532 471 1573 rum
498 1516 618 1574 dico
645 1517 797 1575 vobis
817 1560 832 1585 ,
861 1519 983 1589 quia
1011 1519 1057 1575 si
1083 1518 1190 1574 duo
1212 1533 1277 1573 ex
1297 1518 1449 1574 vobis
1467 1518 1836 1574 consenserint
1859 1533 1949 1572 su-

350 1622 447 1679 per
493 1617 717 1678 terram,
766 1610 835 1666 de
860 1611 1006 1667 omni
1037 1626 1098 1666 re
1123 1625 1514 1682 quamcumque
1544 1609 1824 1680 petierint,
1857 1608 1949 1664 fiet

346 1699 456 1756 illis
483 1717 515 1757 a
542 1701 699 1757 Patre
728 1716 851 1757 meo
876 1702 969 1772 qui
997 1702 1053 1757 in
1080 1702 1232 1758 caelis
1257 1710 1358 1758 est.
1387 1700 1490 1758 Ubi
1526 1700 1667 1756 enim
1694 1708 1819 1755 sunt
1841 1698 1947 1754 duo

349 1792 435 1847 vel
462 1798 573 1847 tres
596 1792 903 1863 congregati
931 1793 983 1847 in
1011 1794 1229 1849 nomine
1253 1808 1374 1848 meo
1397 1835 1412 1859 ,
1446 1792 1516 1846 ibi
1537 1806 1653 1846 sum
1686 1790 1737 1845 in
1769 1789 1946 1845 medio

349 1898 557 1939 eorum.
603 1884 754 1939 Tunc
792 1885 1054 1940 accedens
1096 1885 1283 1941 Petrus
1326 1885 1395 1940 ad
1437 1899 1588 1951 eum,
1633 1883 1807 1937 dixit:
1841 1882 1946 1935 Do-

349 1976 494 2030 mine
513 2014 531 2043 ,
572 1976 779 2043 quoties
818 1976 1058 2046 peccabit
1091 1977 1143 2031 in
1169 1991 1256 2032 me
1284 1975 1449 2030 frater
1471 1990 1624 2030 meus
1647 2015 1661 2038 ,
1691 1982 1743 2029 et
1770 1973 1949 2028 dimit-

350 2075 463 2122 tam
486 2067 580 2123 ei?
606 2082 773 2138 usque
802 2069 1042 2138 septies?
1064 2067 1199 2123 Dicit
1230 2067 1307 2122 illi
1329 2066 1483 2123 Jesus
1516 2084 1528 2119 :
1562 2066 1677 2120 Non
1703 2066 1823 2120 dico
1855 2064 1945 2119 tibi

350 2170 519 2228 usque
541 2159 760 2229 septies,
792 2159 887 2215 sed
913 2175 1080 2229 usque
1108 2159 1408 2230 septuagies
1429 2159 1646 2229 septies.
1669 2157 1796 2212 ldeo
1816 2157 1949 2211 assi-

352 2250 595 2309 milatum
621 2262 704 2309 est
724 2268 946 2324 regnum
966 2253 1226 2311 caelorum
1256 2251 1457 2307 homini
1486 2251 1599 2322 regi
1617 2292 1630 2317 ,
1663 2253 1751 2320 qui
1780 2249 1947 2304 voluit

358 2343 620 2400 rationem
668 2360 868 2415 ponere
912 2359 1037 2401 cum
1080 2346 1247 2401 servis
1287 2345 1440 2400 suis:
1471 2353 1674 2399 etcum
1699 2343 1950 2413 coepisset

353 2436 623 2493 rationem
651 2451 851 2507 ponere
870 2476 885 2503 ,
914 2436 1120 2493 oblatus
1143 2446 1226 2492 est
1246 2436 1298 2492 ei
1318 2450 1455 2491 unus
1479 2436 1566 2505 qui
1596 2435 1823 2490 debebat
1850 2434 1945 2489 de-

352 2541 475 2588 cem
499 2528 664 2585 millia
691 2527 910 2594 talenta;
939 2542 1061 2583 cum
1087 2538 1264 2585 autem
1294 2543 1400 2583 non
1426 2527 1648 2582 haberet
1668 2525 1808 2581 unde
1828 2525 1949 2580 red-

361 2620 533 2689 deret,
560 2620 721 2690 jussit
742 2635 863 2675 eum
887 2619 1133 2677 dominus
1157 2621 1274 2691 ejus
1296 2619 1627 2685 venumdari,
1651 2627 1705 2674 et
1727 2632 1949 2673 uxorem

352 2712 474 2785 ejus
491 2753 507 2780 ,
536 2720 591 2768 et
616 2711 759 2768 ﬁlios
777 2754 794 2779 ,
823 2720 877 2767 et
902 2712 1080 2767 omnia
1103 2726 1222 2781 quae
1248 2711 1513 2778 habebat,
1541 2718 1595 2765 et
1618 2708 1787 2765 reddi.
1820 2709 1949 2763 Pro-

352 2805 534 2861 cidens
556 2814 733 2860 autem
763 2819 953 2860 servus
974 2804 1066 2860 ille
1090 2803 1277 2860 orabat
1300 2819 1424 2859 eum
1440 2844 1455 2869 ,
1481 2802 1667 2857 dicens
1696 2820 1708 2855 :
1732 2801 1946 2855 Patien-

352 2894 483 2951 tiam
524 2894 660 2951 habe
689 2895 744 2949 in
770 2909 880 2960 me,
909 2903 965 2950 et
988 2894 1165 2949 omnia
1193 2892 1413 2950 reddam
1442 2893 1553 2949 tibi.
1584 2892 1829 2947 Misertus
1858 2906 1952 2946 an-

353 2992 465 3040 tem
492 2984 743 3041 dominus
763 2985 903 3041 servi
928 2985 1071 3041 illius
1090 3026 1107 3053 ,
1128 2984 1332 3042 dimisit
1349 3000 1471 3041 eum
1486 3026 1501 3051 ,
1531 2993 1585 3039 et
1610 2983 1848 3039 debitum
1869 2981 1951 3036 di-

354 3076 500 3133 misit
540 3076 611 3131 ei.
642 3077 903 3147 Egressus
930 3086 1108 3134 autem
1138 3091 1323 3133 servus
1350 3078 1437 3133 ille
1466 3076 1668 3133 invenit
1695 3091 1856 3131 unum
1884 3074 1951 3130 de

357 3167 635 3223 conservis
680 3168 792 3223 suis
818 3210 833 3234 ,
878 3168 970 3238 qui
1007 3168 1235 3224 debebat
1270 3169 1319 3223 ei
1345 3177 1558 3223 centum
1587 3166 1835 3222 denarios
1856 3207 1872 3227 ,
1898 3173 1952 3220 et

355 3267 546 3315 tenens
572 3258 869 3315 suffocabat
896 3275 1018 3315 eum
1043 3259 1227 3315 dicens
1256 3276 1270 3313 :
1299 3259 1485 3315 Redde
1512 3258 1653 3329 quod
1675 3257 1858 3313 debes.
1885 3256 1952 3311 Et

356 3350 641 3423 procidens
668 3365 957 3407 conservus
983 3351 1098 3422 ejus
1116 3392 1133 3419 ,
1161 3352 1381 3422 rogabat
1406 3367 1525 3406 eum
1546 3391 1563 3418 ,
1591 3350 1775 3405 dicens
1807 3368 1818 3403 :
1848 3349 1952 3403 Pa-

357 3442 598 3499 tientiam
646 3442 782 3499 habe
827 3443 879 3497 in
920 3458 1005 3498 me
1024 3485 1039 3509 ,
1067 3452 1122 3498 et
1148 3444 1327 3499 omnia
1354 3442 1574 3498 reddam
1603 3441 1713 3496 tibi.
1745 3440 1835 3495 Ille
1860 3455 1955 3493 au-

358 3540 467 3590 tem
493 3533 700 3599 noluit;
730 3533 823 3589 sed
853 3534 1010 3600 abiit,
1043 3544 1097 3589 et
1126 3533 1271 3588 misit
1292 3549 1413 3589 eum
1442 3534 1493 3587 in
1522 3547 1823 3595 carcerem,
1851 3531 1952 3585 do-

359 3637 460 3681 nec
496 3624 749 3680 redderet
789 3624 1047 3680 debitum.
1086 3623 1339 3680 Videntes
1364 3632 1540 3679 autem
1566 3622 1809 3678 conservi
1839 3621 1954 3691 ejus

359 3730 478 3786 qua:
525 3715 749 3784 flebant,
792 3716 1089 3771 contristati
1130 3724 1254 3771 sunt
1283 3715 1473 3779 valde;
1501 3724 1556 3770 et
1581 3722 1870 3778 venerunt,
1901 3720 1956 3767 et

361 3816 714 3862 narraverunt
754 3807 972 3863 domino
1014 3798 1123 3864 suo.
1154 3808 1363 3874 omnia,
1409 3823 1529 3878 qua:
1564 3807 1698 3862 facta
1725 3807 1951 3863 fuerant.

360 3897 514 3953 Tunc
550 3899 755 3953 vocavit
799 3898 946 3953 illum
984 3899 1230 3954 dominus
1259 3913 1421 3965 suus,
1453 3907 1509 3954 et
1535 3899 1609 3953 ait
1637 3898 1710 3953 illi
1743 3916 1755 3951 :
1789 3898 1955 3954 Serve

362 4002 622 4058 nequam,
656 4003 814 4044 omne
843 3988 1079 4044 debitum
1109 3988 1284 4043 dimisi
1316 3989 1446 4055 tibi,
1476 3988 1725 4058 quoniam
1757 3988 1955 4058 rogasti

363 4093 491 4143 me;
526 4094 702 4134 nonne
729 4095 859 4150 ergo
887 4079 1121 4149 oportuit
1148 4087 1203 4134 et
1230 4089 1281 4134 te
1304 4079 1545 4134 misereri
1574 4079 1818 4134 conservi
1843 4080 1950 4146 tui,

364 4170 505 4226 sicut
523 4178 579 4225 et
601 4185 700 4240 ego
723 4171 801 4225 tui
821 4171 1070 4226 misertus
1090 4186 1206 4226 sum
1227 4171 1250 4223 ?
1271 4170 1336 4225 Et
1356 4171 1521 4226 iratus
1543 4172 1787 4227 dominus
1808 4171 1921 4242 ejus
1935 4214 1951 4240 ,

366 4261 584 4318 tradidit
609 4276 732 4317 eum
759 4262 1071 4327 tortoribus,
1103 4261 1447 4333 quoadusque
1472 4262 1719 4319 redderet
1748 4263 1958 4318 univer-

366 4369 486 4410 sum
514 4354 771 4410 debitum.
800 4353 888 4409 Sic
912 4364 966 4409 et
990 4353 1148 4409 Pater
1169 4369 1320 4409 meus
1342 4355 1576 4410 caelestis
1599 4354 1757 4411 faciet
1774 4355 1951 4421 vobis,

367 4447 415 4503 si
444 4463 552 4502 non
577 4446 887 4504 remiseritis
914 4430 1272 4518 unusquisque
1302 4446 1449 4502 fratri
1478 4462 1575 4503 suo
1606 4447 1673 4503 de
1702 4447 1967 4503 cordibus

366 4540 582 4596 vestris.

440 4632 509 4686 Et
528 4632 683 4703 paulo
712 4640 822 4703 post
849 4629 1005 4704 [ιιι]
1026 4649 1039 4685 :
1064 4631 1131 4687 Et
1153 4638 1491 4686 accesserunt
1519 4629 1587 4685 ad
1616 4646 1737 4685 eum
1770 4629 1955 4683 Phari-

369 4722 485 4789 saei,
519 4729 783 4778 tentantes
819 4736 964 4789 eum,
990 4729 1046 4776 et
1072 4720 1312 4777 dicentes
1337 4720 1427 4777 :Si
1466 4720 1591 4775 licet
1630 4719 1830 4775 homini
1875 4720 1957 4775 di—

369 4814 584 4869 mittere
611 4827 833 4869 uxorem
872 4827 1023 4867 suam
1059 4826 1392 4883 quacumque
1421 4826 1490 4867 ex
1518 4812 1713 4865 causa?
1737 4812 1836 4879 Qui
1865 4826 1954 4866 re-

368 4903 639 4974 spondens
659 4904 732 4959 ait
754 4904 833 4960 eis
857 4920 871 4958 :
894 4903 1010 4959 Non
1035 4903 1238 4974 legistis
1259 4902 1381 4973 quia
1397 4902 1487 4973 qui
1507 4901 1631 4957 fecit
1648 4902 1665 4934 ί
1688 4902 1755 4957 ab
1781 4902 1952 4971 initio,

368 4996 665 5051 masculum
683 5003 737 5051 et
760 4994 1012 5050 feminam
1037 4994 1161 5051 fecit
1186 5009 1279 5051 eos
1299 5010 1315 5061 ;
1343 5002 1397 5051 et
1420 4994 1552 5049 dixit
1577 5014 1589 5049 :
1610 4994 1831 5065 Propter
1853 4994 1957 5051 hoc

369 5088 601 5145 dimittet
624 5088 786 5143 homo
816 5096 1018 5159 patrem
1042 5098 1097 5143 et
1121 5097 1375 5155 matrem,
1402 5096 1458 5143 et
1485 5086 1779 5143 adhzerebit
1804 5089 1955 5145 uxori

369 5191 513 5245 suae;
540 5187 594 5234 et
620 5186 777 5233 erunt
804 5178 909 5234 duo
944 5178 997 5232 in
1018 5193 1178 5234 carne
1204 5193 1325 5233 una.
1356 5179 1537 5249 Itaque
1562 5178 1672 5249 jam
1700 5194 1803 5234 non
1835 5187 1958 5234 sunt

371 5268 499 5337 duo,
535 5269 627 5326 sed
667 5284 771 5324 una
805 5284 948 5325 caro.
974 5268 1124 5336 Quod
1156 5285 1283 5340 ergo
1310 5270 1451 5326 Deus
1477 5270 1767 5340 conjunxit,
1796 5270 1957 5325 homo

371 5375 479 5415 non
510 5369 741 5432 separet.
776 5360 966 5416 Dicunt
992 5362 1067 5417 illi
1089 5379 1101 5415 :
1123 5361 1259 5429 Quid
1289 5377 1417 5433 ergo
1442 5362 1652 5434 Moyses
1686 5363 1956 5419 mandavit

371 5450 501 5506 dare
546 5451 781 5507 libellum
818 5452 1043 5523 repudii,
1090 5462 1143 5507 et
1190 5452 1497 5508 dimittere?
1522 5453 1611 5507 Ait
1650 5452 1957 5521 illiszQuo-

371 5544 516 5600 niam
545 5544 756 5616 Moyses
784 5544 850 5599 ad
876 5544 1127 5600 duritiam
1148 5544 1321 5600 cordis
1347 5543 1509 5599 vestri
1540 5543 1778 5613 permisit
1808 5545 1957 5600 vobis

437 5657 455 5688 ί
480 5656 631 5720 miti,
656 5655 771 5720 quia
802 5654 885 5720 qui
905 5656 1017 5720 fecit
1355 5661 1409 5706 At
1460 5663 1563 5706 Mss.
1589 5660 1779 5720 carent
1816 5669 1957 5720 voce,

669 5715 837 5782 'quam
876 5715 1057 5783 addere
1096 5731 1193 5767 non
1237 5717 1364 5768 solet
1404 5719 1711 5783 Augustinus,
1755 5719 1827 5768 uti
1858 5715 1959 5783 jam

372 5790 403 5825 a
424 5779 566 5843 nobis
586 5779 894 5843 observatum
916 5779 1036 5829 fuit:
1063 5792 1336 5843 quanquam
1357 5779 1604 5843 vero'hzec
1624 5793 1734 5843 vox
1743 5779 1874 5843 nunc
1906 5782 1958 5831 in

365 5838 1127 5965 wexstekabesttamén
1159 5838 1609 5910 abanﬁquiSCorb.
1636 5839 1959 5907 Bibliis,eta

956 5962 991 5991 ,ζ
1012 5956 1073 5995 “1.,
1139 5958 1179 5990 ιν,
1200 5950 1301 5993 783.1
1326 5974 1345 5983 ον
1491 5963 1501 5982 t'
1519 5958 1533 5992 ἰ
1591 5950 1607 5973 θ
1624 5962 1667 5993 Ib“
1709 5967 1719 5976 ι

1724 6044 1725 6047 η
1778 6028 1839 6049 1h.
1848 6026 1875 6049 δ’

1531 450 1621 538 nn
1656 473 2044 537 SCRIPTURA
2081 473 2328 534 saces.

3539 480 3647 543 978

2056 589 2324 645 dimittere
2350 604 2544 647 uxores
2564 597 2804 658 vestras;
2833 590 2902 647 ab
2926 590 3078 647 initio
3097 600 3276 649 autem
3296 607 3403 650 non
3419 594 3516 651 fuit
3538 596 3646 654 sic.

2059 680 2188 736 Dico
2212 690 2390 736 autem
2415 682 2589 749 vobis,
2623 683 2745 753 quia
2775 685 3098 755 quicumque
3125 684 3382 741 dimiserit
3421 703 3644 744 uxorem

2056 786 2228 836 suam,
2264 773 2364 828 nisi
2410 774 2479 829 ob
2520 774 2948 841 fornicationem,
2980 786 3035 832 et
3062 777 3217 831 aliam
3247 777 3477 843 duxerit,
3507 795 3648 838 mm-

2057 863 2282 930 chatur;
2325 872 2379 920 et
2415 866 2504 934 qui
2540 865 2814 922 dimissam
2841 866 3073 935 duxerit,
3104 869 3419 926 moechatur.
3450 872 3645 929 Dicunt

2057 954 2136 1009 illi
2155 954 2399 1025 discipuli
2423 955 2538 1026 ejus
2563 973 2576 1009 :
2600 957 2658 1013 Si
2679 959 2749 1013 ita
2771 970 3030 1031 estcausa
3050 959 3281 1017 hominis
3304 976 3426 1016 cum
3451 977 3639 1031 uxore,

2057 973 2136 1009 nu
2155 973 2399 1025 uiscipnn
2423 973 2538 1026 ejus
2563 973 2576 1009 :
2600 973 2658 1013 Si
2679 973 2749 1013 ita
2771 974 2801 1013 e
2836 973 3030 1014 tcausa
3050 973 3281 1017 nomuns
3304 976 3426 1016 cum
3451 977 3639 1031 uxore,

2056 1060 2163 1099 non
2184 1046 2398 1116 expedit
2416 1047 2635 1103 nubere.
2658 973 2910 1115 Quiﬁﬁxit
2932 1050 3075 1106 :Non
3093 1068 3278 1108 omnes
3299 1054 3514 1123 capiunt
3536 1070 3648 1110 ver-

2056 1137 2183 1193 bum
2205 1138 2367 1206 istud,
2402 1140 2496 1195 sed
2523 1140 2714 1210 quibus
2735 1141 2916 1197 datum
2944 1152 3043 1197 est.
3069 1144 3203 1199 Sunt
3226 1146 3367 1199 enim
3390 1146 3643 1214 eunuchi,

2031 1230 2145 1312 qui
2164 1229 2231 1286 de
2252 1232 2434 1286 matris
2460 1240 2611 1287 utero
2633 1233 2710 1287 sic
2736 1234 2841 1291 nati
2863 1242 3021 1300 sunt;
3051 1243 3105 1289 ct
3131 1244 3256 1289 sunt
3279 1237 3529 1301 eunuchi,
3551 1236 3644 1307 qui

2054 1322 2179 1379 facti
2218 1334 2340 1379 sunt
2372 1326 2440 1381 ab
2469 1325 2804 1393 hominibus;
2833 1336 2888 1382 et
2913 1336 3039 1383 sunt
3070 1329 3296 1384 eunuchi
3317 1330 3407 1399 qui
3437 1335 3645 1399 seipsos

2054 1417 2545 1474 eunucbizaverunt
2572 1430 2788 1490 propter
2806 1436 3029 1493 regnum
3050 1425 3306 1478 caelorum
3334 1441 3347 1477 :
3368 1424 3455 1493 qui
3472 1431 3647 1493 potest

2054 1523 2265 1581 capere,
2289 1512 2480 1580 capiat.
2509 1511 2660 1567 Tunc
2688 1512 2848 1569 oblati
2890 1522 3012 1568 sunt
3035 1515 3082 1569 ei
3111 1515 3337 1584 parvuli,
3368 1525 3428 1571 ut
3454 1532 3645 1571 manus

2055 1601 2133 1657 eis
2160 1602 2476 1672 imponeret,
2509 1616 2563 1658 et
2591 1615 2805 1659 oraret:
2829 1605 3071 1675 discipuli
3100 1616 3278 1662 autem
3302 1608 3646 1677 increpabant

2055 1708 2167 1749 eos.
2198 1694 2355 1751 Jesus
2381 1712 2509 1752 vero
2544 1698 2617 1751 ait
2643 1697 2721 1752 eis
2746 1714 2758 1750 :
2783 1698 2953 1753 Sinite
2982 1700 3249 1769 parvulos,
3278 1710 3333 1755 et
3360 1703 3524 1756 nolite
3552 1715 3647 1756 eos

2054 1786 2338 1854 prohibere
2362 1786 2429 1841 ad
2457 1803 2542 1842 me
2572 1789 2775 1843 venire.
2799 1789 3003 1844 Talium
3027 1798 3109 1846 est
3127 1790 3269 1846 enim
3291 1806 3513 1862 regnum
3535 1807 3646 1847 cu:-

2054 1876 2247 1931 lorum.
2274 1877 2489 1932 Etcum
2521 1880 2862 1948 imposuisset
2887 1881 2965 1935 eis
3000 1896 3209 1947 manus,
3243 1883 3373 1945 abiit
3400 1883 3540 1938 inde.
3574 1883 3641 1936 Et

2055 1983 2181 2024 ecce
2206 1986 2339 2024 unus
2368 1970 2629 2026 accedens
2657 1972 2732 2027 ait
2758 1973 2867 2028 illi:
2890 1974 3135 2044 Magister
3167 1975 3326 2038 bone,
3358 1977 3481 2046 quid
3514 1977 3645 2031 boni

2052 2057 2273 2124 faciam,
2331 2070 2388 2115 ut
2433 2061 2658 2117 habeam
2704 2065 2867 2118 vitam
2908 2067 3197 2120 aeternam?
3236 2067 3336 2133 Qui
3379 2068 3513 2121 dixit
3548 2067 3644 2122 ei:

2053 2148 2190 2215 Quid
2224 2165 2309 2204 me
2335 2150 2632 2223 interrogas
2672 2152 2739 2207 de
2775 2153 2953 2207 bono?
2982 2153 3128 2210 Unus
3161 2164 3244 2211 est
3280 2157 3452 2212 bonus
3480 2158 3641 2213 Deus.

2054 2241 2109 2298 Si
2139 2251 2318 2299 autem
2347 2244 2429 2299 vis
2464 2246 2569 2316 ingt
2582 2245 2668 2301 edi
2712 2247 2779 2301 ad
2818 2248 3001 2315 vitam,
3038 2266 3189 2305 serva
3216 2252 3486 2307 mandata.
3512 2252 3647 2308 Dicit

2054 2337 2103 2390 ei
2127 2355 2140 2391 :
2162 2336 2331 2402 Quae?
2350 2336 2505 2393 Jesus
2535 2348 2711 2394 autem
2739 2341 2909 2396 dixit:
2932 2342 3045 2397 Non
3088 2344 3428 2400 homicidium
3458 2346 3641 2411 facies.

2054 2426 2169 2483 Non
2202 2428 2546 2497 adulterahis,
2565 2427 2683 2487 Non
2710 2431 2875 2489 facies
2902 2434 3121 2501 furtum,
3143 2435 3259 2492 Non
3284 2438 3470 2492 falsum
3498 2441 3647 2495 testi-

2055 2520 2292 2574 monium
2334 2519 2499 2585 dices,
2532 2521 2745 2577 llonora
2773 2532 2978 2593 patrem
3010 2534 3155 2579 tuum
3190 2534 3245 2581 ct
3290 2537 3537 2595 matrem,
3567 2537 3643 2595 et,

2056 2608 2253 2679 Diliges
2274 2612 2577 2680 proximum
2604 2620 2751 2668 tuum
2787 2614 2926 2669 sicut
2965 2616 3212 2687 teipsum.
3245 2618 3381 2673 Dicit
3406 2620 3481 2674 illi
3511 2620 3644 2675 ado-

2056 2700 2265 2756 lescens
2316 2720 2329 2756 :
2370 2702 2559 2778 Omnia
2602 2703 2719 2760 haec
2773 2707 3092 2774 custodivi‘,
3121 2709 3246 2778 quid
3295 2709 3468 2764 adhuc
3511 2710 3645 2766 mihi

2055 2792 2243 2848 deest?
2288 2796 2376 2849 Ait
2428 2796 2503 2851 illi
2543 2797 2814 2855 Jesus:Si
2861 2799 2942 2855 vis
2978 2800 3244 2870 perfectus
3285 2818 3435 2870 esse,
3464 2804 3642 2872 vade,

2055 2886 2227 2941 vende
2265 2902 2382 2957 quze
2425 2887 2610 2955 habes,
2641 2900 2695 2945 et
2723 2890 2789 2944 da
2816 2891 3157 2960 pauperibus,
3190 2902 3243 2948 et
3282 2893 3501 2949 habebis
3526 2894 3649 2949 the-

2057 2992 2271 3033 saurum
2297 2981 2350 3033 in
2373 2981 2540 3046 coelo;
2569 2992 2621 3036 et
2638 2982 2781 3050 veni,
2805 2998 3035 3054 sequere
3064 3002 3168 3041 me.
3187 2987 3319 3042 Cum
3345 2997 3522 3043 autem
3552 3004 3649 3043 au-

2057 3070 2221 3126 disset
2248 3072 2466 3127 verbum
2497 3074 2831 3141 adolescens,
2855 3076 2989 3132 abiit
3014 3077 3211 3133 tristis:
3238 3087 3352 3133 erat
3379 3079 3523 3135 enim
3545 3079 3645 3135 ha-

2056 3164 2190 3221 bens
2228 3166 2422 3222 multas
2451 3170 2837 3236 possessiones.
2868 3170 3024 3226 Jesus
3050 3181 3226 3227 autem
3256 3172 3389 3227 dixit
3414 3173 3651 3244 discipu-

2059 3255 2126 3312 lis
2152 3257 2262 3311 suis
2287 3275 2299 3309 :
2321 3257 2491 3313 Amen
2515 3259 2636 3314 dico
2666 3260 2836 3328 vobis,
2865 3262 2988 3331 quia
3012 3261 3163 3318 dives
3188 3263 3403 3319 difficile
3430 3265 3651 3320 intrabit

2058 3347 2113 3401 in
2144 3363 2364 3418 regnum
2403 3350 2679 3406 caelorum.
2726 3352 2791 3406 Et
2835 3353 3027 3408 iterum
3057 3353 3177 3409 dico
3209 3355 3360 3410 vobis
3386 3354 3649 3411 :Facilius

2060 3446 2141 3493 est
2167 3441 2429 3495 camelum
2454 3457 2549 3511 per
2568 3443 2807 3499 foramen
2835 3460 2962 3500 acus
2985 3447 3230 3511 transire,
3255 3463 3412 3517 quam
3428 3448 3648 3505 divitem

2060 3527 2262 3586 intrare
2288 3532 2340 3585 in
2367 3547 2586 3602 regnum
2612 3534 2892 3590 caelorum.
2925 3535 3135 3592 Auditis
3163 3547 3337 3593 autem
3364 3539 3466 3604 his,
3489 3540 3651 3596 disci-

2060 3620 2171 3690 puli
2195 3622 2525 3678 mirabantur
2541 3625 2714 3692 valde,
2744 3625 3016 3682 dicentes:
3042 3627 3172 3695 Quis
3197 3645 3325 3701 crgo
3342 3639 3517 3700 potest
3536 3632 3648 3687 sal-

2060 3728 2158 3769 vus
2184 3715 2337 3769 esse?
2380 3716 2658 3785 Aspiciens
2700 3726 2876 3775 autem
2924 3720 3101 3786 Jesus,
3147 3722 3281 3777 dixit
3326 3722 3648 3794 illis:Apud

2063 3804 2308 3860 homines
2324 3806 2426 3862 hoc
2442 3808 2769 3877 impossibile
2788 3820 2888 3877 est,
2914 3812 3052 3882 apud
3079 3814 3243 3869 Deum
3265 3824 3441 3870 autem
3467 3816 3669 3872 omnia

2064 3898 2337 3966 possibilia
2364 3909 2504 3955 sunt.
2523 3901 2674 3957 Tunc
2694 3905 3022 3974 respondens
3044 3906 3233 3964 Petrus
3251 3908 3384 3963 dixit
3403 3909 3451 3963 ei
3477 3926 3489 3962 :
3512 3910 3651 3965 Ecce

2062 4004 2160 4045 nos
2184 3991 2499 4061 reliquimus
2527 3996 2729 4063 omnia,
2762 4006 2816 4052 et
2845 3999 3010 4054 secuti
3043 4014 3227 4055 sumus
3255 4009 3327 4065 te,
3363 4000 3491 4071 quid
3521 4015 3652 4071 ergo

2061 4080 2165 4136 erit
2188 4082 2377 4138 nobis?
2406 4083 2563 4140 Jesus
2586 4094 2763 4142 autem
2794 4087 2929 4143 dixit
2956 4089 3095 4144 illis:
3120 4089 3293 4146 Amen
3321 4090 3442 4147 dico
3471 4091 3648 4160 vobis,

2061 4171 2203 4241 quod
2230 4188 2324 4227 vos
2354 4175 2446 4244 qui
2485 4177 2654 4232 secuti
2689 4178 2819 4233 estis
2848 4194 2953 4244 me,
2988 4180 3037 4233 in
3086 4182 3493 4251 regeneratioue
3525 4197 3651 4237 cum

2060 4262 2260 4319 sederit
2289 4264 2453 4321 Filius
2478 4265 2710 4323 hominis
2738 4269 2793 4323 in
2816 4271 2942 4325 sede
2967 4271 3258 4341 majestatis
3278 4286 3408 4336 suae,
3432 4273 3649 4328 sedebi-

2062 4351 2131 4408 tis
2157 4362 2211 4407 et
2232 4368 2325 4408 vos
2347 4371 2507 4425 super
2534 4355 2693 4412 sedes
2712 4357 3013 4423 duodecim,
3035 4360 3336 4429 judicantes
3365 4361 3646 4419 duodecim

2063 4443 2233 4498 tribus
2253 4440 2433 4499 Israel.
2464 4445 2532 4500 Et
2557 4448 2731 4501 omnis
2751 4448 2841 4516 qui
2866 4448 3138 4518 reliquerit
3160 4449 3399 4519 domum,
3422 4452 3508 4506 vel
3532 4450 3646 4507 fra-

2065 4542 2193 4598 tres,
2225 4543 2317 4588 aut
2345 4549 2578 4601 sorores,
2607 4546 2698 4591 aut
2730 4547 2954 4607 patrem,
2986 4551 3077 4595 aut
3111 4552 3356 4609 matrem,
3384 4552 3476 4598 aut
3504 4558 3648 4599 uxo-

2063 4637 2197 4689 rem,
2223 4633 2314 4677 aut
2340 4624 2496 4691 filios,
2529 4636 2623 4682 aut
2646 4642 2802 4698 agros
2822 4639 3041 4700 propter
3064 4647 3257 4687 nomen
3295 4648 3496 4702 meum,
3521 4650 3651 4690 cen-

2064 4713 2267 4782 tuplum
2292 4715 2536 4785 accipiet,
2567 4725 2622 4773 et
2658 4717 2821 4773 vitam
2866 4728 3121 4777 aeternam
3156 4723 3466 4792 possidebit.
3498 4725 3647 4781 Multi

2064 4816 2241 4861 autem
2271 4819 2428 4862 erunt
2452 4810 2609 4878 primi
2635 4812 2932 4877 novissimi,
2962 4823 3021 4869 et
3035 4815 3315 4871 novissimi
3342 4818 3516 4888 primi.

2132 4897 2204 4953 Et
2222 4898 2374 4970 paulo
2391 4911 2503 4971 post
2534 4900 2670 4975 [xx.]
2693 4903 2868 4960 :Sicut
2902 4905 3068 4962 Filius
3104 4906 3335 4963 hominis
3364 4924 3470 4965 non
3500 4911 3648 4967 venit

2063 4992 2373 5062 ministrari,
2406 4994 2500 5051 sed
2529 4994 2853 5065 ministrare,
2883 5008 2937 5054 et
2966 4998 3095 5054 dare
3118 5000 3348 5054 animam
3379 5015 3531 5057 suam
3560 5018 3648 5058 re-

2063 5085 2422 5156 demptionem
2444 5104 2541 5159 pro
2568 5089 2767 5146 multis.

2134 5174 2202 5229 Et
2243 5177 2502 5247 aliquanto
2537 5188 2647 5249 post
2690 5178 2905 5252 [xxu.]:
2932 5179 3157 5236 Reddite
3199 5197 3326 5253 ergo
3368 5200 3486 5254 qua:
3519 5195 3646 5241 sunt

2064 5266 2310 5335 Caesaris,
2339 5268 2566 5337 Caesari;
2593 5282 2646 5325 et
2674 5287 2794 5342 qua:
2819 5281 2943 5328 sunt
2968 5273 3085 5339 Dei,
3117 5274 3248 5329 Deo.
3278 5275 3348 5330 Et
3370 5277 3527 5332 alibi:
3556 5278 3649 5333 Di-

2063 5358 2195 5429 liges
2228 5360 2507 5414 Dominum
2546 5362 2713 5416 Deum
2758 5372 2902 5417 tuum
2952 5364 3006 5417 in
3051 5372 3162 5418 toto
3186 5366 3346 5421 corde
3377 5376 3484 5433 tuo,
3510 5376 3565 5423 et
3591 5369 3646 5423 in

2066 5460 2176 5507 tota
2202 5452 2397 5511 anima.
2418 5462 2522 5519 tua,
2554 5464 2607 5508 et
2630 5455 2682 5508 in
2715 5464 2822 5509 tota
2862 5463 3041 5511 mente
3078 5464 3190 5513 tua.
3223 5457 3335 5513 lloc
3363 5469 3445 5515 est
3474 5461 3649 5516 maxi.

2063 5560 2208 5600 mum
2236 5554 2290 5600 et
2318 5546 2545 5616 primum
2569 5546 2895 5602 mandatum.
2920 5548 3223 5605 Secundum
3259 5560 3438 5606 autem
3471 5553 3647 5609 simile

2064 5645 2143 5693 est
2175 5638 2328 5693 huic:
2354 5638 2550 5710 Diliges
2587 5641 2885 5711 proximum
2931 5652 3077 5698 tuum
3125 5642 3263 5700 sicut
3310 5645 3557 5716 teipsum.
3585 5648 3646 5704 ln

2127 5785 2150 5856 ί,
2168 5783 2848 5857 Vulgatainexcusis‘addit,
2902 5789 3205 5857 a_juventute
3234 5804 3344 5843 mea
3379 5804 3398 5842 :
3422 5791 3550 5857 quod
3572 5793 3652 5857 hic

2058 5843 2745 5923 ἔᾞ,.“οέλ,¹ἒεξ¹ξὲεὲυευδιίηί
2781 5843 3069 5918 semitm,
3090 5864 3257 5918 neque
3287 5843 3481 5923 mmsis.

2058 5906 2752 5987 Biblia,nectextusg'ra:cus.
2810 5906 2827 5917 '
2888 5906 2895 5907 “
3051 5906 3368 5945 τ⁷τ“’ῖῖ

3534 6004 3542 6012 ι

3488 6026 3489 6029 η
3508 6019 3543 6030 ον
