  <div class='ocr_page' id='page_1' title='image "/cluster/home/n/w/nwhite01/storage/ocr_20150623/34/hvd.32044015706310/495.png"; bbox 0 0 4110 6444; ppageno 0'>
   <div class='ocr_carea' id='block_1_1' title="bbox 493 419 598 498">
    <p class='ocr_par' dir='ltr' id='par_1_1' title="bbox 493 419 598 498">
     <span class='ocr_line' id='line_1_1' title="bbox 493 419 598 498; baseline 0 0"><span class='ocrx_word' id='word_1_1' title='bbox 493 419 598 498; x_wconf 62' lang='lat'><strong>87.9</strong></span> 
     </span>
    </p>
   </div>
   <div class='ocr_carea' id='block_1_2' title="bbox 494 518 2080 617">
    <p class='ocr_par' dir='ltr' id='par_1_2' title="bbox 494 518 2080 617">
     <span class='ocr_line' id='line_1_2' title="bbox 494 518 2080 617; baseline -0.004 -17"><span class='ocrx_word' id='word_1_2' title='bbox 494 534 585 612; x_wconf 67' lang='lat' dir='ltr'><strong>nis</strong></span> <span class='ocrx_word' id='word_1_3' title='bbox 607 529 817 617; x_wconf 58' lang='lat' dir='ltr'><strong>deabus</strong></span> <span class='ocrx_word' id='word_1_4' title='bbox 847 525 1124 612; x_wconf 64' lang='lat' dir='ltr'><strong>mandatis.</strong></span> <span class='ocrx_word' id='word_1_5' title='bbox 1148 523 1394 612; x_wconf 62' lang='lat' dir='ltr'><strong>universa.</strong></span> <span class='ocrx_word' id='word_1_6' title='bbox 1447 519 1563 602; x_wconf 49' lang='grc' dir='ltr'><strong>κάς</strong></span> <span class='ocrx_word' id='word_1_7' title='bbox 1601 518 1797 592; x_wconf 70' lang='lat' dir='ltr'><strong>pendet</strong></span> <span class='ocrx_word' id='word_1_8' title='bbox 1848 526 1904 578; x_wconf 69' lang='lat' dir='ltr'><strong>et</strong></span> <span class='ocrx_word' id='word_1_9' title='bbox 1945 519 2080 594; x_wconf 75' lang='lat' dir='ltr'><strong>Pro-</strong></span> 
     </span>
    </p>
   </div>
   <div class='ocr_carea' id='block_1_3' title="bbox 529 624 688 690">
    <p class='ocr_par' dir='ltr' id='par_1_3' title="bbox 529 624 688 690">
     <span class='ocr_line' id='line_1_3' title="bbox 529 624 688 690; baseline 0.019 -2"><span class='ocrx_word' id='word_1_10' title='bbox 529 624 688 690; x_wconf 76' lang='lat' dir='ltr'><strong>betae.-</strong></span> 
     </span>
    </p>
   </div>
   <div class='ocr_carea' id='block_1_4' title="bbox 401 640 2082 791">
    <p class='ocr_par' dir='ltr' id='par_1_4' title="bbox 401 640 2082 791">
     <span class='ocr_line' id='line_1_4' title="bbox 401 640 2082 791; baseline -0.008 -15"><span class='ocrx_word' id='word_1_11' title='bbox 401 728 406 732; x_wconf 82' lang='grc'><strong>”</strong></span> <span class='ocrx_word' id='word_1_12' title='bbox 491 640 768 791; x_wconf 44' lang='lat' dir='ltr'><strong>Pugio“</strong></span> <span class='ocrx_word' id='word_1_13' title='bbox 792 731 980 791; x_wconf 72' lang='grc' dir='ltr'><strong>ρμιιεοε</strong></span> <span class='ocrx_word' id='word_1_14' title='bbox 997 727 1172 786; x_wconf 50' lang='lat' dir='ltr'><strong>manu</strong></span> <span class='ocrx_word' id='word_1_15' title='bbox 1196 705 1423 786; x_wconf 68' lang='lat' dir='ltr'><strong>[nun]:</strong></span> <span class='ocrx_word' id='word_1_16' title='bbox 1440 707 1592 784; x_wconf 83' lang='lat' dir='ltr'><strong>Tunc</strong></span> <span class='ocrx_word' id='word_1_17' title='bbox 1603 706 1759 764; x_wconf 72' lang='lat' dir='ltr'><strong>Iesus</strong></span> <span class='ocrx_word' id='word_1_18' title='bbox 1774 706 1980 763; x_wconf 89' lang='lat' dir='ltr'><strong>locutus</strong></span> <span class='ocrx_word' id='word_1_19' title='bbox 1998 712 2082 772; x_wconf 83' lang='lat' dir='ltr'><strong>est</strong></span> 
     </span>
    </p>
   </div>
   <div class='ocr_carea' id='block_1_5' title="bbox 491 787 2079 876">
    <p class='ocr_par' dir='ltr' id='par_1_5' title="bbox 491 787 2079 876">
     <span class='ocr_line' id='line_1_5' title="bbox 491 787 2079 876; baseline -0.011 -8"><span class='ocrx_word' id='word_1_20' title='bbox 491 808 562 868; x_wconf 87' lang='lat' dir='ltr'><strong>ad</strong></span> <span class='ocrx_word' id='word_1_21' title='bbox 587 787 771 875; x_wconf 81' lang='lat' dir='ltr'><strong>turbas</strong></span> <span class='ocrx_word' id='word_1_22' title='bbox 792 787 850 864; x_wconf 81' lang='lat' dir='ltr'><strong>et</strong></span> <span class='ocrx_word' id='word_1_23' title='bbox 877 805 944 861; x_wconf 88' lang='lat' dir='ltr'><strong>ad</strong></span> <span class='ocrx_word' id='word_1_24' title='bbox 968 804 1258 876; x_wconf 80' lang='lat' dir='ltr'><strong>discipulos</strong></span> <span class='ocrx_word' id='word_1_25' title='bbox 1284 816 1444 876; x_wconf 74' lang='lat' dir='ltr'><strong>suos,</strong></span> <span class='ocrx_word' id='word_1_26' title='bbox 1462 799 1648 868; x_wconf 81' lang='lat' dir='ltr'><strong>dicens</strong></span> <span class='ocrx_word' id='word_1_27' title='bbox 1667 816 1681 853; x_wconf 91' lang='lat'><strong>:</strong></span> <span class='ocrx_word' id='word_1_28' title='bbox 1699 797 1868 867; x_wconf 82' lang='lat' dir='ltr'><strong>Super</strong></span> <span class='ocrx_word' id='word_1_29' title='bbox 1893 797 2079 876; x_wconf 69' lang='lat' dir='ltr'><strong>cathe-</strong></span> 
     </span>
    </p>
   </div>
   <div class='ocr_carea' id='block_1_6' title="bbox 492 888 2079 978">
    <p class='ocr_par' dir='ltr' id='par_1_6' title="bbox 492 888 2079 978">
     <span class='ocr_line' id='line_1_6' title="bbox 492 888 2079 978; baseline -0.011 -19"><span class='ocrx_word' id='word_1_30' title='bbox 492 901 646 972; x_wconf 80' lang='lat' dir='ltr'><strong>dram</strong></span> <span class='ocrx_word' id='word_1_31' title='bbox 673 899 838 976; x_wconf 62' lang='lat' dir='ltr'><strong>Moysi</strong></span> <span class='ocrx_word' id='word_1_32' title='bbox 866 895 1119 978; x_wconf 63' lang='lat' dir='ltr'><strong>sederunt</strong></span> <span class='ocrx_word' id='word_1_33' title='bbox 1141 894 1343 962; x_wconf 68' lang='lat' dir='ltr'><strong>Scriba:</strong></span> <span class='ocrx_word' id='word_1_34' title='bbox 1359 902 1413 966; x_wconf 82' lang='lat' dir='ltr'><strong>et</strong></span> <span class='ocrx_word' id='word_1_35' title='bbox 1437 891 1713 962; x_wconf 72' lang='lat' dir='ltr'><strong>Pharisaei.</strong></span> <span class='ocrx_word' id='word_1_36' title='bbox 1737 888 1925 951; x_wconf 83' lang='lat' dir='ltr'><strong>Omnia</strong></span> <span class='ocrx_word' id='word_1_37' title='bbox 1951 901 2079 960; x_wconf 84' lang='lat' dir='ltr'><strong>ergo</strong></span> 
     </span>
    </p>
   </div>
   <div class='ocr_carea' id='block_1_7' title="bbox 491 983 2080 1070">
    <p class='ocr_par' dir='ltr' id='par_1_7' title="bbox 491 983 2080 1070">
     <span class='ocr_line' id='line_1_7' title="bbox 491 983 2080 1070; baseline -0.008 -21"><span class='ocrx_word' id='word_1_38' title='bbox 491 983 840 1070; x_wconf 70' lang='lat' dir='ltr'><strong>quaecumque</strong></span> <span class='ocrx_word' id='word_1_39' title='bbox 868 990 1100 1062; x_wconf 75' lang='lat' dir='ltr'><strong>dixerint</strong></span> <span class='ocrx_word' id='word_1_40' title='bbox 1123 989 1296 1068; x_wconf 81' lang='lat' dir='ltr'><strong>vobis,</strong></span> <span class='ocrx_word' id='word_1_41' title='bbox 1327 994 1538 1052; x_wconf 86' lang='lat' dir='ltr'><strong>servate</strong></span> <span class='ocrx_word' id='word_1_42' title='bbox 1577 993 1642 1062; x_wconf 78' lang='lat' dir='ltr'><strong>et</strong></span> <span class='ocrx_word' id='word_1_43' title='bbox 1670 983 1861 1058; x_wconf 83' lang='lat' dir='ltr'><strong>facite;</strong></span> <span class='ocrx_word' id='word_1_44' title='bbox 1890 998 2080 1052; x_wconf 35' lang='lat' dir='ltr'><strong>secuit?</strong></span> 
     </span>
    </p>
   </div>
   <div class='ocr_carea' id='block_1_8' title="bbox 491 1068 2081 1158">
    <p class='ocr_par' dir='ltr' id='par_1_8' title="bbox 491 1068 2081 1158">
     <span class='ocr_line' id='line_1_8' title="bbox 491 1068 2081 1158; baseline -0.008 -14"><span class='ocrx_word' id='word_1_45' title='bbox 491 1068 620 1152; x_wconf 87' lang='lat' dir='ltr'><strong>dum</strong></span> <span class='ocrx_word' id='word_1_46' title='bbox 648 1068 812 1158; x_wconf 90' lang='lat' dir='ltr'><strong>opera</strong></span> <span class='ocrx_word' id='word_1_47' title='bbox 830 1099 960 1142; x_wconf 88' lang='lat' dir='ltr'><strong>vero</strong></span> <span class='ocrx_word' id='word_1_48' title='bbox 983 1097 1170 1156; x_wconf 89' lang='lat' dir='ltr'><strong>eorum</strong></span> <span class='ocrx_word' id='word_1_49' title='bbox 1197 1081 1361 1148; x_wconf 84' lang='lat' dir='ltr'><strong>nolite</strong></span> <span class='ocrx_word' id='word_1_50' title='bbox 1390 1079 1568 1148; x_wconf 80' lang='lat' dir='ltr'><strong>facere</strong></span> <span class='ocrx_word' id='word_1_51' title='bbox 1591 1095 1604 1131; x_wconf 89' lang='lat'><strong>:</strong></span> <span class='ocrx_word' id='word_1_52' title='bbox 1627 1076 1812 1138; x_wconf 90' lang='lat' dir='ltr'><strong>dicunt</strong></span> <span class='ocrx_word' id='word_1_53' title='bbox 1832 1076 1992 1142; x_wconf 87' lang='lat' dir='ltr'><strong>enim,</strong></span> <span class='ocrx_word' id='word_1_54' title='bbox 2024 1082 2081 1140; x_wconf 87' lang='lat' dir='ltr'><strong>et</strong></span> 
     </span>
    </p>
   </div>
   <div class='ocr_carea' id='block_1_9' title="bbox 488 1168 2080 1246">
    <p class='ocr_par' dir='ltr' id='par_1_9' title="bbox 488 1168 2080 1246">
     <span class='ocr_line' id='line_1_9' title="bbox 488 1168 2080 1246; baseline -0.011 -7"><span class='ocrx_word' id='word_1_55' title='bbox 488 1195 599 1244; x_wconf 86' lang='lat' dir='ltr'><strong>non</strong></span> <span class='ocrx_word' id='word_1_56' title='bbox 644 1176 864 1236; x_wconf 86' lang='lat' dir='ltr'><strong>faciunt.</strong></span> <span class='ocrx_word' id='word_1_57' title='bbox 896 1175 1131 1246; x_wconf 77' lang='lat' dir='ltr'><strong>Alligant</strong></span> <span class='ocrx_word' id='word_1_58' title='bbox 1153 1182 1330 1244; x_wconf 82' lang='lat' dir='ltr'><strong>autem</strong></span> <span class='ocrx_word' id='word_1_59' title='bbox 1360 1185 1523 1240; x_wconf 86' lang='lat' dir='ltr'><strong>onera</strong></span> <span class='ocrx_word' id='word_1_60' title='bbox 1550 1169 1730 1241; x_wconf 78' lang='lat' dir='ltr'><strong>gravia</strong></span> <span class='ocrx_word' id='word_1_61' title='bbox 1751 1176 1804 1226; x_wconf 92' lang='lat' dir='ltr'><strong>et</strong></span> <span class='ocrx_word' id='word_1_62' title='bbox 1824 1168 2080 1238; x_wconf 89' lang='lat' dir='ltr'><strong>importa-</strong></span> 
     </span>
    </p>
   </div>
   <div class='ocr_carea' id='block_1_10' title="bbox 487 1261 2076 1344">
    <p class='ocr_par' dir='ltr' id='par_1_10' title="bbox 487 1261 2076 1344">
     <span class='ocr_line' id='line_1_10' title="bbox 487 1261 2076 1344; baseline -0.008 -18"><span class='ocrx_word' id='word_1_63' title='bbox 487 1271 645 1338; x_wconf 88' lang='lat' dir='ltr'><strong>bilia,</strong></span> <span class='ocrx_word' id='word_1_64' title='bbox 669 1277 726 1328; x_wconf 87' lang='lat' dir='ltr'><strong>et</strong></span> <span class='ocrx_word' id='word_1_65' title='bbox 758 1271 1038 1344; x_wconf 76' lang='lat' dir='ltr'><strong>imponunt</strong></span> <span class='ocrx_word' id='word_1_66' title='bbox 1073 1267 1128 1321; x_wconf 90' lang='lat' dir='ltr'><strong>in</strong></span> <span class='ocrx_word' id='word_1_67' title='bbox 1165 1265 1416 1338; x_wconf 75' lang='lat' dir='ltr'><strong>humeros</strong></span> <span class='ocrx_word' id='word_1_68' title='bbox 1449 1261 1759 1336; x_wconf 72' lang='lat' dir='ltr'><strong>hominum;</strong></span> <span class='ocrx_word' id='word_1_69' title='bbox 1789 1261 1954 1336; x_wconf 82' lang='lat' dir='ltr'><strong>digito</strong></span> <span class='ocrx_word' id='word_1_70' title='bbox 1978 1275 2076 1330; x_wconf 79' lang='lat' dir='ltr'><strong>au-</strong></span> 
     </span>
    </p>
   </div>
   <div class='ocr_carea' id='block_1_11' title="bbox 487 1345 2079 1434">
    <p class='ocr_par' dir='ltr' id='par_1_11' title="bbox 487 1345 2079 1434">
     <span class='ocr_line' id='line_1_11' title="bbox 487 1345 2079 1434; baseline -0.009 -14"><span class='ocrx_word' id='word_1_71' title='bbox 487 1345 601 1424; x_wconf 83' lang='lat' dir='ltr'><strong>tem</strong></span> <span class='ocrx_word' id='word_1_72' title='bbox 623 1376 727 1432; x_wconf 79' lang='lat' dir='ltr'><strong>suo</strong></span> <span class='ocrx_word' id='word_1_73' title='bbox 760 1361 959 1434; x_wconf 76' lang='lat' dir='ltr'><strong>nolunt</strong></span> <span class='ocrx_word' id='word_1_74' title='bbox 976 1374 1038 1415; x_wconf 90' lang='lat' dir='ltr'><strong>ea</strong></span> <span class='ocrx_word' id='word_1_75' title='bbox 1063 1372 1297 1424; x_wconf 85' lang='lat' dir='ltr'><strong>movere.</strong></span> <span class='ocrx_word' id='word_1_76' title='bbox 1321 1354 1514 1418; x_wconf 82' lang='lat' dir='ltr'><strong>Omnia</strong></span> <span class='ocrx_word' id='word_1_77' title='bbox 1540 1368 1671 1410; x_wconf 88' lang='lat' dir='ltr'><strong>vero</strong></span> <span class='ocrx_word' id='word_1_78' title='bbox 1694 1368 1856 1426; x_wconf 87' lang='lat' dir='ltr'><strong>opera</strong></span> <span class='ocrx_word' id='word_1_79' title='bbox 1882 1369 1977 1409; x_wconf 90' lang='lat' dir='ltr'><strong>sua</strong></span> <span class='ocrx_word' id='word_1_80' title='bbox 2000 1352 2079 1406; x_wconf 89' lang='lat' dir='ltr'><strong>fa-</strong></span> 
     </span>
    </p>
   </div>
   <div class='ocr_carea' id='block_1_12' title="bbox 487 1444 2078 1522">
    <p class='ocr_par' dir='ltr' id='par_1_12' title="bbox 487 1444 2078 1522">
     <span class='ocr_line' id='line_1_12' title="bbox 487 1444 2078 1522; baseline -0.011 -10"><span class='ocrx_word' id='word_1_81' title='bbox 487 1454 658 1522; x_wconf 87' lang='lat' dir='ltr'><strong>ciunt,</strong></span> <span class='ocrx_word' id='word_1_82' title='bbox 684 1461 744 1510; x_wconf 88' lang='lat' dir='ltr'><strong>ut</strong></span> <span class='ocrx_word' id='word_1_83' title='bbox 765 1451 1047 1510; x_wconf 87' lang='lat' dir='ltr'><strong>vidcantur</strong></span> <span class='ocrx_word' id='word_1_84' title='bbox 1069 1450 1136 1520; x_wconf 87' lang='lat' dir='ltr'><strong>ab</strong></span> <span class='ocrx_word' id='word_1_85' title='bbox 1166 1447 1490 1510; x_wconf 85' lang='lat' dir='ltr'><strong>hominibus.</strong></span> <span class='ocrx_word' id='word_1_86' title='bbox 1521 1445 1910 1517; x_wconf 84' lang='lat' dir='ltr'><strong>Dilatantenim</strong></span> <span class='ocrx_word' id='word_1_87' title='bbox 1931 1444 2078 1516; x_wconf 42' lang='lat' dir='ltr'><strong>plty:</strong></span> 
     </span>
    </p>
   </div>
   <div class='ocr_carea' id='block_1_13' title="bbox 484 1539 2077 1618">
    <p class='ocr_par' dir='ltr' id='par_1_13' title="bbox 484 1539 2077 1618">
     <span class='ocr_line' id='line_1_13' title="bbox 484 1539 2077 1618; baseline -0.009 -13"><span class='ocrx_word' id='word_1_88' title='bbox 484 1545 708 1618; x_wconf 64' lang='lat' dir='ltr'><strong>laeteris</strong></span> <span class='ocrx_word' id='word_1_89' title='bbox 755 1560 875 1614; x_wconf 88' lang='lat' dir='ltr'><strong>sua,</strong></span> <span class='ocrx_word' id='word_1_90' title='bbox 907 1551 963 1612; x_wconf 90' lang='lat' dir='ltr'><strong>et</strong></span> <span class='ocrx_word' id='word_1_91' title='bbox 1000 1541 1342 1618; x_wconf 75' lang='lat' dir='ltr'><strong>magnificam</strong></span> <span class='ocrx_word' id='word_1_92' title='bbox 1387 1539 1643 1597; x_wconf 85' lang='lat' dir='ltr'><strong>fimbrias.</strong></span> <span class='ocrx_word' id='word_1_93' title='bbox 1673 1539 1870 1602; x_wconf 81' lang='lat' dir='ltr'><strong>Amant</strong></span> <span class='ocrx_word' id='word_1_94' title='bbox 1897 1546 2077 1594; x_wconf 90' lang='lat' dir='ltr'><strong>autem</strong></span> 
     </span>
    </p>
   </div>
   <div class='ocr_carea' id='block_1_14' title="bbox 485 1616 2076 1716">
    <p class='ocr_par' dir='ltr' id='par_1_14' title="bbox 485 1616 2076 1716">
     <span class='ocr_line' id='line_1_14' title="bbox 485 1616 2076 1716; baseline -0.008 -20"><span class='ocrx_word' id='word_1_95' title='bbox 485 1616 693 1716; x_wconf 82' lang='lat' dir='ltr'><strong>primos</strong></span> <span class='ocrx_word' id='word_1_96' title='bbox 714 1638 985 1710; x_wconf 79' lang='lat' dir='ltr'><strong>recubitus</strong></span> <span class='ocrx_word' id='word_1_97' title='bbox 1004 1637 1057 1692; x_wconf 92' lang='lat' dir='ltr'><strong>in</strong></span> <span class='ocrx_word' id='word_1_98' title='bbox 1085 1616 1271 1706; x_wconf 56' lang='lat' dir='ltr'><strong>etsuis,</strong></span> <span class='ocrx_word' id='word_1_99' title='bbox 1296 1643 1353 1692; x_wconf 89' lang='lat' dir='ltr'><strong>et</strong></span> <span class='ocrx_word' id='word_1_100' title='bbox 1376 1633 1574 1704; x_wconf 90' lang='lat' dir='ltr'><strong>primas</strong></span> <span class='ocrx_word' id='word_1_101' title='bbox 1602 1631 1882 1700; x_wconf 75' lang='lat' dir='ltr'><strong>cathedras</strong></span> <span class='ocrx_word' id='word_1_102' title='bbox 1906 1632 1956 1685; x_wconf 89' lang='lat' dir='ltr'><strong>in</strong></span> <span class='ocrx_word' id='word_1_103' title='bbox 1983 1645 2076 1702; x_wconf 85' lang='lat' dir='ltr'><strong>sy-</strong></span> 
     </span>
    </p>
   </div>
   <div class='ocr_carea' id='block_1_15' title="bbox 485 1721 2078 1810">
    <p class='ocr_par' dir='ltr' id='par_1_15' title="bbox 485 1721 2078 1810">
     <span class='ocr_line' id='line_1_15' title="bbox 485 1721 2078 1810; baseline -0.007 -23"><span class='ocrx_word' id='word_1_104' title='bbox 485 1731 730 1810; x_wconf 72' lang='lat' dir='ltr'><strong>nagogis,</strong></span> <span class='ocrx_word' id='word_1_105' title='bbox 755 1737 816 1802; x_wconf 44' lang='lat' dir='ltr'><strong>et,</strong></span> <span class='ocrx_word' id='word_1_106' title='bbox 838 1728 1188 1808; x_wconf 70' lang='lat' dir='ltr'><strong>salutationes</strong></span> <span class='ocrx_word' id='word_1_107' title='bbox 1210 1727 1264 1782; x_wconf 90' lang='lat' dir='ltr'><strong>in</strong></span> <span class='ocrx_word' id='word_1_108' title='bbox 1296 1725 1430 1792; x_wconf 86' lang='lat' dir='ltr'><strong>foro,</strong></span> <span class='ocrx_word' id='word_1_109' title='bbox 1458 1732 1520 1790; x_wconf 81' lang='lat' dir='ltr'><strong>et</strong></span> <span class='ocrx_word' id='word_1_110' title='bbox 1538 1723 1722 1794; x_wconf 78' lang='lat' dir='ltr'><strong>vocari</strong></span> <span class='ocrx_word' id='word_1_111' title='bbox 1750 1722 1817 1776; x_wconf 93' lang='lat' dir='ltr'><strong>ab</strong></span> <span class='ocrx_word' id='word_1_112' title='bbox 1847 1721 2078 1780; x_wconf 84' lang='lat' dir='ltr'><strong>homini-</strong></span> 
     </span>
    </p>
   </div>
   <div class='ocr_carea' id='block_1_16' title="bbox 484 1815 2080 1894">
    <p class='ocr_par' dir='ltr' id='par_1_16' title="bbox 484 1815 2080 1894">
     <span class='ocr_line' id='line_1_16' title="bbox 484 1815 2080 1894; baseline -0.008 -12"><span class='ocrx_word' id='word_1_113' title='bbox 484 1822 589 1884; x_wconf 79' lang='lat' dir='ltr'><strong>bus</strong></span> <span class='ocrx_word' id='word_1_114' title='bbox 624 1821 798 1892; x_wconf 79' lang='lat' dir='ltr'><strong>rabbi.</strong></span> <span class='ocrx_word' id='word_1_115' title='bbox 828 1819 939 1879; x_wconf 78' lang='lat' dir='ltr'><strong>Vos</strong></span> <span class='ocrx_word' id='word_1_116' title='bbox 974 1828 1151 1894; x_wconf 79' lang='lat' dir='ltr'><strong>autem</strong></span> <span class='ocrx_word' id='word_1_117' title='bbox 1195 1818 1359 1884; x_wconf 85' lang='lat' dir='ltr'><strong>nolite</strong></span> <span class='ocrx_word' id='word_1_118' title='bbox 1401 1816 1581 1883; x_wconf 80' lang='lat' dir='ltr'><strong>vocari</strong></span> <span class='ocrx_word' id='word_1_119' title='bbox 1622 1815 1771 1878; x_wconf 87' lang='lat' dir='ltr'><strong>rabbi</strong></span> <span class='ocrx_word' id='word_1_120' title='bbox 1798 1822 2080 1888; x_wconf 81' lang='lat' dir='ltr'><strong>:unusest</strong></span> 
     </span>
    </p>
   </div>
   <div class='ocr_carea' id='block_1_17' title="bbox 485 1906 2074 1986">
    <p class='ocr_par' dir='ltr' id='par_1_17' title="bbox 485 1906 2074 1986">
     <span class='ocr_line' id='line_1_17' title="bbox 485 1906 2074 1986; baseline -0.008 -15"><span class='ocrx_word' id='word_1_121' title='bbox 485 1913 634 1986; x_wconf 86' lang='lat' dir='ltr'><strong>enim</strong></span> <span class='ocrx_word' id='word_1_122' title='bbox 657 1913 911 1986; x_wconf 74' lang='lat' dir='ltr'><strong>magister</strong></span> <span class='ocrx_word' id='word_1_123' title='bbox 924 1920 1138 1980; x_wconf 82' lang='lat' dir='ltr'><strong>vester;</strong></span> <span class='ocrx_word' id='word_1_124' title='bbox 1166 1923 1356 1972; x_wconf 88' lang='lat' dir='ltr'><strong>omnes</strong></span> <span class='ocrx_word' id='word_1_125' title='bbox 1380 1918 1557 1970; x_wconf 89' lang='lat' dir='ltr'><strong>autem</strong></span> <span class='ocrx_word' id='word_1_126' title='bbox 1580 1922 1682 1970; x_wconf 73' lang='lat' dir='ltr'><strong>vos.</strong></span> <span class='ocrx_word' id='word_1_127' title='bbox 1704 1906 1896 1963; x_wconf 80' lang='lat' dir='ltr'><strong>fratres</strong></span> <span class='ocrx_word' id='word_1_128' title='bbox 1923 1906 2074 1970; x_wconf 82' lang='lat' dir='ltr'><strong>estis.</strong></span> 
     </span>
    </p>
   </div>
   <div class='ocr_carea' id='block_1_18' title="bbox 484 2004 2080 2079">
    <p class='ocr_par' dir='ltr' id='par_1_18' title="bbox 484 2004 2080 2079">
     <span class='ocr_line' id='line_1_18' title="bbox 484 2004 2080 2079; baseline -0.008 -9"><span class='ocrx_word' id='word_1_129' title='bbox 484 2007 558 2070; x_wconf 82' lang='lat' dir='ltr'><strong>Et</strong></span> <span class='ocrx_word' id='word_1_130' title='bbox 584 2015 790 2079; x_wconf 80' lang='lat' dir='ltr'><strong>patrem</strong></span> <span class='ocrx_word' id='word_1_131' title='bbox 840 2006 1007 2078; x_wconf 79' lang='lat' dir='ltr'><strong>nolite</strong></span> <span class='ocrx_word' id='word_1_132' title='bbox 1037 2004 1191 2066; x_wconf 87' lang='lat' dir='ltr'><strong>vobis</strong></span> <span class='ocrx_word' id='word_1_133' title='bbox 1229 2018 1424 2072; x_wconf 76' lang='lat' dir='ltr'><strong>vocare</strong></span> <span class='ocrx_word' id='word_1_134' title='bbox 1468 2017 1630 2073; x_wconf 80' lang='lat' dir='ltr'><strong>super</strong></span> <span class='ocrx_word' id='word_1_135' title='bbox 1667 2009 1908 2076; x_wconf 76' lang='lat' dir='ltr'><strong>terram:</strong></span> <span class='ocrx_word' id='word_1_136' title='bbox 1938 2014 2080 2066; x_wconf 85' lang='lat' dir='ltr'><strong>unus</strong></span> 
     </span>
    </p>
   </div>
   <div class='ocr_carea' id='block_1_19' title="bbox 487 2090 2086 2174">
    <p class='ocr_par' dir='ltr' id='par_1_19' title="bbox 487 2090 2086 2174">
     <span class='ocr_line' id='line_1_19' title="bbox 487 2090 2086 2174; baseline -0.007 -18"><span class='ocrx_word' id='word_1_137' title='bbox 487 2106 573 2156; x_wconf 86' lang='lat' dir='ltr'><strong>est</strong></span> <span class='ocrx_word' id='word_1_138' title='bbox 592 2098 736 2174; x_wconf 82' lang='lat' dir='ltr'><strong>enim</strong></span> <span class='ocrx_word' id='word_1_139' title='bbox 763 2097 921 2154; x_wconf 89' lang='lat' dir='ltr'><strong>Pater</strong></span> <span class='ocrx_word' id='word_1_140' title='bbox 941 2103 1142 2162; x_wconf 83' lang='lat' dir='ltr'><strong>vester,</strong></span> <span class='ocrx_word' id='word_1_141' title='bbox 1164 2094 1255 2166; x_wconf 90' lang='lat' dir='ltr'><strong>qui</strong></span> <span class='ocrx_word' id='word_1_142' title='bbox 1281 2095 1333 2150; x_wconf 92' lang='lat' dir='ltr'><strong>in</strong></span> <span class='ocrx_word' id='word_1_143' title='bbox 1361 2093 1513 2150; x_wconf 75' lang='lat' dir='ltr'><strong>cmlis</strong></span> <span class='ocrx_word' id='word_1_144' title='bbox 1538 2100 1638 2158; x_wconf 88' lang='lat' dir='ltr'><strong>est.</strong></span> <span class='ocrx_word' id='word_1_145' title='bbox 1670 2091 1780 2150; x_wconf 83' lang='lat' dir='ltr'><strong>Nec</strong></span> <span class='ocrx_word' id='word_1_146' title='bbox 1810 2090 2086 2166; x_wconf 68' lang='lat' dir='ltr'><strong>vocemini.</strong></span> 
     </span>
    </p>
   </div>
   <div class='ocr_carea' id='block_1_20' title="bbox 484 2182 2078 2261">
    <p class='ocr_par' dir='ltr' id='par_1_20' title="bbox 484 2182 2078 2261">
     <span class='ocr_line' id='line_1_20' title="bbox 484 2182 2078 2261; baseline -0.005 -16"><span class='ocrx_word' id='word_1_147' title='bbox 484 2187 744 2261; x_wconf 72' lang='lat' dir='ltr'><strong>magistri;</strong></span> <span class='ocrx_word' id='word_1_148' title='bbox 759 2189 880 2260; x_wconf 85' lang='lat' dir='ltr'><strong>quia</strong></span> <span class='ocrx_word' id='word_1_149' title='bbox 894 2187 1146 2259; x_wconf 81' lang='lat' dir='ltr'><strong>magister</strong></span> <span class='ocrx_word' id='word_1_150' title='bbox 1156 2197 1331 2244; x_wconf 77' lang='lat' dir='ltr'><strong>veSter</strong></span> <span class='ocrx_word' id='word_1_151' title='bbox 1341 2199 1478 2256; x_wconf 87' lang='lat' dir='ltr'><strong>unus</strong></span> <span class='ocrx_word' id='word_1_152' title='bbox 1491 2192 1572 2258; x_wconf 85' lang='lat' dir='ltr'><strong>est</strong></span> <span class='ocrx_word' id='word_1_153' title='bbox 1585 2182 1844 2254; x_wconf 77' lang='lat' dir='ltr'><strong>Christus.</strong></span> <span class='ocrx_word' id='word_1_154' title='bbox 1857 2182 1960 2251; x_wconf 84' lang='lat' dir='ltr'><strong>Qui</strong></span> <span class='ocrx_word' id='word_1_155' title='bbox 1973 2198 2078 2259; x_wconf 57' lang='lat' dir='ltr'><strong>ma,-</strong></span> 
     </span>
    </p>
   </div>
   <div class='ocr_carea' id='block_1_21' title="bbox 481 2263 2075 2351">
    <p class='ocr_par' dir='ltr' id='par_1_21' title="bbox 481 2263 2075 2351">
     <span class='ocr_line' id='line_1_21' title="bbox 481 2263 2075 2351; baseline -0.003 -17"><span class='ocrx_word' id='word_1_156' title='bbox 481 2277 572 2351; x_wconf 91' lang='lat' dir='ltr'><strong>jor</strong></span> <span class='ocrx_word' id='word_1_157' title='bbox 584 2263 668 2335; x_wconf 85' lang='lat' dir='ltr'><strong>est</strong></span> <span class='ocrx_word' id='word_1_158' title='bbox 680 2288 936 2345; x_wconf 86' lang='lat' dir='ltr'><strong>vestrum,</strong></span> <span class='ocrx_word' id='word_1_159' title='bbox 951 2276 1302 2333; x_wconf 88' lang='lat' dir='ltr'><strong>eritminister</strong></span> <span class='ocrx_word' id='word_1_160' title='bbox 1319 2284 1514 2348; x_wconf 84' lang='lat' dir='ltr'><strong>vester.</strong></span> <span class='ocrx_word' id='word_1_161' title='bbox 1533 2273 1644 2346; x_wconf 21' lang='lat' dir='ltr'><strong>Qui,</strong></span> <span class='ocrx_word' id='word_1_162' title='bbox 1654 2283 1832 2332; x_wconf 86' lang='lat' dir='ltr'><strong>autem</strong></span> <span class='ocrx_word' id='word_1_163' title='bbox 1856 2289 1914 2331; x_wconf 85' lang='lat' dir='ltr'><strong>se</strong></span> <span class='ocrx_word' id='word_1_164' title='bbox 1929 2275 2075 2330; x_wconf 61' lang='grc' dir='ltr'><strong>θιθιε-</strong></span> 
     </span>
    </p>
   </div>
   <div class='ocr_carea' id='block_1_22' title="bbox 483 2366 2070 2441">
    <p class='ocr_par' dir='ltr' id='par_1_22' title="bbox 483 2366 2070 2441">
     <span class='ocr_line' id='line_1_22' title="bbox 483 2366 2070 2441; baseline -0.004 -13"><span class='ocrx_word' id='word_1_165' title='bbox 483 2369 1087 2441; x_wconf 78' lang='lat' dir='ltr'><strong>taverit,humiliabitur;</strong></span> <span class='ocrx_word' id='word_1_166' title='bbox 1103 2378 1156 2426; x_wconf 87' lang='lat' dir='ltr'><strong>et</strong></span> <span class='ocrx_word' id='word_1_167' title='bbox 1171 2369 1260 2440; x_wconf 91' lang='lat' dir='ltr'><strong>qui</strong></span> <span class='ocrx_word' id='word_1_168' title='bbox 1276 2383 1335 2424; x_wconf 90' lang='lat' dir='ltr'><strong>se</strong></span> <span class='ocrx_word' id='word_1_169' title='bbox 1352 2366 2070 2432; x_wconf 80' lang='lat' dir='ltr'><strong>hmuiliaverit,exaltabitur.</strong></span> 
     </span>
    </p>
   </div>
   <div class='ocr_carea' id='block_1_23' title="bbox 483 2459 2074 2538">
    <p class='ocr_par' dir='ltr' id='par_1_23' title="bbox 483 2459 2074 2538">
     <span class='ocr_line' id='line_1_23' title="bbox 483 2459 2074 2538; baseline -0.003 -19"><span class='ocrx_word' id='word_1_170' title='bbox 483 2463 556 2520; x_wconf 87' lang='lat' dir='ltr'><strong>Et</strong></span> <span class='ocrx_word' id='word_1_171' title='bbox 577 2465 733 2536; x_wconf 84' lang='lat' dir='ltr'><strong>paulo</strong></span> <span class='ocrx_word' id='word_1_172' title='bbox 756 2474 867 2538; x_wconf 83' lang='lat' dir='ltr'><strong>post</strong></span> <span class='ocrx_word' id='word_1_173' title='bbox 891 2479 912 2519; x_wconf 92' lang='lat'><strong><em>:</em></strong></span> <span class='ocrx_word' id='word_1_174' title='bbox 930 2464 1022 2520; x_wconf 74' lang='lat' dir='ltr'><strong>Va:</strong></span> <span class='ocrx_word' id='word_1_175' title='bbox 1039 2462 1209 2530; x_wconf 87' lang='lat' dir='ltr'><strong>vobis,</strong></span> <span class='ocrx_word' id='word_1_176' title='bbox 1237 2459 1437 2532; x_wconf 76' lang='lat' dir='ltr'><strong>Scriba:</strong></span> <span class='ocrx_word' id='word_1_177' title='bbox 1464 2468 1522 2532; x_wconf 85' lang='lat' dir='ltr'><strong>et</strong></span> <span class='ocrx_word' id='word_1_178' title='bbox 1548 2459 1806 2516; x_wconf 60' lang='lat' dir='ltr'><strong>Pharisaei</strong></span> <span class='ocrx_word' id='word_1_179' title='bbox 1828 2461 2074 2532; x_wconf 85' lang='lat' dir='ltr'><strong>hypocri-</strong></span> 
     </span>
    </p>
   </div>
   <div class='ocr_carea' id='block_1_24' title="bbox 484 2550 2069 2627">
    <p class='ocr_par' dir='ltr' id='par_1_24' title="bbox 484 2550 2069 2627">
     <span class='ocr_line' id='line_1_24' title="bbox 484 2550 2069 2627; baseline -0.005 -14"><span class='ocrx_word' id='word_1_180' title='bbox 484 2563 576 2626; x_wconf 70' lang='lat' dir='ltr'><strong>tae,</strong></span> <span class='ocrx_word' id='word_1_181' title='bbox 601 2556 724 2627; x_wconf 84' lang='lat' dir='ltr'><strong>quia</strong></span> <span class='ocrx_word' id='word_1_182' title='bbox 746 2554 1023 2626; x_wconf 86' lang='lat' dir='ltr'><strong>decimatis</strong></span> <span class='ocrx_word' id='word_1_183' title='bbox 1047 2551 1320 2625; x_wconf 79' lang='lat' dir='ltr'><strong>mentham</strong></span> <span class='ocrx_word' id='word_1_184' title='bbox 1346 2559 1402 2607; x_wconf 91' lang='lat' dir='ltr'><strong>et</strong></span> <span class='ocrx_word' id='word_1_185' title='bbox 1427 2550 1682 2626; x_wconf 75' lang='lat' dir='ltr'><strong>anethum</strong></span> <span class='ocrx_word' id='word_1_186' title='bbox 1703 2561 1758 2608; x_wconf 93' lang='lat' dir='ltr'><strong>et</strong></span> <span class='ocrx_word' id='word_1_187' title='bbox 1777 2551 2069 2622; x_wconf 80' lang='lat' dir='ltr'><strong>cyminum,</strong></span> 
     </span>
    </p>
   </div>
   <div class='ocr_carea' id='block_1_25' title="bbox 482 2628 2081 2722">
    <p class='ocr_par' dir='ltr' id='par_1_25' title="bbox 482 2628 2081 2722">
     <span class='ocr_line' id='line_1_25' title="bbox 482 2628 2081 2722; baseline -0.004 -17"><span class='ocrx_word' id='word_1_188' title='bbox 482 2628 541 2712; x_wconf 76' lang='lat' dir='ltr'><strong>et</strong></span> <span class='ocrx_word' id='word_1_189' title='bbox 573 2647 865 2722; x_wconf 82' lang='lat' dir='ltr'><strong>reliquistis</strong></span> <span class='ocrx_word' id='word_1_190' title='bbox 908 2661 1029 2720; x_wconf 71' lang='lat' dir='ltr'><strong>qua:</strong></span> <span class='ocrx_word' id='word_1_191' title='bbox 1074 2647 1322 2718; x_wconf 74' lang='lat' dir='ltr'><strong>graviora</strong></span> <span class='ocrx_word' id='word_1_192' title='bbox 1346 2653 1472 2705; x_wconf 86' lang='lat' dir='ltr'><strong>sunt</strong></span> <span class='ocrx_word' id='word_1_193' title='bbox 1494 2645 1681 2716; x_wconf 73' lang='lat' dir='ltr'><strong>Legis;</strong></span> <span class='ocrx_word' id='word_1_194' title='bbox 1705 2643 1986 2711; x_wconf 87' lang='lat' dir='ltr'><strong>judicium,</strong></span> <span class='ocrx_word' id='word_1_195' title='bbox 2018 2653 2081 2713; x_wconf 28' lang='lat' dir='ltr'><strong>et,</strong></span> 
     </span>
    </p>
   </div>
   <div class='ocr_carea' id='block_1_26' title="bbox 480 2736 2072 2817">
    <p class='ocr_par' dir='ltr' id='par_1_26' title="bbox 480 2736 2072 2817">
     <span class='ocr_line' id='line_1_26' title="bbox 480 2736 2072 2817; baseline -0.004 -18"><span class='ocrx_word' id='word_1_196' title='bbox 480 2741 926 2817; x_wconf 70' lang='lat' dir='ltr'><strong>misericordiam,</strong></span> <span class='ocrx_word' id='word_1_197' title='bbox 958 2747 1017 2798; x_wconf 91' lang='lat' dir='ltr'><strong>et</strong></span> <span class='ocrx_word' id='word_1_198' title='bbox 1039 2739 1220 2812; x_wconf 74' lang='lat' dir='ltr'><strong>fidem.</strong></span> <span class='ocrx_word' id='word_1_199' title='bbox 1263 2739 1388 2810; x_wconf 61' lang='grc' dir='ltr'><strong>Πίῳ</strong></span> <span class='ocrx_word' id='word_1_200' title='bbox 1412 2736 1648 2810; x_wconf 84' lang='lat' dir='ltr'><strong>oportuit</strong></span> <span class='ocrx_word' id='word_1_201' title='bbox 1675 2737 1869 2803; x_wconf 85' lang='lat' dir='ltr'><strong>facere,</strong></span> <span class='ocrx_word' id='word_1_202' title='bbox 1902 2750 1956 2792; x_wconf 90' lang='lat' dir='ltr'><strong>et</strong></span> <span class='ocrx_word' id='word_1_203' title='bbox 1981 2737 2072 2792; x_wconf 88' lang='lat' dir='ltr'><strong>illa</strong></span> 
     </span>
    </p>
   </div>
   <div class='ocr_carea' id='block_1_27' title="bbox 481 2815 2070 2906">
    <p class='ocr_par' dir='ltr' id='par_1_27' title="bbox 481 2815 2070 2906">
     <span class='ocr_line' id='line_1_27' title="bbox 481 2815 2070 2906; baseline -0.004 -12"><span class='ocrx_word' id='word_1_204' title='bbox 481 2815 594 2906; x_wconf 66' lang='lat' dir='ltr'><strong>non</strong></span> <span class='ocrx_word' id='word_1_205' title='bbox 614 2815 881 2893; x_wconf 87' lang='lat' dir='ltr'><strong>omittere.</strong></span> <span class='ocrx_word' id='word_1_206' title='bbox 916 2834 1087 2900; x_wconf 86' lang='lat' dir='ltr'><strong>Duces</strong></span> <span class='ocrx_word' id='word_1_207' title='bbox 1110 2835 1259 2902; x_wconf 61' lang='lat' dir='ltr'><strong>caeci,</strong></span> <span class='ocrx_word' id='word_1_208' title='bbox 1286 2832 1595 2892; x_wconf 82' lang='lat' dir='ltr'><strong>excolantcs</strong></span> <span class='ocrx_word' id='word_1_209' title='bbox 1618 2833 1863 2897; x_wconf 88' lang='lat' dir='ltr'><strong>culicem,</strong></span> <span class='ocrx_word' id='word_1_210' title='bbox 1886 2847 2070 2888; x_wconf 89' lang='lat' dir='ltr'><strong>came-</strong></span> 
     </span>
    </p>
   </div>
   <div class='ocr_carea' id='block_1_28' title="bbox 480 2905 2070 3002">
    <p class='ocr_par' dir='ltr' id='par_1_28' title="bbox 480 2905 2070 3002">
     <span class='ocr_line' id='line_1_28' title="bbox 480 2905 2070 3002; baseline -0.003 -20"><span class='ocrx_word' id='word_1_211' title='bbox 480 2905 593 3002; x_wconf 62' lang='lat' dir='ltr'><strong>lum</strong></span> <span class='ocrx_word' id='word_1_212' title='bbox 627 2934 804 2984; x_wconf 85' lang='lat' dir='ltr'><strong>autem</strong></span> <span class='ocrx_word' id='word_1_213' title='bbox 834 2924 1136 2996; x_wconf 78' lang='lat' dir='ltr'><strong>glutientes.</strong></span> <span class='ocrx_word' id='word_1_214' title='bbox 1168 2922 1263 2982; x_wconf 68' lang='lat' dir='ltr'><strong>Vae</strong></span> <span class='ocrx_word' id='word_1_215' title='bbox 1291 2923 1463 2994; x_wconf 86' lang='lat' dir='ltr'><strong>vobis,</strong></span> <span class='ocrx_word' id='word_1_216' title='bbox 1493 2923 1696 2980; x_wconf 79' lang='lat' dir='ltr'><strong>Scriba:</strong></span> <span class='ocrx_word' id='word_1_217' title='bbox 1733 2931 1787 2978; x_wconf 93' lang='lat' dir='ltr'><strong>et</strong></span> <span class='ocrx_word' id='word_1_218' title='bbox 1815 2922 2070 2978; x_wconf 71' lang='lat' dir='ltr'><strong>Pharisaei</strong></span> 
     </span>
    </p>
   </div>
   <div class='ocr_carea' id='block_1_29' title="bbox 480 3012 2080 3091">
    <p class='ocr_par' dir='ltr' id='par_1_29' title="bbox 480 3012 2080 3091">
     <span class='ocr_line' id='line_1_29' title="bbox 480 3012 2080 3091; baseline -0.002 -18"><span class='ocrx_word' id='word_1_219' title='bbox 480 3016 797 3091; x_wconf 64' lang='lat' dir='ltr'><strong>hypocritge,</strong></span> <span class='ocrx_word' id='word_1_220' title='bbox 824 3016 948 3088; x_wconf 86' lang='lat' dir='ltr'><strong>quia</strong></span> <span class='ocrx_word' id='word_1_221' title='bbox 975 3014 1248 3090; x_wconf 73' lang='lat' dir='ltr'><strong>mundatis</strong></span> <span class='ocrx_word' id='word_1_222' title='bbox 1271 3014 1414 3084; x_wconf 90' lang='lat' dir='ltr'><strong>quod</strong></span> <span class='ocrx_word' id='word_1_223' title='bbox 1445 3014 1513 3078; x_wconf 87' lang='lat' dir='ltr'><strong>de</strong></span> <span class='ocrx_word' id='word_1_224' title='bbox 1544 3012 1674 3069; x_wconf 89' lang='lat' dir='ltr'><strong>foris</strong></span> <span class='ocrx_word' id='word_1_225' title='bbox 1702 3024 1782 3070; x_wconf 93' lang='lat' dir='ltr'><strong>cst</strong></span> <span class='ocrx_word' id='word_1_226' title='bbox 1811 3014 1990 3070; x_wconf 85' lang='lat' dir='ltr'><strong>calicis</strong></span> <span class='ocrx_word' id='word_1_227' title='bbox 2016 3021 2080 3070; x_wconf 85' lang='lat' dir='ltr'><strong>et</strong></span> 
     </span>
    </p>
   </div>
   <div class='ocr_carea' id='block_1_30' title="bbox 479 3106 2072 3183">
    <p class='ocr_par' dir='ltr' id='par_1_30' title="bbox 479 3106 2072 3183">
     <span class='ocr_line' id='line_1_30' title="bbox 479 3106 2072 3183; baseline 0.001 -17"><span class='ocrx_word' id='word_1_228' title='bbox 479 3110 818 3183; x_wconf 84' lang='lat' dir='ltr'><strong>paropsidis;</strong></span> <span class='ocrx_word' id='word_1_229' title='bbox 851 3111 992 3170; x_wconf 83' lang='lat' dir='ltr'><strong>intus</strong></span> <span class='ocrx_word' id='word_1_230' title='bbox 1036 3116 1218 3182; x_wconf 86' lang='lat' dir='ltr'><strong>autem</strong></span> <span class='ocrx_word' id='word_1_231' title='bbox 1265 3109 1406 3179; x_wconf 91' lang='lat' dir='ltr'><strong>pleni</strong></span> <span class='ocrx_word' id='word_1_232' title='bbox 1448 3117 1580 3176; x_wconf 32' lang='lat' dir='ltr'><strong>sunt.</strong></span> <span class='ocrx_word' id='word_1_233' title='bbox 1609 3108 1816 3178; x_wconf 77' lang='lat' dir='ltr'><strong>rapina,</strong></span> <span class='ocrx_word' id='word_1_234' title='bbox 1845 3116 1900 3162; x_wconf 90' lang='lat' dir='ltr'><strong>et</strong></span> <span class='ocrx_word' id='word_1_235' title='bbox 1924 3106 2072 3168; x_wconf 77' lang='lat' dir='ltr'><strong>omni</strong></span> 
     </span>
    </p>
   </div>
   <div class='ocr_carea' id='block_1_31' title="bbox 480 3199 2070 3276">
    <p class='ocr_par' dir='ltr' id='par_1_31' title="bbox 480 3199 2070 3276">
     <span class='ocr_line' id='line_1_31' title="bbox 480 3199 2070 3276; baseline -0.001 -18"><span class='ocrx_word' id='word_1_236' title='bbox 480 3203 817 3276; x_wconf 60' lang='lat' dir='ltr'><strong>inmunditia</strong></span> <span class='ocrx_word' id='word_1_237' title='bbox 833 3203 874 3257; x_wconf 87' lang='grc'><strong>¹.</strong></span> <span class='ocrx_word' id='word_1_238' title='bbox 904 3202 1172 3272; x_wconf 62' lang='lat' dir='ltr'><strong>Pharisee</strong></span> <span class='ocrx_word' id='word_1_239' title='bbox 1191 3216 1354 3272; x_wconf 64' lang='lat' dir='ltr'><strong>caece,</strong></span> <span class='ocrx_word' id='word_1_240' title='bbox 1381 3200 1576 3258; x_wconf 89' lang='lat' dir='ltr'><strong>munda</strong></span> <span class='ocrx_word' id='word_1_241' title='bbox 1597 3201 1743 3270; x_wconf 91' lang='lat' dir='ltr'><strong>prius</strong></span> <span class='ocrx_word' id='word_1_242' title='bbox 1758 3199 1904 3272; x_wconf 90' lang='lat' dir='ltr'><strong>quod</strong></span> <span class='ocrx_word' id='word_1_243' title='bbox 1928 3201 2070 3271; x_wconf 83' lang='lat' dir='ltr'><strong>intus</strong></span> 
     </span>
    </p>
   </div>
   <div class='ocr_carea' id='block_1_32' title="bbox 479 3292 2070 3371">
    <p class='ocr_par' dir='ltr' id='par_1_32' title="bbox 479 3292 2070 3371">
     <span class='ocr_line' id='line_1_32' title="bbox 479 3292 2070 3371; baseline -0.003 -17"><span class='ocrx_word' id='word_1_244' title='bbox 479 3307 566 3370; x_wconf 85' lang='lat' dir='ltr'><strong>est</strong></span> <span class='ocrx_word' id='word_1_245' title='bbox 585 3297 768 3371; x_wconf 69' lang='lat' dir='ltr'><strong>salicis</strong></span> <span class='ocrx_word' id='word_1_246' title='bbox 793 3304 850 3354; x_wconf 87' lang='lat' dir='ltr'><strong>et</strong></span> <span class='ocrx_word' id='word_1_247' title='bbox 872 3294 1194 3371; x_wconf 79' lang='lat' dir='ltr'><strong>parOpsidis,</strong></span> <span class='ocrx_word' id='word_1_248' title='bbox 1219 3302 1278 3356; x_wconf 86' lang='lat' dir='ltr'><strong>ut</strong></span> <span class='ocrx_word' id='word_1_249' title='bbox 1300 3293 1387 3348; x_wconf 76' lang='lat' dir='ltr'><strong>fiat</strong></span> <span class='ocrx_word' id='word_1_250' title='bbox 1411 3303 1466 3350; x_wconf 90' lang='lat' dir='ltr'><strong>ct</strong></span> <span class='ocrx_word' id='word_1_251' title='bbox 1494 3293 1550 3350; x_wconf 85' lang='lat' dir='ltr'><strong>id</strong></span> <span class='ocrx_word' id='word_1_252' title='bbox 1571 3293 1720 3364; x_wconf 89' lang='lat' dir='ltr'><strong>quod</strong></span> <span class='ocrx_word' id='word_1_253' title='bbox 1742 3293 1811 3348; x_wconf 89' lang='lat' dir='ltr'><strong>de</strong></span> <span class='ocrx_word' id='word_1_254' title='bbox 1837 3292 1966 3348; x_wconf 88' lang='lat' dir='ltr'><strong>foris</strong></span> <span class='ocrx_word' id='word_1_255' title='bbox 1985 3300 2070 3349; x_wconf 87' lang='lat' dir='ltr'><strong>est</strong></span> 
     </span>
    </p>
   </div>
   <div class='ocr_carea' id='block_1_33' title="bbox 477 3365 2065 3471">
    <p class='ocr_par' dir='ltr' id='par_1_33' title="bbox 477 3365 2065 3471">
     <span class='ocr_line' id='line_1_33' title="bbox 477 3365 2065 3471; baseline -0.005 -26"><span class='ocrx_word' id='word_1_256' title='bbox 477 3365 758 3471; x_wconf 66' lang='lat' dir='ltr'><strong>mundum.</strong></span> <span class='ocrx_word' id='word_1_257' title='bbox 782 3365 888 3443; x_wconf 14' lang='lat' dir='ltr'><strong>Vae,</strong></span> <span class='ocrx_word' id='word_1_258' title='bbox 915 3365 1085 3454; x_wconf 75' lang='lat' dir='ltr'><strong>vobis,</strong></span> <span class='ocrx_word' id='word_1_259' title='bbox 1122 3365 1324 3442; x_wconf 63' lang='lat' dir='ltr'><strong>Scriba:</strong></span> <span class='ocrx_word' id='word_1_260' title='bbox 1361 3394 1418 3442; x_wconf 91' lang='lat' dir='ltr'><strong>et</strong></span> <span class='ocrx_word' id='word_1_261' title='bbox 1457 3383 1710 3452; x_wconf 71' lang='lat' dir='ltr'><strong>Pharisaei</strong></span> <span class='ocrx_word' id='word_1_262' title='bbox 1751 3385 2065 3458; x_wconf 61' lang='lat' dir='ltr'><strong>hypocritre,</strong></span> 
     </span>
    </p>
   </div>
   <div class='ocr_carea' id='block_1_34' title="bbox 477 3479 2063 3558">
    <p class='ocr_par' dir='ltr' id='par_1_34' title="bbox 477 3479 2063 3558">
     <span class='ocr_line' id='line_1_34' title="bbox 477 3479 2063 3558; baseline -0.008 -14"><span class='ocrx_word' id='word_1_263' title='bbox 477 3485 602 3558; x_wconf 83' lang='lat' dir='ltr'><strong>quia</strong></span> <span class='ocrx_word' id='word_1_264' title='bbox 625 3484 829 3552; x_wconf 79' lang='lat' dir='ltr'><strong>similes</strong></span> <span class='ocrx_word' id='word_1_265' title='bbox 871 3482 1004 3540; x_wconf 87' lang='lat' dir='ltr'><strong>estis</strong></span> <span class='ocrx_word' id='word_1_266' title='bbox 1027 3481 1286 3552; x_wconf 83' lang='lat' dir='ltr'><strong>sepulcris</strong></span> <span class='ocrx_word' id='word_1_267' title='bbox 1311 3479 1591 3547; x_wconf 79' lang='lat' dir='ltr'><strong>dealbatis,</strong></span> <span class='ocrx_word' id='word_1_268' title='bbox 1614 3495 1734 3549; x_wconf 86' lang='lat' dir='ltr'><strong>quae</strong></span> <span class='ocrx_word' id='word_1_269' title='bbox 1765 3493 1796 3532; x_wconf 91' lang='lat' dir='ltr'><strong>a</strong></span> <span class='ocrx_word' id='word_1_270' title='bbox 1822 3479 1950 3534; x_wconf 80' lang='lat' dir='ltr'><strong>foris</strong></span> <span class='ocrx_word' id='word_1_271' title='bbox 1967 3494 2063 3548; x_wconf 82' lang='lat' dir='ltr'><strong>pa-</strong></span> 
     </span>
    </p>
   </div>
   <div class='ocr_carea' id='block_1_35' title="bbox 475 3561 2066 3646">
    <p class='ocr_par' dir='ltr' id='par_1_35' title="bbox 475 3561 2066 3646">
     <span class='ocr_line' id='line_1_35' title="bbox 475 3561 2066 3646; baseline -0.004 -14"><span class='ocrx_word' id='word_1_272' title='bbox 475 3561 601 3644; x_wconf 85' lang='lat' dir='ltr'><strong>rent</strong></span> <span class='ocrx_word' id='word_1_273' title='bbox 631 3575 937 3642; x_wconf 81' lang='lat' dir='ltr'><strong>hominibus</strong></span> <span class='ocrx_word' id='word_1_274' title='bbox 965 3573 1229 3646; x_wconf 86' lang='lat' dir='ltr'><strong>speciosa,</strong></span> <span class='ocrx_word' id='word_1_275' title='bbox 1263 3572 1405 3642; x_wconf 85' lang='lat' dir='ltr'><strong>intus</strong></span> <span class='ocrx_word' id='word_1_276' title='bbox 1428 3586 1555 3642; x_wconf 79' lang='lat' dir='ltr'><strong>vero</strong></span> <span class='ocrx_word' id='word_1_277' title='bbox 1583 3569 1743 3640; x_wconf 84' lang='lat' dir='ltr'><strong>plena</strong></span> <span class='ocrx_word' id='word_1_278' title='bbox 1774 3577 1894 3626; x_wconf 90' lang='lat' dir='ltr'><strong>sunt</strong></span> <span class='ocrx_word' id='word_1_279' title='bbox 1926 3569 2066 3628; x_wconf 76' lang='lat' dir='ltr'><strong>Ossi-</strong></span> 
     </span>
    </p>
   </div>
   <div class='ocr_carea' id='block_1_36' title="bbox 474 3662 2068 3738">
    <p class='ocr_par' dir='ltr' id='par_1_36' title="bbox 474 3662 2068 3738">
     <span class='ocr_line' id='line_1_36' title="bbox 474 3662 2068 3738; baseline -0.006 -12"><span class='ocrx_word' id='word_1_280' title='bbox 474 3666 582 3732; x_wconf 78' lang='lat' dir='ltr'><strong>bus</strong></span> <span class='ocrx_word' id='word_1_281' title='bbox 602 3676 938 3724; x_wconf 88' lang='lat' dir='ltr'><strong>mortuorum</strong></span> <span class='ocrx_word' id='word_1_282' title='bbox 982 3675 1038 3722; x_wconf 92' lang='lat' dir='ltr'><strong>ct</strong></span> <span class='ocrx_word' id='word_1_283' title='bbox 1074 3665 1218 3736; x_wconf 87' lang='lat' dir='ltr'><strong>omni</strong></span> <span class='ocrx_word' id='word_1_284' title='bbox 1258 3663 1533 3738; x_wconf 76' lang='lat' dir='ltr'><strong>spurcitia.</strong></span> <span class='ocrx_word' id='word_1_285' title='bbox 1565 3662 1656 3718; x_wconf 88' lang='lat' dir='ltr'><strong>Sic</strong></span> <span class='ocrx_word' id='word_1_286' title='bbox 1678 3671 1733 3716; x_wconf 88' lang='lat' dir='ltr'><strong>et</strong></span> <span class='ocrx_word' id='word_1_287' title='bbox 1754 3676 1851 3717; x_wconf 88' lang='lat' dir='ltr'><strong>vos</strong></span> <span class='ocrx_word' id='word_1_288' title='bbox 1880 3677 1910 3717; x_wconf 90' lang='lat' dir='ltr'><strong>a</strong></span> <span class='ocrx_word' id='word_1_289' title='bbox 1939 3662 2068 3718; x_wconf 83' lang='lat' dir='ltr'><strong>foris</strong></span> 
     </span>
    </p>
   </div>
   <div class='ocr_carea' id='block_1_37' title="bbox 475 3755 2078 3843">
    <p class='ocr_par' dir='ltr' id='par_1_37' title="bbox 475 3755 2078 3843">
     <span class='ocr_line' id='line_1_37' title="bbox 475 3755 2078 3843; baseline -0.002 -27"><span class='ocrx_word' id='word_1_290' title='bbox 475 3761 691 3843; x_wconf 69' lang='lat' dir='ltr'><strong>quidem</strong></span> <span class='ocrx_word' id='word_1_291' title='bbox 737 3760 935 3831; x_wconf 86' lang='lat' dir='ltr'><strong>parctis</strong></span> <span class='ocrx_word' id='word_1_292' title='bbox 978 3759 1290 3834; x_wconf 79' lang='lat' dir='ltr'><strong>hominibus</strong></span> <span class='ocrx_word' id='word_1_293' title='bbox 1320 3757 1469 3828; x_wconf 84' lang='lat' dir='ltr'><strong>justi,</strong></span> <span class='ocrx_word' id='word_1_294' title='bbox 1499 3756 1643 3814; x_wconf 78' lang='lat' dir='ltr'><strong>intus</strong></span> <span class='ocrx_word' id='word_1_295' title='bbox 1692 3765 1875 3811; x_wconf 85' lang='lat' dir='ltr'><strong>autem.</strong></span> <span class='ocrx_word' id='word_1_296' title='bbox 1924 3755 2078 3826; x_wconf 86' lang='lat' dir='ltr'><strong>pleni.</strong></span> 
     </span>
    </p>
   </div>
   <div class='ocr_carea' id='block_1_38' title="bbox 474 3847 2069 3923">
    <p class='ocr_par' dir='ltr' id='par_1_38' title="bbox 474 3847 2069 3923">
     <span class='ocr_line' id='line_1_38' title="bbox 474 3847 2069 3923; baseline -0.007 -11"><span class='ocrx_word' id='word_1_297' title='bbox 474 3852 610 3912; x_wconf 77' lang='lat' dir='ltr'><strong>estis</strong></span> <span class='ocrx_word' id='word_1_298' title='bbox 638 3851 903 3923; x_wconf 82' lang='lat' dir='ltr'><strong>hypocrisi</strong></span> <span class='ocrx_word' id='word_1_299' title='bbox 933 3861 990 3907; x_wconf 92' lang='lat' dir='ltr'><strong>et</strong></span> <span class='ocrx_word' id='word_1_300' title='bbox 1015 3851 1307 3921; x_wconf 76' lang='lat' dir='ltr'><strong>iniquitate.</strong></span> <span class='ocrx_word' id='word_1_301' title='bbox 1332 3849 1421 3908; x_wconf 76' lang='lat' dir='ltr'><strong>Va:</strong></span> <span class='ocrx_word' id='word_1_302' title='bbox 1441 3850 1614 3920; x_wconf 81' lang='lat' dir='ltr'><strong>vobis,</strong></span> <span class='ocrx_word' id='word_1_303' title='bbox 1640 3847 1843 3916; x_wconf 81' lang='lat' dir='ltr'><strong>Scriba:</strong></span> <span class='ocrx_word' id='word_1_304' title='bbox 1863 3855 1918 3904; x_wconf 91' lang='lat' dir='ltr'><strong>et</strong></span> <span class='ocrx_word' id='word_1_305' title='bbox 1939 3847 2069 3902; x_wconf 86' lang='lat' dir='ltr'><strong>Pha-</strong></span> 
     </span>
    </p>
   </div>
   <div class='ocr_carea' id='block_1_39' title="bbox 473 3941 2063 4018">
    <p class='ocr_par' dir='ltr' id='par_1_39' title="bbox 473 3941 2063 4018">
     <span class='ocr_line' id='line_1_39' title="bbox 473 3941 2063 4018; baseline -0.003 -17"><span class='ocrx_word' id='word_1_306' title='bbox 473 3943 628 4016; x_wconf 59' lang='lat' dir='ltr'><strong>risaei</strong></span> <span class='ocrx_word' id='word_1_307' title='bbox 666 3944 978 4018; x_wconf 69' lang='lat' dir='ltr'><strong>hypocrita‘,</strong></span> <span class='ocrx_word' id='word_1_308' title='bbox 1003 3945 1126 4014; x_wconf 87' lang='lat' dir='ltr'><strong>quia</strong></span> <span class='ocrx_word' id='word_1_309' title='bbox 1169 3942 1444 4000; x_wconf 78' lang='lat' dir='ltr'><strong>:rtlificatis</strong></span> <span class='ocrx_word' id='word_1_310' title='bbox 1485 3942 1728 4013; x_wconf 77' lang='lat' dir='ltr'><strong>sepulcra</strong></span> <span class='ocrx_word' id='word_1_311' title='bbox 1767 3941 2063 4014; x_wconf 68' lang='lat' dir='ltr'><strong>Propheta-</strong></span> 
     </span>
    </p>
   </div>
   <div class='ocr_carea' id='block_1_40' title="bbox 474 4023 2065 4106">
    <p class='ocr_par' dir='ltr' id='par_1_40' title="bbox 474 4023 2065 4106">
     <span class='ocr_line' id='line_1_40' title="bbox 474 4023 2065 4106; baseline -0.001 -14"><span class='ocrx_word' id='word_1_312' title='bbox 474 4053 618 4106; x_wconf 77' lang='lat' dir='ltr'><strong>rum,</strong></span> <span class='ocrx_word' id='word_1_313' title='bbox 646 4045 704 4102; x_wconf 83' lang='lat' dir='ltr'><strong>et</strong></span> <span class='ocrx_word' id='word_1_314' title='bbox 743 4023 956 4106; x_wconf 67' lang='lat' dir='ltr'><strong>ornatis.</strong></span> <span class='ocrx_word' id='word_1_315' title='bbox 991 4043 1335 4106; x_wconf 79' lang='lat' dir='ltr'><strong>monumenta</strong></span> <span class='ocrx_word' id='word_1_316' title='bbox 1379 4034 1674 4104; x_wconf 77' lang='lat' dir='ltr'><strong>iustorum;</strong></span> <span class='ocrx_word' id='word_1_317' title='bbox 1701 4044 1756 4090; x_wconf 88' lang='lat' dir='ltr'><strong>et</strong></span> <span class='ocrx_word' id='word_1_318' title='bbox 1778 4033 1978 4100; x_wconf 86' lang='lat' dir='ltr'><strong>dicitis,</strong></span> <span class='ocrx_word' id='word_1_319' title='bbox 2009 4032 2065 4090; x_wconf 86' lang='lat' dir='ltr'><strong>Si</strong></span> 
     </span>
    </p>
   </div>
   <div class='ocr_carea' id='block_1_41' title="bbox 474 4113 2066 4198">
    <p class='ocr_par' dir='ltr' id='par_1_41' title="bbox 474 4113 2066 4198">
     <span class='ocr_line' id='line_1_41' title="bbox 474 4113 2066 4198; baseline -0.001 -14"><span class='ocrx_word' id='word_1_320' title='bbox 798 4130 860 4194; x_wconf 69' lang='lat' dir='ltr'><strong>iu,</strong></span> <span class='ocrx_word' id='word_1_321' title='bbox 880 4128 1068 4188; x_wconf 84' lang='lat' dir='ltr'><strong>diebus</strong></span> <span class='ocrx_word' id='word_1_322' title='bbox 1100 4138 1307 4198; x_wconf 82' lang='lat' dir='ltr'><strong>patrum</strong></span> <span class='ocrx_word' id='word_1_323' title='bbox 1342 4135 1670 4192; x_wconf 71' lang='lat' dir='ltr'><strong>nostrorum,</strong></span> <span class='ocrx_word' id='word_1_324' title='bbox 1696 4141 1805 4188; x_wconf 78' lang='lat' dir='ltr'><strong>non</strong></span> <span class='ocrx_word' id='word_1_325' title='bbox 1823 4142 2066 4184; x_wconf 77' lang='lat' dir='ltr'><strong>essemus</strong></span> 
     </span>
    </p>
   </div>
   <div class='ocr_carea' id='block_1_42' title="bbox 475 4197 2064 4296">
    <p class='ocr_par' dir='ltr' id='par_1_42' title="bbox 475 4197 2064 4296">
     <span class='ocr_line' id='line_1_42' title="bbox 475 4197 2064 4296; baseline -0.004 -16"><span class='ocrx_word' id='word_1_326' title='bbox 651 4235 840 4294; x_wconf 78' lang='lat' dir='ltr'><strong>eorum</strong></span> <span class='ocrx_word' id='word_1_327' title='bbox 883 4221 935 4280; x_wconf 89' lang='lat' dir='ltr'><strong>in</strong></span> <span class='ocrx_word' id='word_1_328' title='bbox 974 4220 1231 4296; x_wconf 76' lang='lat' dir='ltr'><strong>sanguine</strong></span> <span class='ocrx_word' id='word_1_329' title='bbox 1265 4219 1671 4288; x_wconf 82' lang='lat' dir='ltr'><strong>Prophetarum.</strong></span> <span class='ocrx_word' id='word_1_330' title='bbox 1701 4216 1881 4290; x_wconf 82' lang='lat' dir='ltr'><strong>Itaque</strong></span> <span class='ocrx_word' id='word_1_331' title='bbox 1913 4220 2064 4274; x_wconf 80' lang='lat' dir='ltr'><strong>testi-</strong></span> 
     </span>
    </p>
   </div>
   <div class='ocr_carea' id='block_1_43' title="bbox 474 4310 2065 4383">
    <p class='ocr_par' dir='ltr' id='par_1_43' title="bbox 474 4310 2065 4383">
     <span class='ocr_line' id='line_1_43' title="bbox 474 4310 2065 4383; baseline -0.004 -9"><span class='ocrx_word' id='word_1_332' title='bbox 474 4314 660 4380; x_wconf 81' lang='lat' dir='ltr'><strong>monio</strong></span> <span class='ocrx_word' id='word_1_333' title='bbox 697 4314 826 4370; x_wconf 78' lang='lat' dir='ltr'><strong>estis</strong></span> <span class='ocrx_word' id='word_1_334' title='bbox 863 4312 1277 4382; x_wconf 77' lang='lat' dir='ltr'><strong>vobistnetipsis,</strong></span> <span class='ocrx_word' id='word_1_335' title='bbox 1305 4313 1438 4382; x_wconf 75' lang='lat' dir='ltr'><strong>quia</strong></span> <span class='ocrx_word' id='word_1_336' title='bbox 1467 4310 1558 4366; x_wconf 82' lang='lat' dir='ltr'><strong>lilii</strong></span> <span class='ocrx_word' id='word_1_337' title='bbox 1596 4311 1732 4368; x_wconf 75' lang='lat' dir='ltr'><strong>estis.</strong></span> <span class='ocrx_word' id='word_1_338' title='bbox 1757 4325 1944 4366; x_wconf 85' lang='lat' dir='ltr'><strong>eorum</strong></span> <span class='ocrx_word' id='word_1_339' title='bbox 1973 4311 2065 4383; x_wconf 90' lang='lat' dir='ltr'><strong>qui</strong></span> 
     </span>
    </p>
   </div>
   <div class='ocr_carea' id='block_1_44' title="bbox 474 4384 2065 4478">
    <p class='ocr_par' dir='ltr' id='par_1_44' title="bbox 474 4384 2065 4478">
     <span class='ocr_line' id='line_1_44' title="bbox 474 4384 2065 4478; baseline -0.004 -14"><span class='ocrx_word' id='word_1_340' title='bbox 474 4384 775 4478; x_wconf 67' lang='lat' dir='ltr'><strong>Prophetas</strong></span> <span class='ocrx_word' id='word_1_341' title='bbox 803 4405 1112 4474; x_wconf 82' lang='lat' dir='ltr'><strong>occiderunt</strong></span> <span class='ocrx_word' id='word_1_342' title='bbox 1137 4419 1150 4457; x_wconf 91' lang='lat'>:</span> <span class='ocrx_word' id='word_1_343' title='bbox 1171 4413 1226 4468; x_wconf 87' lang='lat' dir='ltr'><strong>et</strong></span> <span class='ocrx_word' id='word_1_344' title='bbox 1249 4417 1344 4460; x_wconf 82' lang='lat' dir='ltr'><strong>vos</strong></span> <span class='ocrx_word' id='word_1_345' title='bbox 1373 4403 1592 4471; x_wconf 84' lang='lat' dir='ltr'><strong>implete</strong></span> <span class='ocrx_word' id='word_1_346' title='bbox 1634 4417 1939 4459; x_wconf 86' lang='lat' dir='ltr'><strong>mensuram</strong></span> <span class='ocrx_word' id='word_1_347' title='bbox 1973 4418 2065 4472; x_wconf 82' lang='lat' dir='ltr'><strong>pa-</strong></span> 
     </span>
    </p>
   </div>
   <div class='ocr_carea' id='block_1_45' title="bbox 475 4495 2066 4569">
    <p class='ocr_par' dir='ltr' id='par_1_45' title="bbox 475 4495 2066 4569">
     <span class='ocr_line' id='line_1_45' title="bbox 475 4495 2066 4569; baseline -0.003 -15"><span class='ocrx_word' id='word_1_348' title='bbox 475 4505 622 4563; x_wconf 69' lang='lat' dir='ltr'><strong>trum</strong></span> <span class='ocrx_word' id='word_1_349' title='bbox 639 4506 958 4558; x_wconf 78' lang='lat' dir='ltr'><strong>vestrorum.</strong></span> <span class='ocrx_word' id='word_1_350' title='bbox 985 4496 1292 4567; x_wconf 79' lang='lat' dir='ltr'><strong>Serpentes,</strong></span> <span class='ocrx_word' id='word_1_351' title='bbox 1310 4495 1582 4564; x_wconf 80' lang='lat' dir='ltr'><strong>genimina</strong></span> <span class='ocrx_word' id='word_1_352' title='bbox 1594 4496 1914 4569; x_wconf 72' lang='lat' dir='ltr'><strong>viperarum,</strong></span> <span class='ocrx_word' id='word_1_353' title='bbox 1934 4510 2066 4565; x_wconf 88' lang='lat' dir='ltr'><strong>quo-</strong></span> 
     </span>
    </p>
   </div>
   <div class='ocr_carea' id='block_1_46' title="bbox 475 4586 2064 4659">
    <p class='ocr_par' dir='ltr' id='par_1_46' title="bbox 475 4586 2064 4659">
     <span class='ocr_line' id='line_1_46' title="bbox 475 4586 2064 4659; baseline -0.003 -13"><span class='ocrx_word' id='word_1_354' title='bbox 475 4587 640 4652; x_wconf 79' lang='lat' dir='ltr'><strong>modo</strong></span> <span class='ocrx_word' id='word_1_355' title='bbox 688 4587 897 4658; x_wconf 63' lang='lat' dir='ltr'><strong>insistis</strong></span> <span class='ocrx_word' id='word_1_356' title='bbox 948 4603 978 4642; x_wconf 90' lang='lat' dir='ltr'><strong>a</strong></span> <span class='ocrx_word' id='word_1_357' title='bbox 1025 4587 1227 4658; x_wconf 83' lang='lat' dir='ltr'><strong>judicio</strong></span> <span class='ocrx_word' id='word_1_358' title='bbox 1267 4586 1560 4659; x_wconf 71' lang='lat' dir='ltr'><strong>gehennaz?</strong></span> <span class='ocrx_word' id='word_1_359' title='bbox 1591 4587 1712 4644; x_wconf 80' lang='lat' dir='ltr'><strong>ideo</strong></span> <span class='ocrx_word' id='word_1_360' title='bbox 1728 4590 1770 4653; x_wconf 73' lang='grc'><strong>⁸,</strong></span> <span class='ocrx_word' id='word_1_361' title='bbox 1802 4603 1928 4644; x_wconf 90' lang='lat' dir='ltr'><strong>ecce</strong></span> <span class='ocrx_word' id='word_1_362' title='bbox 1965 4604 2064 4658; x_wconf 85' lang='lat' dir='ltr'><strong>ego</strong></span> 
     </span>
    </p>
   </div>
   <div class='ocr_carea' id='block_1_47' title="bbox 475 4676 2062 4753">
    <p class='ocr_par' dir='ltr' id='par_1_47' title="bbox 475 4676 2062 4753">
     <span class='ocr_line' id='line_1_47' title="bbox 475 4676 2062 4753; baseline 0.001 -17"><span class='ocrx_word' id='word_1_363' title='bbox 475 4681 633 4742; x_wconf 76' lang='lat' dir='ltr'><strong>mitto</strong></span> <span class='ocrx_word' id='word_1_364' title='bbox 655 4679 725 4736; x_wconf 88' lang='lat' dir='ltr'><strong>ad</strong></span> <span class='ocrx_word' id='word_1_365' title='bbox 746 4696 848 4736; x_wconf 86' lang='lat' dir='ltr'><strong>vos.</strong></span> <span class='ocrx_word' id='word_1_366' title='bbox 873 4681 1178 4753; x_wconf 69' lang='lat' dir='ltr'><strong>propin-tas,</strong></span> <span class='ocrx_word' id='word_1_367' title='bbox 1197 4692 1251 4736; x_wconf 86' lang='lat' dir='ltr'><strong>et</strong></span> <span class='ocrx_word' id='word_1_368' title='bbox 1276 4682 1566 4751; x_wconf 80' lang='lat' dir='ltr'><strong>sapientes,</strong></span> <span class='ocrx_word' id='word_1_369' title='bbox 1593 4689 1652 4737; x_wconf 90' lang='lat' dir='ltr'><strong>et</strong></span> <span class='ocrx_word' id='word_1_370' title='bbox 1667 4676 1896 4747; x_wconf 79' lang='lat' dir='ltr'><strong>scribas;</strong></span> <span class='ocrx_word' id='word_1_371' title='bbox 1922 4690 1976 4737; x_wconf 90' lang='lat' dir='ltr'><strong>et</strong></span> <span class='ocrx_word' id='word_1_372' title='bbox 1997 4698 2062 4738; x_wconf 82' lang='lat' dir='ltr'><strong>ex</strong></span> 
     </span>
    </p>
   </div>
   <div class='ocr_carea' id='block_1_48' title="bbox 475 4772 2062 4845">
    <p class='ocr_par' dir='ltr' id='par_1_48' title="bbox 475 4772 2062 4845">
     <span class='ocr_line' id='line_1_48' title="bbox 475 4772 2062 4845; baseline 0.002 -18"><span class='ocrx_word' id='word_1_373' title='bbox 475 4772 583 4828; x_wconf 85' lang='lat' dir='ltr'><strong>illis</strong></span> <span class='ocrx_word' id='word_1_374' title='bbox 609 4772 882 4840; x_wconf 83' lang='lat' dir='ltr'><strong>occidetis,</strong></span> <span class='ocrx_word' id='word_1_375' title='bbox 914 4782 972 4829; x_wconf 89' lang='lat' dir='ltr'><strong>et</strong></span> <span class='ocrx_word' id='word_1_376' title='bbox 1001 4774 1342 4842; x_wconf 75' lang='lat' dir='ltr'><strong>crucifigctis,</strong></span> <span class='ocrx_word' id='word_1_377' title='bbox 1369 4783 1432 4828; x_wconf 88' lang='lat' dir='ltr'><strong>et.</strong></span> <span class='ocrx_word' id='word_1_378' title='bbox 1451 4790 1518 4830; x_wconf 81' lang='lat' dir='ltr'><strong>ex</strong></span> <span class='ocrx_word' id='word_1_379' title='bbox 1544 4774 1622 4830; x_wconf 90' lang='lat' dir='ltr'><strong>eis</strong></span> <span class='ocrx_word' id='word_1_380' title='bbox 1652 4773 1984 4845; x_wconf 78' lang='lat' dir='ltr'><strong>ﬂagellabitis</strong></span> <span class='ocrx_word' id='word_1_381' title='bbox 2009 4776 2062 4830; x_wconf 91' lang='lat' dir='ltr'><strong>in</strong></span> 
     </span>
    </p>
   </div>
   <div class='ocr_carea' id='block_1_49' title="bbox 474 4865 2064 4940">
    <p class='ocr_par' dir='ltr' id='par_1_49' title="bbox 474 4865 2064 4940">
     <span class='ocr_line' id='line_1_49' title="bbox 474 4865 2064 4940; baseline 0.001 -20"><span class='ocrx_word' id='word_1_382' title='bbox 474 4865 760 4940; x_wconf 61' lang='lat' dir='ltr'><strong>synagogis</strong></span> <span class='ocrx_word' id='word_1_383' title='bbox 781 4866 991 4932; x_wconf 78' lang='lat' dir='ltr'><strong>vestris,</strong></span> <span class='ocrx_word' id='word_1_384' title='bbox 1024 4877 1076 4922; x_wconf 88' lang='lat' dir='ltr'><strong>ct</strong></span> <span class='ocrx_word' id='word_1_385' title='bbox 1108 4867 1495 4936; x_wconf 75' lang='lat' dir='ltr'><strong>pet‘scqttemini</strong></span> <span class='ocrx_word' id='word_1_386' title='bbox 1525 4867 1592 4923; x_wconf 91' lang='lat' dir='ltr'><strong>de</strong></span> <span class='ocrx_word' id='word_1_387' title='bbox 1616 4868 1831 4923; x_wconf 84' lang='lat' dir='ltr'><strong>civitate</strong></span> <span class='ocrx_word' id='word_1_388' title='bbox 1855 4868 1910 4924; x_wconf 89' lang='lat' dir='ltr'><strong>in</strong></span> <span class='ocrx_word' id='word_1_389' title='bbox 1935 4867 2064 4924; x_wconf 84' lang='lat' dir='ltr'><strong>civi-</strong></span> 
     </span>
    </p>
   </div>
   <div class='ocr_carea' id='block_1_50' title="bbox 475 4961 2062 5036">
    <p class='ocr_par' dir='ltr' id='par_1_50' title="bbox 475 4961 2062 5036">
     <span class='ocr_line' id='line_1_50' title="bbox 475 4961 2062 5036; baseline 0.004 -22"><span class='ocrx_word' id='word_1_390' title='bbox 475 4968 640 5016; x_wconf 88' lang='lat' dir='ltr'><strong>tatem</strong></span> <span class='ocrx_word' id='word_1_391' title='bbox 667 4980 678 5013; x_wconf 95' lang='lat'>:</span> <span class='ocrx_word' id='word_1_392' title='bbox 710 4972 768 5016; x_wconf 94' lang='lat' dir='ltr'><strong>ut</strong></span> <span class='ocrx_word' id='word_1_393' title='bbox 789 4961 965 5016; x_wconf 84' lang='lat' dir='ltr'><strong>veniat</strong></span> <span class='ocrx_word' id='word_1_394' title='bbox 990 4978 1149 5033; x_wconf 84' lang='lat' dir='ltr'><strong>super</strong></span> <span class='ocrx_word' id='word_1_395' title='bbox 1177 4978 1273 5019; x_wconf 77' lang='lat' dir='ltr'><strong>vos</strong></span> <span class='ocrx_word' id='word_1_396' title='bbox 1299 4961 1476 5018; x_wconf 82' lang='lat' dir='ltr'><strong>omnis</strong></span> <span class='ocrx_word' id='word_1_397' title='bbox 1505 4964 1721 5035; x_wconf 72' lang='lat' dir='ltr'><strong>sanguis</strong></span> <span class='ocrx_word' id='word_1_398' title='bbox 1747 4965 1937 5035; x_wconf 75' lang='lat' dir='ltr'><strong>jUstus,</strong></span> <span class='ocrx_word' id='word_1_399' title='bbox 1969 4965 2062 5036; x_wconf 88' lang='lat' dir='ltr'><strong>qui</strong></span> 
     </span>
    </p>
   </div>
   <div class='ocr_carea' id='block_1_51' title="bbox 472 5053 2064 5130">
    <p class='ocr_par' dir='ltr' id='par_1_51' title="bbox 472 5053 2064 5130">
     <span class='ocr_line' id='line_1_51' title="bbox 472 5053 2064 5130; baseline 0.004 -21"><span class='ocrx_word' id='word_1_400' title='bbox 472 5053 674 5110; x_wconf 74' lang='lat' dir='ltr'><strong>effusus</strong></span> <span class='ocrx_word' id='word_1_401' title='bbox 693 5063 776 5108; x_wconf 85' lang='lat' dir='ltr'><strong>est</strong></span> <span class='ocrx_word' id='word_1_402' title='bbox 797 5071 958 5126; x_wconf 84' lang='lat' dir='ltr'><strong>super</strong></span> <span class='ocrx_word' id='word_1_403' title='bbox 987 5065 1201 5120; x_wconf 75' lang='lat' dir='ltr'><strong>terram,</strong></span> <span class='ocrx_word' id='word_1_404' title='bbox 1223 5071 1254 5110; x_wconf 90' lang='lat' dir='ltr'><strong>a</strong></span> <span class='ocrx_word' id='word_1_405' title='bbox 1285 5072 1541 5126; x_wconf 76' lang='lat' dir='ltr'><strong>sangmne</strong></span> <span class='ocrx_word' id='word_1_406' title='bbox 1570 5058 1706 5116; x_wconf 68' lang='lat' dir='ltr'><strong>Abel</strong></span> <span class='ocrx_word' id='word_1_407' title='bbox 1723 5057 1872 5127; x_wconf 80' lang='lat' dir='ltr'><strong>justi,</strong></span> <span class='ocrx_word' id='word_1_408' title='bbox 1892 5073 2064 5130; x_wconf 84' lang='lat' dir='ltr'><strong>usque</strong></span> 
     </span>
    </p>
   </div>
   <div class='ocr_carea' id='block_1_52' title="bbox 470 5147 2058 5221">
    <p class='ocr_par' dir='ltr' id='par_1_52' title="bbox 470 5147 2058 5221">
     <span class='ocr_line' id='line_1_52' title="bbox 470 5147 2058 5221; baseline 0.002 -17"><span class='ocrx_word' id='word_1_409' title='bbox 470 5149 546 5212; x_wconf 76' lang='lat' dir='ltr'><strong>ad</strong></span> <span class='ocrx_word' id='word_1_410' title='bbox 585 5147 897 5219; x_wconf 74' lang='lat' dir='ltr'><strong>sanguinem</strong></span> <span class='ocrx_word' id='word_1_411' title='bbox 932 5147 1200 5204; x_wconf 68' lang='lat' dir='ltr'><strong>Zachariae</strong></span> <span class='ocrx_word' id='word_1_412' title='bbox 1237 5149 1330 5202; x_wconf 82' lang='lat' dir='ltr'><strong>lilii</strong></span> <span class='ocrx_word' id='word_1_413' title='bbox 1359 5149 1646 5212; x_wconf 69' lang='lat' dir='ltr'><strong>ltaracbiae,</strong></span> <span class='ocrx_word' id='word_1_414' title='bbox 1675 5166 1833 5221; x_wconf 82' lang='lat' dir='ltr'><strong>quem</strong></span> <span class='ocrx_word' id='word_1_415' title='bbox 1858 5151 2058 5207; x_wconf 81' lang='lat' dir='ltr'><strong>occidi-</strong></span> 
     </span>
    </p>
   </div>
   <div class='ocr_carea' id='block_1_53' title="bbox 469 5241 2064 5320">
    <p class='ocr_par' dir='ltr' id='par_1_53' title="bbox 469 5241 2064 5320">
     <span class='ocr_line' id='line_1_53' title="bbox 469 5241 2064 5320; baseline 0.003 -22"><span class='ocrx_word' id='word_1_416' title='bbox 469 5242 572 5302; x_wconf 75' lang='lat' dir='ltr'><strong>stis</strong></span> <span class='ocrx_word' id='word_1_417' title='bbox 596 5242 734 5320; x_wconf 65' lang='lat' dir='ltr'><strong>inter</strong></span> <span class='ocrx_word' id='word_1_418' title='bbox 755 5243 1010 5310; x_wconf 85' lang='lat' dir='ltr'><strong>templum</strong></span> <span class='ocrx_word' id='word_1_419' title='bbox 1036 5249 1090 5298; x_wconf 92' lang='lat' dir='ltr'><strong>et</strong></span> <span class='ocrx_word' id='word_1_420' title='bbox 1111 5241 1298 5297; x_wconf 86' lang='lat' dir='ltr'><strong>altare.</strong></span> <span class='ocrx_word' id='word_1_421' title='bbox 1318 5243 1488 5296; x_wconf 86' lang='lat' dir='ltr'><strong>Amen</strong></span> <span class='ocrx_word' id='word_1_422' title='bbox 1510 5241 1630 5297; x_wconf 87' lang='lat' dir='ltr'><strong>dico</strong></span> <span class='ocrx_word' id='word_1_423' title='bbox 1647 5243 1818 5312; x_wconf 82' lang='lat' dir='ltr'><strong>vobis,</strong></span> <span class='ocrx_word' id='word_1_424' title='bbox 1845 5246 2064 5302; x_wconf 82' lang='lat' dir='ltr'><strong>venient</strong></span> 
     </span>
    </p>
   </div>
   <div class='ocr_carea' id='block_1_54' title="bbox 470 5334 1612 5407">
    <p class='ocr_par' dir='ltr' id='par_1_54' title="bbox 470 5334 1612 5407">
     <span class='ocr_line' id='line_1_54' title="bbox 470 5334 1612 5407; baseline 0.001 -18"><span class='ocrx_word' id='word_1_425' title='bbox 470 5334 592 5393; x_wconf 65' lang='lat' dir='ltr'><strong>haec</strong></span> <span class='ocrx_word' id='word_1_426' title='bbox 619 5337 799 5392; x_wconf 90' lang='lat' dir='ltr'><strong>omnia</strong></span> <span class='ocrx_word' id='word_1_427' title='bbox 827 5350 988 5407; x_wconf 90' lang='lat' dir='ltr'><strong>super</strong></span> <span class='ocrx_word' id='word_1_428' title='bbox 1012 5335 1411 5406; x_wconf 78' lang='lat' dir='ltr'><strong>generationem</strong></span> <span class='ocrx_word' id='word_1_429' title='bbox 1436 5336 1612 5392; x_wconf 86' lang='lat' dir='ltr'><strong>istam.</strong></span> 
     </span>
    </p>
   </div>
   <div class='ocr_carea' id='block_1_55' title="bbox 544 5425 2061 5500">
    <p class='ocr_par' dir='ltr' id='par_1_55' title="bbox 544 5425 2061 5500">
     <span class='ocr_line' id='line_1_55' title="bbox 544 5425 2061 5500; baseline 0.003 -18"><span class='ocrx_word' id='word_1_430' title='bbox 544 5427 614 5489; x_wconf 79' lang='lat' dir='ltr'><strong>Et</strong></span> <span class='ocrx_word' id='word_1_431' title='bbox 639 5426 793 5499; x_wconf 76' lang='lat' dir='ltr'><strong>paulo</strong></span> <span class='ocrx_word' id='word_1_432' title='bbox 832 5437 942 5496; x_wconf 76' lang='lat' dir='ltr'><strong>post</strong></span> <span class='ocrx_word' id='word_1_433' title='bbox 969 5425 1197 5500; x_wconf 60' lang='lat' dir='ltr'><strong>[xum]:</strong></span> <span class='ocrx_word' id='word_1_434' title='bbox 1227 5427 1295 5482; x_wconf 87' lang='lat' dir='ltr'><strong>Et</strong></span> <span class='ocrx_word' id='word_1_435' title='bbox 1331 5428 1583 5499; x_wconf 86' lang='lat' dir='ltr'><strong>quoniam</strong></span> <span class='ocrx_word' id='word_1_436' title='bbox 1629 5429 1920 5486; x_wconf 79' lang='lat' dir='ltr'><strong>abundabit</strong></span> <span class='ocrx_word' id='word_1_437' title='bbox 1958 5430 2061 5486; x_wconf 80' lang='lat' dir='ltr'><strong>:ni-</strong></span> 
     </span>
    </p>
   </div>
   <div class='ocr_carea' id='block_1_56' title="bbox 470 5517 2062 5592">
    <p class='ocr_par' dir='ltr' id='par_1_56' title="bbox 470 5517 2062 5592">
     <span class='ocr_line' id='line_1_56' title="bbox 470 5517 2062 5592; baseline 0.002 -18"><span class='ocrx_word' id='word_1_438' title='bbox 470 5520 670 5589; x_wconf 79' lang='lat' dir='ltr'><strong>quitas,</strong></span> <span class='ocrx_word' id='word_1_439' title='bbox 699 5518 1008 5590; x_wconf 77' lang='lat' dir='ltr'><strong>refrigescet</strong></span> <span class='ocrx_word' id='word_1_440' title='bbox 1025 5517 1257 5575; x_wconf 70' lang='lat' dir='ltr'><strong>Charitas</strong></span> <span class='ocrx_word' id='word_1_441' title='bbox 1277 5519 1565 5576; x_wconf 89' lang='lat' dir='ltr'><strong>multorum</strong></span> <span class='ocrx_word' id='word_1_442' title='bbox 1589 5537 1602 5574; x_wconf 89' lang='lat'><strong>:</strong></span> <span class='ocrx_word' id='word_1_443' title='bbox 1627 5521 1716 5592; x_wconf 92' lang='lat' dir='ltr'><strong>qui</strong></span> <span class='ocrx_word' id='word_1_444' title='bbox 1740 5529 1917 5578; x_wconf 90' lang='lat' dir='ltr'><strong>autem</strong></span> <span class='ocrx_word' id='word_1_445' title='bbox 1939 5537 2062 5592; x_wconf 89' lang='lat' dir='ltr'><strong>per-</strong></span> 
     </span>
    </p>
   </div>
   <div class='ocr_carea' id='block_1_57' title="bbox 541 5635 2060 5704">
    <p class='ocr_par' dir='ltr' id='par_1_57' title="bbox 541 5635 2060 5704">
     <span class='ocr_line' id='line_1_57' title="bbox 541 5635 2060 5704; baseline 0.005 -20"><span class='ocrx_word' id='word_1_446' title='bbox 541 5635 566 5668; x_wconf 80' lang='grc' dir='ltr'><strong>¹ι</strong></span> <span class='ocrx_word' id='word_1_447' title='bbox 588 5636 768 5704; x_wconf 67' lang='lat' dir='ltr'><strong>Regius</strong></span> <span class='ocrx_word' id='word_1_448' title='bbox 789 5643 906 5704; x_wconf 81' lang='lat' dir='ltr'><strong>_|\ls.,</strong></span> <span class='ocrx_word' id='word_1_449' title='bbox 931 5636 1198 5704; x_wconf 67' lang='lat' dir='ltr'><strong>plenasuut</strong></span> <span class='ocrx_word' id='word_1_450' title='bbox 1221 5636 1412 5704; x_wconf 65' lang='lat' dir='ltr'><strong>rapina,</strong></span> <span class='ocrx_word' id='word_1_451' title='bbox 1437 5639 1980 5704; x_wconf 76' lang='lat' dir='ltr'><strong>etc.cr:ec.,_gémousin</strong></span> <span class='ocrx_word' id='word_1_452' title='bbox 1995 5654 2060 5692; x_wconf 79' lang='lat' dir='ltr'><strong>ea:</strong></span> 
     </span>
    </p>
   </div>
   <div class='ocr_carea' id='block_1_58' title="bbox 471 5697 2060 5772">
    <p class='ocr_par' dir='ltr' id='par_1_58' title="bbox 471 5697 2060 5772">
     <span class='ocr_line' id='line_1_58' title="bbox 471 5697 2060 5772; baseline 0.005 -25"><span class='ocrx_word' id='word_1_453' title='bbox 471 5697 694 5772; x_wconf 71' lang='lat' dir='ltr'><strong>erpagéi.</strong></span> <span class='ocrx_word' id='word_1_454' title='bbox 720 5697 1018 5772; x_wconf 65' lang='lat' dir='ltr'><strong>vulgata;sz</strong></span> <span class='ocrx_word' id='word_1_455' title='bbox 1037 5698 1089 5751; x_wconf 75' lang='lat' dir='ltr'><strong>ni</strong></span> <span class='ocrx_word' id='word_1_456' title='bbox 1099 5699 1215 5772; x_wconf 65' lang='lat' dir='ltr'><strong>estis</strong></span> <span class='ocrx_word' id='word_1_457' title='bbox 1234 5697 1405 5772; x_wconf 59' lang='lat' dir='ltr'><strong>ra&#39;pirto</strong></span> <span class='ocrx_word' id='word_1_458' title='bbox 1434 5709 1481 5772; x_wconf 73' lang='lat' dir='ltr'><strong>et</strong></span> <span class='ocrx_word' id='word_1_459' title='bbox 1494 5697 1800 5754; x_wconf 71' lang='lat' dir='ltr'><strong>bnmundiiia</strong></span> <span class='ocrx_word' id='word_1_460' title='bbox 1820 5715 1838 5754; x_wconf 91' lang='lat'><strong><em>:</em></strong></span> <span class='ocrx_word' id='word_1_461' title='bbox 1856 5712 2060 5768; x_wconf 69' lang='lat' dir='ltr'><strong>praeter-</strong></span> 
     </span>
    </p>
   </div>
   <div class='ocr_carea' id='block_1_59' title="bbox 467 5763 2059 5935">
    <p class='ocr_par' dir='ltr' id='par_1_59' title="bbox 467 5763 2059 5935">
     <span class='ocr_line' id='line_1_59' title="bbox 467 5763 2059 5935; baseline 0.004 -59"><span class='ocrx_word' id='word_1_462' title='bbox 1739 5834 1930 5894; x_wconf 73' lang='lat' dir='ltr'><strong>carent,</strong></span> <span class='ocrx_word' id='word_1_463' title='bbox 1946 5826 2059 5890; x_wconf 70' lang='grc' dir='ltr'><strong>ἀέρα</strong></span> 
     </span>
    </p>
   </div>
   <div class='ocr_carea' id='block_1_60' title="bbox 1692 401 2574 488">
    <p class='ocr_par' dir='ltr' id='par_1_60' title="bbox 1692 401 2574 488">
     <span class='ocr_line' id='line_1_60' title="bbox 1692 401 2574 488; baseline 0.006 -24"><span class='ocrx_word' id='word_1_464' title='bbox 1692 405 1752 464; x_wconf 88' lang='lat' dir='ltr'><strong>s.</strong></span> <span class='ocrx_word' id='word_1_465' title='bbox 1789 401 2173 488; x_wconf 68' lang='lat' dir='ltr'><strong>Ancusrtst.</strong></span> <span class='ocrx_word' id='word_1_466' title='bbox 2201 403 2574 486; x_wconf 55' lang='lat' dir='ltr'><strong>sanentur,</strong></span> 
     </span>
    </p>
   </div>
   <div class='ocr_carea' id='block_1_61' title="bbox 3663 419 3774 490">
    <p class='ocr_par' dir='ltr' id='par_1_61' title="bbox 3663 419 3774 490">
     <span class='ocr_line' id='line_1_61' title="bbox 3663 419 3774 490; baseline 0 -8"><span class='ocrx_word' id='word_1_467' title='bbox 3663 419 3774 490; x_wconf 56' lang='grc' dir='ltr'><strong>’θῆθῦ</strong></span> 
     </span>
    </p>
   </div>
   <div class='ocr_carea' id='block_1_62' title="bbox 2183 522 3778 606">
    <p class='ocr_par' dir='ltr' id='par_1_62' title="bbox 2183 522 3778 606">
     <span class='ocr_line' id='line_1_62' title="bbox 2183 522 3778 606; baseline 0.006 -26"><span class='ocrx_word' id='word_1_468' title='bbox 2183 522 2504 588; x_wconf 82' lang='lat' dir='ltr'><strong>severaverit</strong></span> <span class='ocrx_word' id='word_1_469' title='bbox 2545 536 2714 596; x_wconf 80' lang='lat' dir='ltr'><strong>usque</strong></span> <span class='ocrx_word' id='word_1_470' title='bbox 2754 522 2808 606; x_wconf 83' lang='lat' dir='ltr'><strong>in</strong></span> <span class='ocrx_word' id='word_1_471' title='bbox 2844 523 3025 602; x_wconf 66' lang='lat' dir='ltr'><strong>auem,</strong></span> <span class='ocrx_word' id='word_1_472' title='bbox 3068 525 3158 594; x_wconf 77' lang='lat' dir='ltr'><strong>hic</strong></span> <span class='ocrx_word' id='word_1_473' title='bbox 3193 526 3373 588; x_wconf 83' lang='lat' dir='ltr'><strong>salvus</strong></span> <span class='ocrx_word' id='word_1_474' title='bbox 3402 529 3525 588; x_wconf 86' lang='lat' dir='ltr'><strong>erit.</strong></span> <span class='ocrx_word' id='word_1_475' title='bbox 3548 527 3620 588; x_wconf 81' lang='lat' dir='ltr'><strong>Et</strong></span> <span class='ocrx_word' id='word_1_476' title='bbox 3654 541 3778 605; x_wconf 66' lang='lat' dir='ltr'><strong>post</strong></span> 
     </span>
    </p>
   </div>
   <div class='ocr_carea' id='block_1_63' title="bbox 2183 614 3770 698">
    <p class='ocr_par' dir='ltr' id='par_1_63' title="bbox 2183 614 3770 698">
     <span class='ocr_line' id='line_1_63' title="bbox 2183 614 3770 698; baseline 0.008 -30"><span class='ocrx_word' id='word_1_477' title='bbox 2183 614 2740 688; x_wconf 79' lang='lat' dir='ltr'><strong>atiquantnm:Estote</strong></span> <span class='ocrx_word' id='word_1_478' title='bbox 2781 619 2974 692; x_wconf 84' lang='lat' dir='ltr'><strong>parati,</strong></span> <span class='ocrx_word' id='word_1_479' title='bbox 3020 620 3141 692; x_wconf 82' lang='lat' dir='ltr'><strong>quia</strong></span> <span class='ocrx_word' id='word_1_480' title='bbox 3188 622 3412 686; x_wconf 44' lang='lat' dir='ltr'><strong>nescitis.</strong></span> <span class='ocrx_word' id='word_1_481' title='bbox 3452 639 3552 698; x_wconf 86' lang='lat' dir='ltr'><strong>qua</strong></span> <span class='ocrx_word' id='word_1_482' title='bbox 3600 623 3770 687; x_wconf 73' lang='lat' dir='ltr'><strong>bora‘</strong></span> 
     </span>
    </p>
   </div>
   <div class='ocr_carea' id='block_1_64' title="bbox 2183 705 3780 788">
    <p class='ocr_par' dir='ltr' id='par_1_64' title="bbox 2183 705 3780 788">
     <span class='ocr_line' id='line_1_64' title="bbox 2183 705 3780 788; baseline 0.011 -28"><span class='ocrx_word' id='word_1_483' title='bbox 2183 705 2348 764; x_wconf 86' lang='lat' dir='ltr'><strong>Filius</strong></span> <span class='ocrx_word' id='word_1_484' title='bbox 2392 708 2620 780; x_wconf 84' lang='lat' dir='ltr'><strong>hominis</strong></span> <span class='ocrx_word' id='word_1_485' title='bbox 2665 719 2918 780; x_wconf 82' lang='lat' dir='ltr'><strong>venturus</strong></span> <span class='ocrx_word' id='word_1_486' title='bbox 2959 719 3062 768; x_wconf 89' lang='lat' dir='ltr'><strong>est.</strong></span> <span class='ocrx_word' id='word_1_487' title='bbox 3103 711 3232 781; x_wconf 83' lang='lat' dir='ltr'><strong>Quis</strong></span> <span class='ocrx_word' id='word_1_488' title='bbox 3271 724 3422 788; x_wconf 83' lang='lat' dir='ltr'><strong>putas</strong></span> <span class='ocrx_word' id='word_1_489' title='bbox 3471 726 3554 774; x_wconf 84' lang='lat' dir='ltr'><strong>est</strong></span> <span class='ocrx_word' id='word_1_490' title='bbox 3598 715 3780 778; x_wconf 74' lang='lat' dir='ltr'><strong>ﬁdelis</strong></span> 
     </span>
    </p>
   </div>
   <div class='ocr_carea' id='block_1_65' title="bbox 2184 801 3774 880">
    <p class='ocr_par' dir='ltr' id='par_1_65' title="bbox 2184 801 3774 880">
     <span class='ocr_line' id='line_1_65' title="bbox 2184 801 3774 880; baseline 0.006 -24"><span class='ocrx_word' id='word_1_491' title='bbox 2184 813 2370 856; x_wconf 88' lang='lat' dir='ltr'><strong>servus</strong></span> <span class='ocrx_word' id='word_1_492' title='bbox 2387 810 2438 856; x_wconf 91' lang='lat' dir='ltr'><strong>et</strong></span> <span class='ocrx_word' id='word_1_493' title='bbox 2463 801 2713 872; x_wconf 88' lang='lat' dir='ltr'><strong>prudens,</strong></span> <span class='ocrx_word' id='word_1_494' title='bbox 2737 818 2895 876; x_wconf 89' lang='lat' dir='ltr'><strong>quem</strong></span> <span class='ocrx_word' id='word_1_495' title='bbox 2929 804 3206 868; x_wconf 84' lang='lat' dir='ltr'><strong>constituit</strong></span> <span class='ocrx_word' id='word_1_496' title='bbox 3245 804 3506 862; x_wconf 88' lang='lat' dir='ltr'><strong>Dominus</strong></span> <span class='ocrx_word' id='word_1_497' title='bbox 3529 822 3658 874; x_wconf 79' lang='lat' dir='ltr'><strong>suus</strong></span> <span class='ocrx_word' id='word_1_498' title='bbox 3681 823 3774 880; x_wconf 83' lang='lat' dir='ltr'><strong>su-</strong></span> 
     </span>
    </p>
   </div>
   <div class='ocr_carea' id='block_1_66' title="bbox 2183 893 3782 975">
    <p class='ocr_par' dir='ltr' id='par_1_66' title="bbox 2183 893 3782 975">
     <span class='ocr_line' id='line_1_66' title="bbox 2183 893 3782 975; baseline 0.007 -28"><span class='ocrx_word' id='word_1_499' title='bbox 2183 907 2277 962; x_wconf 86' lang='lat' dir='ltr'><strong>pra</strong></span> <span class='ocrx_word' id='word_1_500' title='bbox 2304 893 2554 954; x_wconf 83' lang='lat' dir='ltr'><strong>familiam</strong></span> <span class='ocrx_word' id='word_1_501' title='bbox 2583 909 2756 960; x_wconf 85' lang='lat' dir='ltr'><strong>suam,</strong></span> <span class='ocrx_word' id='word_1_502' title='bbox 2797 903 2853 954; x_wconf 90' lang='lat' dir='ltr'><strong>ut</strong></span> <span class='ocrx_word' id='word_1_503' title='bbox 2899 895 2990 952; x_wconf 91' lang='lat' dir='ltr'><strong>det</strong></span> <span class='ocrx_word' id='word_1_504' title='bbox 3037 897 3140 954; x_wconf 87' lang='lat' dir='ltr'><strong>illis</strong></span> <span class='ocrx_word' id='word_1_505' title='bbox 3176 897 3353 966; x_wconf 82' lang='lat' dir='ltr'><strong>cibum</strong></span> <span class='ocrx_word' id='word_1_506' title='bbox 3393 899 3782 975; x_wconf 58' lang='lat' dir='ltr'><strong>intempqrel</strong></span> 
     </span>
    </p>
   </div>
   <div class='ocr_carea' id='block_1_67' title="bbox 2185 983 3767 1064">
    <p class='ocr_par' dir='ltr' id='par_1_67' title="bbox 2185 983 3767 1064">
     <span class='ocr_line' id='line_1_67' title="bbox 2185 983 3767 1064; baseline 0.006 -26"><span class='ocrx_word' id='word_1_507' title='bbox 2185 983 2376 1052; x_wconf 86' lang='lat' dir='ltr'><strong>Beatus</strong></span> <span class='ocrx_word' id='word_1_508' title='bbox 2407 985 2492 1040; x_wconf 91' lang='lat' dir='ltr'><strong>ille</strong></span> <span class='ocrx_word' id='word_1_509' title='bbox 2518 1000 2722 1052; x_wconf 90' lang='lat' dir='ltr'><strong>servus,</strong></span> <span class='ocrx_word' id='word_1_510' title='bbox 2747 1001 2906 1056; x_wconf 83' lang='lat' dir='ltr'><strong>quem</strong></span> <span class='ocrx_word' id='word_1_511' title='bbox 2942 1001 3062 1044; x_wconf 92' lang='lat' dir='ltr'><strong>cum</strong></span> <span class='ocrx_word' id='word_1_512' title='bbox 3096 990 3304 1046; x_wconf 89' lang='lat' dir='ltr'><strong>venerit</strong></span> <span class='ocrx_word' id='word_1_513' title='bbox 3341 991 3590 1052; x_wconf 82' lang='lat' dir='ltr'><strong>dominus</strong></span> <span class='ocrx_word' id='word_1_514' title='bbox 3628 996 3767 1064; x_wconf 81' lang='lat' dir='ltr'><strong>ejus,</strong></span> 
     </span>
    </p>
   </div>
   <div class='ocr_carea' id='block_1_68' title="bbox 2184 1075 3782 1158">
    <p class='ocr_par' dir='ltr' id='par_1_68' title="bbox 2184 1075 3782 1158">
     <span class='ocr_line' id='line_1_68' title="bbox 2184 1075 3782 1158; baseline 0.008 -28"><span class='ocrx_word' id='word_1_515' title='bbox 2184 1075 2448 1135; x_wconf 85' lang='lat' dir='ltr'><strong>invenerit</strong></span> <span class='ocrx_word' id='word_1_516' title='bbox 2491 1078 2569 1138; x_wconf 85' lang='lat' dir='ltr'><strong>sic</strong></span> <span class='ocrx_word' id='word_1_517' title='bbox 2611 1078 2913 1142; x_wconf 76' lang='lat' dir='ltr'><strong>facientem.</strong></span> <span class='ocrx_word' id='word_1_518' title='bbox 2952 1081 3124 1148; x_wconf 83' lang='lat' dir='ltr'><strong>Amen</strong></span> <span class='ocrx_word' id='word_1_519' title='bbox 3165 1082 3285 1140; x_wconf 92' lang='lat' dir='ltr'><strong>dico</strong></span> <span class='ocrx_word' id='word_1_520' title='bbox 3310 1085 3481 1153; x_wconf 85' lang='lat' dir='ltr'><strong>vobis,</strong></span> <span class='ocrx_word' id='word_1_521' title='bbox 3515 1090 3782 1158; x_wconf 71' lang='lat' dir='ltr'><strong>quoniam,</strong></span> 
     </span>
    </p>
   </div>
   <div class='ocr_carea' id='block_1_69' title="bbox 2183 1170 3784 1250">
    <p class='ocr_par' dir='ltr' id='par_1_69' title="bbox 2183 1170 3784 1250">
     <span class='ocr_line' id='line_1_69' title="bbox 2183 1170 3784 1250; baseline 0.009 -26"><span class='ocrx_word' id='word_1_522' title='bbox 2183 1184 2345 1240; x_wconf 85' lang='lat' dir='ltr'><strong>super</strong></span> <span class='ocrx_word' id='word_1_523' title='bbox 2369 1171 2545 1238; x_wconf 80' lang='lat' dir='ltr'><strong>omnia</strong></span> <span class='ocrx_word' id='word_1_524' title='bbox 2570 1170 2706 1228; x_wconf 87' lang='lat' dir='ltr'><strong>bona</strong></span> <span class='ocrx_word' id='word_1_525' title='bbox 2728 1186 2823 1232; x_wconf 83' lang='lat' dir='ltr'><strong>Sua</strong></span> <span class='ocrx_word' id='word_1_526' title='bbox 2853 1173 3142 1238; x_wconf 80' lang='lat' dir='ltr'><strong>constituet</strong></span> <span class='ocrx_word' id='word_1_527' title='bbox 3169 1191 3314 1240; x_wconf 86' lang='lat' dir='ltr'><strong>eum.</strong></span> <span class='ocrx_word' id='word_1_528' title='bbox 3335 1177 3391 1234; x_wconf 82' lang='lat' dir='ltr'><strong>Si</strong></span> <span class='ocrx_word' id='word_1_529' title='bbox 3411 1189 3587 1248; x_wconf 82' lang='lat' dir='ltr'><strong>autem</strong></span> <span class='ocrx_word' id='word_1_530' title='bbox 3617 1181 3784 1250; x_wconf 51' lang='lat' dir='ltr'><strong>dixe:</strong></span> 
     </span>
    </p>
   </div>
   <div class='ocr_carea' id='block_1_70' title="bbox 2183 1260 3780 1344">
    <p class='ocr_par' dir='ltr' id='par_1_70' title="bbox 2183 1260 3780 1344">
     <span class='ocr_line' id='line_1_70' title="bbox 2183 1260 3780 1344; baseline 0.009 -29"><span class='ocrx_word' id='word_1_531' title='bbox 2183 1260 2251 1332; x_wconf 76' lang='lat' dir='ltr'><strong>rit</strong></span> <span class='ocrx_word' id='word_1_532' title='bbox 2276 1261 2446 1324; x_wconf 86' lang='lat' dir='ltr'><strong>malus</strong></span> <span class='ocrx_word' id='word_1_533' title='bbox 2472 1277 2659 1328; x_wconf 81' lang='lat' dir='ltr'><strong>servus</strong></span> <span class='ocrx_word' id='word_1_534' title='bbox 2689 1263 2779 1322; x_wconf 89' lang='lat' dir='ltr'><strong>ille</strong></span> <span class='ocrx_word' id='word_1_535' title='bbox 2801 1264 2854 1319; x_wconf 93' lang='lat' dir='ltr'><strong>in</strong></span> <span class='ocrx_word' id='word_1_536' title='bbox 2881 1265 3045 1324; x_wconf 81' lang='lat' dir='ltr'><strong>corde</strong></span> <span class='ocrx_word' id='word_1_537' title='bbox 3063 1283 3182 1336; x_wconf 88' lang='lat' dir='ltr'><strong>suo,</strong></span> <span class='ocrx_word' id='word_1_538' title='bbox 3204 1269 3404 1344; x_wconf 83' lang='lat' dir='ltr'><strong>Moram</strong></span> <span class='ocrx_word' id='word_1_539' title='bbox 3431 1271 3564 1342; x_wconf 78' lang='lat' dir='ltr'><strong>facit,</strong></span> <span class='ocrx_word' id='word_1_540' title='bbox 3590 1274 3780 1342; x_wconf 61' lang='lat' dir='ltr'><strong>Domi;</strong></span> 
     </span>
    </p>
   </div>
   <div class='ocr_carea' id='block_1_71' title="bbox 2184 1354 3773 1436">
    <p class='ocr_par' dir='ltr' id='par_1_71' title="bbox 2184 1354 3773 1436">
     <span class='ocr_line' id='line_1_71' title="bbox 2184 1354 3773 1436; baseline 0.011 -32"><span class='ocrx_word' id='word_1_541' title='bbox 2184 1367 2286 1414; x_wconf 89' lang='lat' dir='ltr'><strong>nus</strong></span> <span class='ocrx_word' id='word_1_542' title='bbox 2305 1368 2453 1422; x_wconf 84' lang='lat' dir='ltr'><strong>meus</strong></span> <span class='ocrx_word' id='word_1_543' title='bbox 2473 1354 2686 1424; x_wconf 79' lang='lat' dir='ltr'><strong>venire;</strong></span> <span class='ocrx_word' id='word_1_544' title='bbox 2709 1364 2764 1411; x_wconf 90' lang='lat' dir='ltr'><strong>et</strong></span> <span class='ocrx_word' id='word_1_545' title='bbox 2777 1359 3004 1426; x_wconf 76' lang='lat' dir='ltr'><strong>cmperit</strong></span> <span class='ocrx_word' id='word_1_546' title='bbox 3020 1369 3297 1429; x_wconf 87' lang='lat' dir='ltr'><strong>percutere</strong></span> <span class='ocrx_word' id='word_1_547' title='bbox 3312 1377 3603 1426; x_wconf 81' lang='lat' dir='ltr'><strong>conservos</strong></span> <span class='ocrx_word' id='word_1_548' title='bbox 3621 1380 3773 1436; x_wconf 63' lang='lat' dir='ltr'><strong>sues,</strong></span> 
     </span>
    </p>
   </div>
   <div class='ocr_carea' id='block_1_72' title="bbox 2182 1445 3787 1528">
    <p class='ocr_par' dir='ltr' id='par_1_72' title="bbox 2182 1445 3787 1528">
     <span class='ocr_line' id='line_1_72' title="bbox 2182 1445 3787 1528; baseline 0.008 -29"><span class='ocrx_word' id='word_1_549' title='bbox 2182 1445 2465 1502; x_wconf 90' lang='lat' dir='ltr'><strong>manducet</strong></span> <span class='ocrx_word' id='word_1_550' title='bbox 2485 1457 2665 1516; x_wconf 66' lang='lat' dir='ltr'><strong>autem~</strong></span> <span class='ocrx_word' id='word_1_551' title='bbox 2684 1457 2739 1504; x_wconf 91' lang='lat' dir='ltr'><strong>et</strong></span> <span class='ocrx_word' id='word_1_552' title='bbox 2757 1448 2909 1512; x_wconf 86' lang='lat' dir='ltr'><strong>bibat</strong></span> <span class='ocrx_word' id='word_1_553' title='bbox 2937 1465 3058 1528; x_wconf 71' lang='lat' dir='ltr'><strong>cum</strong></span> <span class='ocrx_word' id='word_1_554' title='bbox 3106 1452 3269 1508; x_wconf 82' lang='lat' dir='ltr'><strong>ebriis</strong></span> <span class='ocrx_word' id='word_1_555' title='bbox 3287 1455 3498 1528; x_wconf 24' lang='lat' dir='ltr'><strong>:‘veniet</strong></span> <span class='ocrx_word' id='word_1_556' title='bbox 3520 1456 3787 1524; x_wconf 72' lang='lat' dir='ltr'><strong>dominus.</strong></span> 
     </span>
    </p>
   </div>
   <div class='ocr_carea' id='block_1_73' title="bbox 2182 1535 3786 1620">
    <p class='ocr_par' dir='ltr' id='par_1_73' title="bbox 2182 1535 3786 1620">
     <span class='ocr_line' id='line_1_73' title="bbox 2182 1535 3786 1620; baseline 0.009 -28"><span class='ocrx_word' id='word_1_557' title='bbox 2182 1536 2322 1592; x_wconf 90' lang='lat' dir='ltr'><strong>servi</strong></span> <span class='ocrx_word' id='word_1_558' title='bbox 2350 1535 2491 1603; x_wconf 78' lang='lat' dir='ltr'><strong>illius</strong></span> <span class='ocrx_word' id='word_1_559' title='bbox 2515 1537 2568 1594; x_wconf 89' lang='lat' dir='ltr'><strong>in</strong></span> <span class='ocrx_word' id='word_1_560' title='bbox 2593 1537 2681 1596; x_wconf 90' lang='lat' dir='ltr'><strong>die</strong></span> <span class='ocrx_word' id='word_1_561' title='bbox 2703 1555 2805 1609; x_wconf 88' lang='lat' dir='ltr'><strong>qua</strong></span> <span class='ocrx_word' id='word_1_562' title='bbox 2831 1552 3159 1616; x_wconf 31' lang='lat' dir='ltr'><strong>noulspcrat,</strong></span> <span class='ocrx_word' id='word_1_563' title='bbox 3183 1544 3384 1616; x_wconf 79' lang='lat' dir='ltr'><strong>ethera</strong></span> <span class='ocrx_word' id='word_1_564' title='bbox 3405 1560 3508 1620; x_wconf 86' lang='lat' dir='ltr'><strong>qua</strong></span> <span class='ocrx_word' id='word_1_565' title='bbox 3529 1547 3740 1618; x_wconf 76' lang='lat' dir='ltr'><strong>ignorat</strong></span> <span class='ocrx_word' id='word_1_566' title='bbox 3755 1565 3786 1620; x_wconf 61' lang='grc' dir='ltr'><strong>ξε</strong></span> 
     </span>
    </p>
   </div>
   <div class='ocr_carea' id='block_1_74' title="bbox 2180 1627 3786 1715">
    <p class='ocr_par' dir='ltr' id='par_1_74' title="bbox 2180 1627 3786 1715">
     <span class='ocr_line' id='line_1_74' title="bbox 2180 1627 3786 1715; baseline 0.009 -31"><span class='ocrx_word' id='word_1_567' title='bbox 2180 1635 2235 1684; x_wconf 90' lang='lat' dir='ltr'><strong>et</strong></span> <span class='ocrx_word' id='word_1_568' title='bbox 2262 1627 2460 1685; x_wconf 87' lang='lat' dir='ltr'><strong>dividet</strong></span> <span class='ocrx_word' id='word_1_569' title='bbox 2484 1646 2628 1699; x_wconf 87' lang='lat' dir='ltr'><strong>eum,</strong></span> <span class='ocrx_word' id='word_1_570' title='bbox 2651 1641 2968 1710; x_wconf 71' lang='lat' dir='ltr'><strong>partemque</strong></span> <span class='ocrx_word' id='word_1_571' title='bbox 2980 1634 3276 1715; x_wconf 60' lang='lat' dir='ltr'><strong>ejuspouct</strong></span> <span class='ocrx_word' id='word_1_572' title='bbox 3297 1651 3418 1698; x_wconf 84' lang='lat' dir='ltr'><strong>cum</strong></span> <span class='ocrx_word' id='word_1_573' title='bbox 3440 1637 3736 1712; x_wconf 74' lang='lat' dir='ltr'><strong>bypocritis</strong></span> <span class='ocrx_word' id='word_1_574' title='bbox 3753 1657 3786 1698; x_wconf 87' lang='lat'><strong>:.</strong></span> 
     </span>
    </p>
   </div>
   <div class='ocr_carea' id='block_1_75' title="bbox 2181 1719 3181 1801">
    <p class='ocr_par' dir='ltr' id='par_1_75' title="bbox 2181 1719 3181 1801">
     <span class='ocr_line' id='line_1_75' title="bbox 2181 1719 3181 1801; baseline 0.009 -28"><span class='ocrx_word' id='word_1_575' title='bbox 2181 1719 2290 1801; x_wconf 81' lang='lat' dir='ltr'><strong>illic</strong></span> <span class='ocrx_word' id='word_1_576' title='bbox 2315 1721 2416 1776; x_wconf 91' lang='lat' dir='ltr'><strong>erit</strong></span> <span class='ocrx_word' id='word_1_577' title='bbox 2437 1720 2593 1789; x_wconf 81' lang='lat' dir='ltr'><strong>ﬂetus</strong></span> <span class='ocrx_word' id='word_1_578' title='bbox 2616 1733 2670 1782; x_wconf 82' lang='lat' dir='ltr'><strong>et</strong></span> <span class='ocrx_word' id='word_1_579' title='bbox 2698 1725 2898 1796; x_wconf 81' lang='lat' dir='ltr'><strong>stridor</strong></span> <span class='ocrx_word' id='word_1_580' title='bbox 2922 1726 3181 1794; x_wconf 85' lang='lat' dir='ltr'><strong>dentium.</strong></span> 
     </span>
    </p>
   </div>
   <div class='ocr_carea' id='block_1_76' title="bbox 2253 1810 3775 1896">
    <p class='ocr_par' dir='ltr' id='par_1_76' title="bbox 2253 1810 3775 1896">
     <span class='ocr_line' id='line_1_76' title="bbox 2253 1810 3775 1896; baseline 0.012 -31"><span class='ocrx_word' id='word_1_581' title='bbox 2253 1810 2321 1865; x_wconf 83' lang='lat' dir='ltr'><strong>Et</strong></span> <span class='ocrx_word' id='word_1_582' title='bbox 2349 1822 2460 1884; x_wconf 82' lang='lat' dir='ltr'><strong>post</strong></span> <span class='ocrx_word' id='word_1_583' title='bbox 2488 1812 2758 1888; x_wconf 74' lang='lat' dir='ltr'><strong>paululum</strong></span> <span class='ocrx_word' id='word_1_584' title='bbox 2784 1814 2991 1894; x_wconf 45' lang='lat' dir='ltr'><strong>[n.v.}:</strong></span> <span class='ocrx_word' id='word_1_585' title='bbox 3017 1817 3250 1896; x_wconf 68' lang='lat' dir='ltr'><strong>Vigilate</strong></span> <span class='ocrx_word' id='word_1_586' title='bbox 3271 1820 3484 1891; x_wconf 71' lang='lat' dir='ltr'><strong>itaque,</strong></span> <span class='ocrx_word' id='word_1_587' title='bbox 3504 1824 3634 1893; x_wconf 82' lang='lat' dir='ltr'><strong>quia</strong></span> <span class='ocrx_word' id='word_1_588' title='bbox 3665 1840 3775 1891; x_wconf 83' lang='lat' dir='ltr'><strong>ne-_</strong></span> 
     </span>
    </p>
   </div>
   <div class='ocr_carea' id='block_1_77' title="bbox 2180 1903 3789 1985">
    <p class='ocr_par' dir='ltr' id='par_1_77' title="bbox 2180 1903 3789 1985">
     <span class='ocr_line' id='line_1_77' title="bbox 2180 1903 3789 1985; baseline 0.011 -29"><span class='ocrx_word' id='word_1_589' title='bbox 2180 1903 2329 1975; x_wconf 87' lang='lat' dir='ltr'><strong>scitis</strong></span> <span class='ocrx_word' id='word_1_590' title='bbox 2352 1903 2492 1962; x_wconf 86' lang='lat' dir='ltr'><strong>diem</strong></span> <span class='ocrx_word' id='word_1_591' title='bbox 2533 1921 2704 1979; x_wconf 85' lang='lat' dir='ltr'><strong>neque</strong></span> <span class='ocrx_word' id='word_1_592' title='bbox 2745 1907 2952 1982; x_wconf 79' lang='lat' dir='ltr'><strong>horam.</strong></span> <span class='ocrx_word' id='word_1_593' title='bbox 2987 1907 3130 1985; x_wconf 40' lang='lat' dir='ltr'><strong>Item,</strong></span> <span class='ocrx_word' id='word_1_594' title='bbox 3158 1922 3272 1984; x_wconf 67' lang='lat' dir='ltr'><strong>post</strong></span> <span class='ocrx_word' id='word_1_595' title='bbox 3312 1915 3789 1984; x_wconf 69' lang='grc' dir='ltr'><strong>ρωιιυιωηε-ςυω.</strong></span> 
     </span>
    </p>
   </div>
   <div class='ocr_carea' id='block_1_78' title="bbox 2180 2000 3789 2076">
    <p class='ocr_par' dir='ltr' id='par_1_78' title="bbox 2180 2000 3789 2076">
     <span class='ocr_line' id='line_1_78' title="bbox 2180 2000 3789 2076; baseline 0.01 -25"><span class='ocrx_word' id='word_1_596' title='bbox 2180 2005 2358 2052; x_wconf 88' lang='lat' dir='ltr'><strong>autem</strong></span> <span class='ocrx_word' id='word_1_597' title='bbox 2411 2000 2620 2056; x_wconf 89' lang='lat' dir='ltr'><strong>venerit</strong></span> <span class='ocrx_word' id='word_1_598' title='bbox 2663 2000 2803 2059; x_wconf 72' lang='lat' dir='ltr'><strong>illius</strong></span> <span class='ocrx_word' id='word_1_599' title='bbox 2846 2001 3077 2074; x_wconf 80' lang='lat' dir='ltr'><strong>hominis</strong></span> <span class='ocrx_word' id='word_1_600' title='bbox 3126 2004 3182 2060; x_wconf 89' lang='lat' dir='ltr'><strong>in</strong></span> <span class='ocrx_word' id='word_1_601' title='bbox 3224 2005 3502 2076; x_wconf 73' lang='lat' dir='ltr'><strong>majestate</strong></span> <span class='ocrx_word' id='word_1_602' title='bbox 3546 2024 3662 2076; x_wconf 83' lang='lat' dir='ltr'><strong>sua,</strong></span> <span class='ocrx_word' id='word_1_603' title='bbox 3719 2019 3789 2071; x_wconf 82' lang='lat' dir='ltr'><strong>et.</strong></span> 
     </span>
    </p>
   </div>
   <div class='ocr_carea' id='block_1_79' title="bbox 2180 2090 3776 2170">
    <p class='ocr_par' dir='ltr' id='par_1_79' title="bbox 2180 2090 3776 2170">
     <span class='ocr_line' id='line_1_79' title="bbox 2180 2090 3776 2170; baseline 0.012 -28"><span class='ocrx_word' id='word_1_604' title='bbox 2180 2103 2372 2157; x_wconf 89' lang='lat' dir='ltr'><strong>omnes</strong></span> <span class='ocrx_word' id='word_1_605' title='bbox 2396 2090 2581 2162; x_wconf 81' lang='lat' dir='ltr'><strong>Angeli</strong></span> <span class='ocrx_word' id='word_1_606' title='bbox 2604 2107 2727 2150; x_wconf 91' lang='lat' dir='ltr'><strong>cum</strong></span> <span class='ocrx_word' id='word_1_607' title='bbox 2756 2108 2858 2160; x_wconf 81' lang='lat' dir='ltr'><strong>eo;</strong></span> <span class='ocrx_word' id='word_1_608' title='bbox 2881 2102 3006 2168; x_wconf 77' lang='lat' dir='ltr'><strong>tunc</strong></span> <span class='ocrx_word' id='word_1_609' title='bbox 3031 2095 3239 2161; x_wconf 80' lang='lat' dir='ltr'><strong>sedebit</strong></span> <span class='ocrx_word' id='word_1_610' title='bbox 3263 2114 3426 2170; x_wconf 86' lang='lat' dir='ltr'><strong>super</strong></span> <span class='ocrx_word' id='word_1_611' title='bbox 3453 2100 3636 2162; x_wconf 83' lang='lat' dir='ltr'><strong>sedem</strong></span> <span class='ocrx_word' id='word_1_612' title='bbox 3658 2119 3776 2160; x_wconf 88' lang='lat' dir='ltr'><strong>ma-</strong></span> 
     </span>
    </p>
   </div>
   <div class='ocr_carea' id='block_1_80' title="bbox 2175 2179 3812 2273">
    <p class='ocr_par' dir='ltr' id='par_1_80' title="bbox 2175 2179 3812 2273">
     <span class='ocr_line' id='line_1_80' title="bbox 2175 2179 3812 2273; baseline 0.01 -36"><span class='ocrx_word' id='word_1_613' title='bbox 2175 2179 2388 2256; x_wconf 76' lang='lat' dir='ltr'><strong>iestatis</strong></span> <span class='ocrx_word' id='word_1_614' title='bbox 2406 2199 2538 2252; x_wconf 73' lang='lat' dir='ltr'><strong>sum,</strong></span> <span class='ocrx_word' id='word_1_615' title='bbox 2570 2191 2624 2240; x_wconf 90' lang='lat' dir='ltr'><strong>et</strong></span> <span class='ocrx_word' id='word_1_616' title='bbox 2647 2188 3120 2260; x_wconf 61' lang='lat' dir='ltr'><strong>congregabantur,</strong></span> <span class='ocrx_word' id='word_1_617' title='bbox 3131 2199 3268 2258; x_wconf 70' lang='lat' dir='ltr'><strong>ante,</strong></span> <span class='ocrx_word' id='word_1_618' title='bbox 3283 2206 3416 2252; x_wconf 64' lang='lat' dir='ltr'><strong>eum,</strong></span> <span class='ocrx_word' id='word_1_619' title='bbox 3428 2207 3619 2258; x_wconf 81' lang='lat' dir='ltr'><strong>omnes</strong></span> <span class='ocrx_word' id='word_1_620' title='bbox 3636 2209 3775 2264; x_wconf 72' lang='lat' dir='ltr'><strong>gen.-</strong></span> <span class='ocrx_word' id='word_1_621' title='bbox 3797 2263 3812 2273; x_wconf 41' lang='lat'><em>.</em></span> 
     </span>
    </p>
   </div>
   <div class='ocr_carea' id='block_1_81' title="bbox 2181 2276 3774 2359">
    <p class='ocr_par' dir='ltr' id='par_1_81' title="bbox 2181 2276 3774 2359">
     <span class='ocr_line' id='line_1_81' title="bbox 2181 2276 3774 2359; baseline 0.011 -27"><span class='ocrx_word' id='word_1_622' title='bbox 2181 2281 2286 2341; x_wconf 81' lang='lat' dir='ltr'><strong>tes,</strong></span> <span class='ocrx_word' id='word_1_623' title='bbox 2321 2283 2376 2330; x_wconf 93' lang='lat' dir='ltr'><strong>ct</strong></span> <span class='ocrx_word' id='word_1_624' title='bbox 2417 2276 2687 2345; x_wconf 86' lang='lat' dir='ltr'><strong>separabit</strong></span> <span class='ocrx_word' id='word_1_625' title='bbox 2713 2279 2908 2346; x_wconf 83' lang='lat' dir='ltr'><strong>eosab</strong></span> <span class='ocrx_word' id='word_1_626' title='bbox 2939 2280 3187 2352; x_wconf 75' lang='lat' dir='ltr'><strong>invicem,</strong></span> <span class='ocrx_word' id='word_1_627' title='bbox 3221 2284 3354 2340; x_wconf 82' lang='lat' dir='ltr'><strong>sicut</strong></span> <span class='ocrx_word' id='word_1_628' title='bbox 3386 2293 3570 2354; x_wconf 82' lang='lat' dir='ltr'><strong>pastor.</strong></span> <span class='ocrx_word' id='word_1_629' title='bbox 3585 2304 3774 2359; x_wconf 66' lang='lat' dir='ltr'><strong>segni.-</strong></span> 
     </span>
    </p>
   </div>
   <div class='ocr_carea' id='block_1_82' title="bbox 2179 2368 3789 2446">
    <p class='ocr_par' dir='ltr' id='par_1_82' title="bbox 2179 2368 3789 2446">
     <span class='ocr_line' id='line_1_82' title="bbox 2179 2368 3789 2446; baseline 0.013 -27"><span class='ocrx_word' id='word_1_630' title='bbox 2179 2375 2271 2435; x_wconf 78' lang='lat' dir='ltr'><strong>gat</strong></span> <span class='ocrx_word' id='word_1_631' title='bbox 2299 2381 2426 2423; x_wconf 89' lang='lat' dir='ltr'><strong>oves</strong></span> <span class='ocrx_word' id='word_1_632' title='bbox 2451 2368 2520 2423; x_wconf 88' lang='lat' dir='ltr'><strong>ab</strong></span> <span class='ocrx_word' id='word_1_633' title='bbox 2555 2369 2759 2435; x_wconf 67' lang='lat' dir='ltr'><strong>haedis;</strong></span> <span class='ocrx_word' id='word_1_634' title='bbox 2788 2380 2840 2427; x_wconf 84' lang='lat' dir='ltr'><strong>et</strong></span> <span class='ocrx_word' id='word_1_635' title='bbox 2866 2380 3070 2436; x_wconf 76' lang='lat' dir='ltr'><strong>statuet</strong></span> <span class='ocrx_word' id='word_1_636' title='bbox 3104 2389 3234 2434; x_wconf 75' lang='lat' dir='ltr'><strong>oves</strong></span> <span class='ocrx_word' id='word_1_637' title='bbox 3271 2377 3487 2446; x_wconf 87' lang='lat' dir='ltr'><strong>quidem</strong></span> <span class='ocrx_word' id='word_1_638' title='bbox 3509 2395 3544 2435; x_wconf 84' lang='lat' dir='ltr'><strong>a</strong></span> <span class='ocrx_word' id='word_1_639' title='bbox 3568 2381 3789 2443; x_wconf 65' lang='lat' dir='ltr'><strong>thuris.</strong></span> 
     </span>
    </p>
   </div>
   <div class='ocr_carea' id='block_1_83' title="bbox 2181 2457 3792 2544">
    <p class='ocr_par' dir='ltr' id='par_1_83' title="bbox 2181 2457 3792 2544">
     <span class='ocr_line' id='line_1_83' title="bbox 2181 2457 3792 2544; baseline 0.011 -33"><span class='ocrx_word' id='word_1_640' title='bbox 2181 2458 2312 2526; x_wconf 88' lang='lat' dir='ltr'><strong>suis,</strong></span> <span class='ocrx_word' id='word_1_641' title='bbox 2342 2457 2527 2514; x_wconf 67' lang='lat' dir='ltr'><strong>hmdos</strong></span> <span class='ocrx_word' id='word_1_642' title='bbox 2555 2469 2733 2518; x_wconf 87' lang='lat' dir='ltr'><strong>autem</strong></span> <span class='ocrx_word' id='word_1_643' title='bbox 2766 2477 2806 2526; x_wconf 51' lang='lat' dir='ltr'><strong>a,</strong></span> <span class='ocrx_word' id='word_1_644' title='bbox 2821 2463 3071 2528; x_wconf 79' lang='lat' dir='ltr'><strong>sinistris.</strong></span> <span class='ocrx_word' id='word_1_645' title='bbox 3100 2465 3248 2538; x_wconf 81' lang='lat' dir='ltr'><strong>Tune</strong></span> <span class='ocrx_word' id='word_1_646' title='bbox 3273 2467 3422 2536; x_wconf 80' lang='lat' dir='ltr'><strong>dicet</strong></span> <span class='ocrx_word' id='word_1_647' title='bbox 3448 2486 3544 2528; x_wconf 75' lang='lat' dir='ltr'><strong>rex</strong></span> <span class='ocrx_word' id='word_1_648' title='bbox 3583 2471 3650 2534; x_wconf 81' lang='lat' dir='ltr'><strong>iis</strong></span> 
     </span>
    </p>
   </div>
   <div class='ocr_carea' id='block_1_84' title="bbox 2178 2547 3770 2631">
    <p class='ocr_par' dir='ltr' id='par_1_84' title="bbox 2178 2547 3770 2631">
     <span class='ocr_line' id='line_1_84' title="bbox 2178 2547 3770 2631; baseline 0.012 -29"><span class='ocrx_word' id='word_1_649' title='bbox 2178 2561 2214 2620; x_wconf 27' lang='lat' dir='ltr'><strong>al</strong></span> <span class='ocrx_word' id='word_1_650' title='bbox 2252 2547 2458 2608; x_wconf 80' lang='lat' dir='ltr'><strong>dextris</strong></span> <span class='ocrx_word' id='word_1_651' title='bbox 2496 2549 2618 2619; x_wconf 84' lang='lat' dir='ltr'><strong>ejus</strong></span> <span class='ocrx_word' id='word_1_652' title='bbox 2647 2553 3077 2624; x_wconf 76' lang='lat' dir='ltr'><strong>erunthenite,</strong></span> <span class='ocrx_word' id='word_1_653' title='bbox 3118 2556 3385 2628; x_wconf 80' lang='lat' dir='ltr'><strong>benedicti</strong></span> <span class='ocrx_word' id='word_1_654' title='bbox 3427 2560 3597 2626; x_wconf 56' lang='lat' dir='ltr'><strong>lintris</strong></span> <span class='ocrx_word' id='word_1_655' title='bbox 3639 2565 3770 2631; x_wconf 82' lang='lat' dir='ltr'><strong>mei,</strong></span> 
     </span>
    </p>
   </div>
   <div class='ocr_carea' id='block_1_85' title="bbox 2178 2640 3778 2734">
    <p class='ocr_par' dir='ltr' id='par_1_85' title="bbox 2178 2640 3778 2734">
     <span class='ocr_line' id='line_1_85' title="bbox 2178 2640 3778 2734; baseline 0.003 -38"><span class='ocrx_word' id='word_1_656' title='bbox 2178 2640 2450 2711; x_wconf 86' lang='lat' dir='ltr'><strong>possidete</strong></span> <span class='ocrx_word' id='word_1_657' title='bbox 2476 2651 2730 2712; x_wconf 81' lang='lat' dir='ltr'><strong>paratum</strong></span> <span class='ocrx_word' id='word_1_658' title='bbox 2922 2662 3148 2718; x_wconf 69' lang='lat' dir='ltr'><strong>regnum</strong></span> <span class='ocrx_word' id='word_1_659' title='bbox 3164 2665 3196 2704; x_wconf 84' lang='lat' dir='ltr'><strong>a</strong></span> <span class='ocrx_word' id='word_1_660' title='bbox 3215 2653 3778 2734; x_wconf 44' lang='lat' dir='ltr'><strong>constitutionem“...</strong></span> 
     </span>
    </p>
   </div>
   <div class='ocr_carea' id='block_1_86' title="bbox 2177 2731 3770 2814">
    <p class='ocr_par' dir='ltr' id='par_1_86' title="bbox 2177 2731 3770 2814">
     <span class='ocr_line' id='line_1_86' title="bbox 2177 2731 3770 2814; baseline 0.011 -28"><span class='ocrx_word' id='word_1_661' title='bbox 2177 2731 2252 2786; x_wconf 91' lang='lat' dir='ltr'><strong>di.</strong></span> <span class='ocrx_word' id='word_1_662' title='bbox 2280 2733 2488 2790; x_wconf 85' lang='lat' dir='ltr'><strong>Esurivi</strong></span> <span class='ocrx_word' id='word_1_663' title='bbox 2517 2734 2698 2814; x_wconf 79' lang='lat' dir='ltr'><strong>enim,</strong></span> <span class='ocrx_word' id='word_1_664' title='bbox 2716 2744 2770 2800; x_wconf 77' lang='lat' dir='ltr'><strong>et</strong></span> <span class='ocrx_word' id='word_1_665' title='bbox 2804 2736 3034 2813; x_wconf 72' lang='lat' dir='ltr'><strong>dedistis</strong></span> <span class='ocrx_word' id='word_1_666' title='bbox 3057 2739 3187 2814; x_wconf 59' lang='lat' dir='ltr'><strong>mihi</strong></span> <span class='ocrx_word' id='word_1_667' title='bbox 3217 2743 3573 2814; x_wconf 68' lang='lat' dir='ltr'><strong>manducare:</strong></span> <span class='ocrx_word' id='word_1_668' title='bbox 3602 2731 3770 2814; x_wconf 74' lang='lat' dir='ltr'><strong>sititti,</strong></span> 
     </span>
    </p>
   </div>
   <div class='ocr_carea' id='block_1_87' title="bbox 2177 2823 3786 2910">
    <p class='ocr_par' dir='ltr' id='par_1_87' title="bbox 2177 2823 3786 2910">
     <span class='ocr_line' id='line_1_87' title="bbox 2177 2823 3786 2910; baseline 0.014 -31"><span class='ocrx_word' id='word_1_669' title='bbox 2177 2830 2233 2879; x_wconf 88' lang='lat' dir='ltr'><strong>et</strong></span> <span class='ocrx_word' id='word_1_670' title='bbox 2254 2823 2475 2882; x_wconf 89' lang='lat' dir='ltr'><strong>dedistis</strong></span> <span class='ocrx_word' id='word_1_671' title='bbox 2518 2825 2654 2881; x_wconf 90' lang='lat' dir='ltr'><strong>mihi</strong></span> <span class='ocrx_word' id='word_1_672' title='bbox 2697 2826 2920 2886; x_wconf 85' lang='lat' dir='ltr'><strong>bibere:</strong></span> <span class='ocrx_word' id='word_1_673' title='bbox 2945 2830 3142 2904; x_wconf 63' lang='lat' dir='ltr'><strong>hospes</strong></span> <span class='ocrx_word' id='word_1_674' title='bbox 3180 2849 3350 2906; x_wconf 67' lang='lat' dir='ltr'><strong>eram,</strong></span> <span class='ocrx_word' id='word_1_675' title='bbox 3389 2846 3452 2904; x_wconf 80' lang='lat' dir='ltr'><strong>et,</strong></span> <span class='ocrx_word' id='word_1_676' title='bbox 3476 2838 3786 2910; x_wconf 62' lang='lat' dir='ltr'><strong>collegistiﬁ.</strong></span> 
     </span>
    </p>
   </div>
   <div class='ocr_carea' id='block_1_88' title="bbox 2176 2916 3772 2998">
    <p class='ocr_par' dir='ltr' id='par_1_88' title="bbox 2176 2916 3772 2998">
     <span class='ocr_line' id='line_1_88' title="bbox 2176 2916 3772 2998; baseline 0.014 -28"><span class='ocrx_word' id='word_1_677' title='bbox 2176 2931 2263 2972; x_wconf 91' lang='lat' dir='ltr'><strong>mc</strong></span> <span class='ocrx_word' id='word_1_678' title='bbox 2286 2916 2514 2985; x_wconf 84' lang='lat' dir='ltr'><strong>:nudus,</strong></span> <span class='ocrx_word' id='word_1_679' title='bbox 2545 2925 2600 2988; x_wconf 80' lang='lat' dir='ltr'><strong>et</strong></span> <span class='ocrx_word' id='word_1_680' title='bbox 2637 2921 2997 2993; x_wconf 79' lang='lat' dir='ltr'><strong>cooperuistis</strong></span> <span class='ocrx_word' id='word_1_681' title='bbox 3039 2940 3157 2982; x_wconf 75' lang='lat' dir='ltr'><strong>me:</strong></span> <span class='ocrx_word' id='word_1_682' title='bbox 3186 2927 3450 2998; x_wconf 78' lang='lat' dir='ltr'><strong>inﬁrmus,</strong></span> <span class='ocrx_word' id='word_1_683' title='bbox 3492 2939 3552 2992; x_wconf 89' lang='lat' dir='ltr'><strong>et.</strong></span> <span class='ocrx_word' id='word_1_684' title='bbox 3579 2933 3772 2994; x_wconf 50' lang='lat' dir='ltr'><strong>visitata</strong></span> 
     </span>
    </p>
   </div>
   <div class='ocr_carea' id='block_1_89' title="bbox 2176 3008 3774 3094">
    <p class='ocr_par' dir='ltr' id='par_1_89' title="bbox 2176 3008 3774 3094">
     <span class='ocr_line' id='line_1_89' title="bbox 2176 3008 3774 3094; baseline 0.014 -33"><span class='ocrx_word' id='word_1_685' title='bbox 2176 3008 2272 3072; x_wconf 84' lang='lat' dir='ltr'><strong>stis</strong></span> <span class='ocrx_word' id='word_1_686' title='bbox 2296 3023 2383 3084; x_wconf 88' lang='lat' dir='ltr'><strong>me</strong></span> <span class='ocrx_word' id='word_1_687' title='bbox 2404 3025 2417 3061; x_wconf 92' lang='lat'><strong>:</strong></span> <span class='ocrx_word' id='word_1_688' title='bbox 2437 3011 2495 3068; x_wconf 88' lang='lat' dir='ltr'><strong>in</strong></span> <span class='ocrx_word' id='word_1_689' title='bbox 2510 3025 2732 3084; x_wconf 83' lang='lat' dir='ltr'><strong>carcere.</strong></span> <span class='ocrx_word' id='word_1_690' title='bbox 2752 3027 2922 3084; x_wconf 82' lang='lat' dir='ltr'><strong>eram,</strong></span> <span class='ocrx_word' id='word_1_691' title='bbox 2950 3023 3006 3072; x_wconf 91' lang='lat' dir='ltr'><strong>et</strong></span> <span class='ocrx_word' id='word_1_692' title='bbox 3029 3018 3252 3088; x_wconf 71' lang='lat' dir='ltr'><strong>venistis.</strong></span> <span class='ocrx_word' id='word_1_693' title='bbox 3275 3020 3344 3078; x_wconf 86' lang='lat' dir='ltr'><strong>ad</strong></span> <span class='ocrx_word' id='word_1_694' title='bbox 3371 3037 3478 3094; x_wconf 71' lang='lat' dir='ltr'><strong>me.</strong></span> <span class='ocrx_word' id='word_1_695' title='bbox 3507 3023 3662 3085; x_wconf 84' lang='lat' dir='ltr'><strong>Tunc</strong></span> <span class='ocrx_word' id='word_1_696' title='bbox 3681 3040 3774 3083; x_wconf 62' lang='lat' dir='ltr'><strong>rae-.-</strong></span> 
     </span>
    </p>
   </div>
   <div class='ocr_carea' id='block_1_90' title="bbox 2175 3101 3770 3186">
    <p class='ocr_par' dir='ltr' id='par_1_90' title="bbox 2175 3101 3770 3186">
     <span class='ocr_line' id='line_1_90' title="bbox 2175 3101 3770 3186; baseline 0.014 -32"><span class='ocrx_word' id='word_1_697' title='bbox 2175 3101 2516 3176; x_wconf 87' lang='lat' dir='ltr'><strong>spondebunt</strong></span> <span class='ocrx_word' id='word_1_698' title='bbox 2540 3104 2589 3160; x_wconf 93' lang='lat' dir='ltr'><strong>ei</strong></span> <span class='ocrx_word' id='word_1_699' title='bbox 2608 3105 2739 3174; x_wconf 82' lang='lat' dir='ltr'><strong>justi</strong></span> <span class='ocrx_word' id='word_1_700' title='bbox 2767 3106 3012 3166; x_wconf 78' lang='lat' dir='ltr'><strong>dicentes</strong></span> <span class='ocrx_word' id='word_1_701' title='bbox 3037 3127 3052 3164; x_wconf 89' lang='lat'><strong>:</strong></span> <span class='ocrx_word' id='word_1_702' title='bbox 3092 3111 3335 3179; x_wconf 79' lang='lat' dir='ltr'><strong>Domine,</strong></span> <span class='ocrx_word' id='word_1_703' title='bbox 3364 3117 3578 3186; x_wconf 85' lang='lat' dir='ltr'><strong>quando</strong></span> <span class='ocrx_word' id='word_1_704' title='bbox 3604 3127 3658 3176; x_wconf 90' lang='lat' dir='ltr'><strong>te</strong></span> <span class='ocrx_word' id='word_1_705' title='bbox 3682 3119 3770 3175; x_wconf 79' lang='lat' dir='ltr'><strong>vi-</strong></span> 
     </span>
    </p>
   </div>
   <div class='ocr_carea' id='block_1_91' title="bbox 2174 3191 3772 3279">
    <p class='ocr_par' dir='ltr' id='par_1_91' title="bbox 2174 3191 3772 3279">
     <span class='ocr_line' id='line_1_91' title="bbox 2174 3191 3772 3279; baseline 0.014 -33"><span class='ocrx_word' id='word_1_706' title='bbox 2174 3191 2350 3248; x_wconf 90' lang='lat' dir='ltr'><strong>dimus</strong></span> <span class='ocrx_word' id='word_1_707' title='bbox 2383 3195 2730 3265; x_wconf 79' lang='lat' dir='ltr'><strong>esurientem,</strong></span> <span class='ocrx_word' id='word_1_708' title='bbox 2759 3207 2822 3270; x_wconf 75' lang='lat' dir='ltr'><strong>et.</strong></span> <span class='ocrx_word' id='word_1_709' title='bbox 2843 3201 3086 3272; x_wconf 72' lang='lat' dir='ltr'><strong>pavitans</strong></span> <span class='ocrx_word' id='word_1_710' title='bbox 3112 3213 3196 3270; x_wconf 89' lang='lat' dir='ltr'><strong>te;</strong></span> <span class='ocrx_word' id='word_1_711' title='bbox 3219 3206 3508 3275; x_wconf 81' lang='lat' dir='ltr'><strong>sitientem.</strong></span> <span class='ocrx_word' id='word_1_712' title='bbox 3536 3219 3593 3279; x_wconf 82' lang='lat' dir='ltr'><strong>et</strong></span> <span class='ocrx_word' id='word_1_713' title='bbox 3617 3211 3772 3268; x_wconf 81' lang='lat' dir='ltr'><strong>dedi.-</strong></span> 
     </span>
    </p>
   </div>
   <div class='ocr_carea' id='block_1_92' title="bbox 2174 3284 3770 3372">
    <p class='ocr_par' dir='ltr' id='par_1_92' title="bbox 2174 3284 3770 3372">
     <span class='ocr_line' id='line_1_92' title="bbox 2174 3284 3770 3372; baseline 0.011 -34"><span class='ocrx_word' id='word_1_714' title='bbox 2174 3299 2294 3339; x_wconf 86' lang='lat' dir='ltr'><strong>mus</strong></span> <span class='ocrx_word' id='word_1_715' title='bbox 2318 3284 2409 3340; x_wconf 88' lang='lat' dir='ltr'><strong>tibi</strong></span> <span class='ocrx_word' id='word_1_716' title='bbox 2439 3295 2618 3354; x_wconf 84' lang='lat' dir='ltr'><strong>potum</strong></span> <span class='ocrx_word' id='word_1_717' title='bbox 2636 3288 2659 3342; x_wconf 89' lang='lat'><strong>?</strong></span> <span class='ocrx_word' id='word_1_718' title='bbox 2677 3289 2902 3356; x_wconf 87' lang='lat' dir='ltr'><strong>Quando</strong></span> <span class='ocrx_word' id='word_1_719' title='bbox 2930 3304 3108 3366; x_wconf 81' lang='lat' dir='ltr'><strong>autem</strong></span> <span class='ocrx_word' id='word_1_720' title='bbox 3139 3306 3194 3352; x_wconf 91' lang='lat' dir='ltr'><strong>te</strong></span> <span class='ocrx_word' id='word_1_721' title='bbox 3220 3298 3451 3358; x_wconf 81' lang='lat' dir='ltr'><strong>vidimus</strong></span> <span class='ocrx_word' id='word_1_722' title='bbox 3474 3299 3770 3372; x_wconf 77' lang='lat' dir='ltr'><strong>hospitem,</strong></span> 
     </span>
    </p>
   </div>
   <div class='ocr_carea' id='block_1_93' title="bbox 2173 3377 3786 3464">
    <p class='ocr_par' dir='ltr' id='par_1_93' title="bbox 2173 3377 3786 3464">
     <span class='ocr_line' id='line_1_93' title="bbox 2173 3377 3786 3464; baseline 0.014 -32"><span class='ocrx_word' id='word_1_723' title='bbox 2173 3385 2229 3432; x_wconf 89' lang='lat' dir='ltr'><strong>et</strong></span> <span class='ocrx_word' id='word_1_724' title='bbox 2273 3377 2588 3452; x_wconf 75' lang='lat' dir='ltr'><strong>collegimus</strong></span> <span class='ocrx_word' id='word_1_725' title='bbox 2623 3390 2709 3443; x_wconf 83' lang='lat' dir='ltr'><strong>te:</strong></span> <span class='ocrx_word' id='word_1_726' title='bbox 2751 3393 2846 3442; x_wconf 86' lang='lat' dir='ltr'><strong>aut</strong></span> <span class='ocrx_word' id='word_1_727' title='bbox 2883 3386 3104 3456; x_wconf 82' lang='lat' dir='ltr'><strong>nudum,</strong></span> <span class='ocrx_word' id='word_1_728' title='bbox 3138 3398 3194 3446; x_wconf 87' lang='lat' dir='ltr'><strong>et</strong></span> <span class='ocrx_word' id='word_1_729' title='bbox 3226 3395 3632 3464; x_wconf 85' lang='lat' dir='ltr'><strong>cooperuimus?</strong></span> <span class='ocrx_word' id='word_1_730' title='bbox 3659 3398 3786 3455; x_wconf 77' lang='lat' dir='ltr'><strong>Aut.</strong></span> 
     </span>
    </p>
   </div>
   <div class='ocr_carea' id='block_1_94' title="bbox 2173 3468 3770 3553">
    <p class='ocr_par' dir='ltr' id='par_1_94' title="bbox 2173 3468 3770 3553">
     <span class='ocr_line' id='line_1_94' title="bbox 2173 3468 3770 3553; baseline 0.017 -34"><span class='ocrx_word' id='word_1_731' title='bbox 2173 3468 2386 3536; x_wconf 83' lang='lat' dir='ltr'><strong>quando</strong></span> <span class='ocrx_word' id='word_1_732' title='bbox 2418 3479 2468 3526; x_wconf 91' lang='lat' dir='ltr'><strong>te</strong></span> <span class='ocrx_word' id='word_1_733' title='bbox 2498 3471 2722 3526; x_wconf 82' lang='lat' dir='ltr'><strong>vidimus</strong></span> <span class='ocrx_word' id='word_1_734' title='bbox 2750 3474 3042 3545; x_wconf 83' lang='lat' dir='ltr'><strong>infirmum,</strong></span> <span class='ocrx_word' id='word_1_735' title='bbox 3075 3487 3169 3535; x_wconf 90' lang='lat' dir='ltr'><strong>aut</strong></span> <span class='ocrx_word' id='word_1_736' title='bbox 3189 3481 3240 3536; x_wconf 92' lang='lat' dir='ltr'><strong>in</strong></span> <span class='ocrx_word' id='word_1_737' title='bbox 3265 3499 3503 3553; x_wconf 86' lang='lat' dir='ltr'><strong>carcere,</strong></span> <span class='ocrx_word' id='word_1_738' title='bbox 3536 3496 3590 3544; x_wconf 90' lang='lat' dir='ltr'><strong>et</strong></span> <span class='ocrx_word' id='word_1_739' title='bbox 3612 3491 3770 3546; x_wconf 86' lang='lat' dir='ltr'><strong>veni.-</strong></span> 
     </span>
    </p>
   </div>
   <div class='ocr_carea' id='block_1_95' title="bbox 2172 3559 3772 3639">
    <p class='ocr_par' dir='ltr' id='par_1_95' title="bbox 2172 3559 3772 3639">
     <span class='ocr_line' id='line_1_95' title="bbox 2172 3559 3772 3639; baseline 0.018 -28"><span class='ocrx_word' id='word_1_740' title='bbox 2172 3572 2296 3614; x_wconf 88' lang='lat' dir='ltr'><strong>mus</strong></span> <span class='ocrx_word' id='word_1_741' title='bbox 2315 3559 2382 3616; x_wconf 88' lang='lat' dir='ltr'><strong>ad</strong></span> <span class='ocrx_word' id='word_1_742' title='bbox 2407 3562 2493 3616; x_wconf 88' lang='lat' dir='ltr'><strong>te?</strong></span> <span class='ocrx_word' id='word_1_743' title='bbox 2533 3563 2598 3617; x_wconf 86' lang='lat' dir='ltr'><strong>Et</strong></span> <span class='ocrx_word' id='word_1_744' title='bbox 2628 3567 2964 3636; x_wconf 75' lang='lat' dir='ltr'><strong>respondens</strong></span> <span class='ocrx_word' id='word_1_745' title='bbox 2987 3585 3100 3637; x_wconf 86' lang='lat' dir='ltr'><strong>rex,</strong></span> <span class='ocrx_word' id='word_1_746' title='bbox 3129 3571 3272 3629; x_wconf 84' lang='lat' dir='ltr'><strong>dicet</strong></span> <span class='ocrx_word' id='word_1_747' title='bbox 3291 3575 3424 3632; x_wconf 89' lang='lat' dir='ltr'><strong>illis:</strong></span> <span class='ocrx_word' id='word_1_748' title='bbox 3449 3578 3620 3636; x_wconf 79' lang='lat' dir='ltr'><strong>Amen</strong></span> <span class='ocrx_word' id='word_1_749' title='bbox 3643 3581 3772 3639; x_wconf 88' lang='lat' dir='ltr'><strong>dico</strong></span> 
     </span>
    </p>
   </div>
   <div class='ocr_carea' id='block_1_96' title="bbox 2171 3653 3771 3736">
    <p class='ocr_par' dir='ltr' id='par_1_96' title="bbox 2171 3653 3771 3736">
     <span class='ocr_line' id='line_1_96' title="bbox 2171 3653 3771 3736; baseline 0.017 -32"><span class='ocrx_word' id='word_1_750' title='bbox 2171 3653 2343 3725; x_wconf 60' lang='lat' dir='ltr'><strong>vobis,</strong></span> <span class='ocrx_word' id='word_1_751' title='bbox 2369 3655 2626 3723; x_wconf 86' lang='lat' dir='ltr'><strong>quamdiu</strong></span> <span class='ocrx_word' id='word_1_752' title='bbox 2649 3656 2847 3716; x_wconf 87' lang='lat' dir='ltr'><strong>fecistis</strong></span> <span class='ocrx_word' id='word_1_753' title='bbox 2875 3661 2968 3716; x_wconf 84' lang='lat' dir='ltr'><strong>uni</strong></span> <span class='ocrx_word' id='word_1_754' title='bbox 2999 3663 3068 3718; x_wconf 89' lang='lat' dir='ltr'><strong>de</strong></span> <span class='ocrx_word' id='word_1_755' title='bbox 3095 3663 3180 3722; x_wconf 85' lang='lat' dir='ltr'><strong>bis</strong></span> <span class='ocrx_word' id='word_1_756' title='bbox 3210 3665 3458 3728; x_wconf 80' lang='lat' dir='ltr'><strong>fratribus</strong></span> <span class='ocrx_word' id='word_1_757' title='bbox 3491 3672 3626 3728; x_wconf 85' lang='lat' dir='ltr'><strong>meis</strong></span> <span class='ocrx_word' id='word_1_758' title='bbox 3664 3674 3771 3736; x_wconf 64' lang='lat' dir='ltr'><strong>mi-~</strong></span> 
     </span>
    </p>
   </div>
   <div class='ocr_carea' id='block_1_97' title="bbox 2173 3743 3786 3830">
    <p class='ocr_par' dir='ltr' id='par_1_97' title="bbox 2173 3743 3786 3830">
     <span class='ocr_line' id='line_1_97' title="bbox 2173 3743 3786 3830; baseline 0.017 -36"><span class='ocrx_word' id='word_1_759' title='bbox 2173 3743 2348 3820; x_wconf 84' lang='lat' dir='ltr'><strong>nimis,</strong></span> <span class='ocrx_word' id='word_1_760' title='bbox 2381 3745 2516 3810; x_wconf 81' lang='lat' dir='ltr'><strong>mibi</strong></span> <span class='ocrx_word' id='word_1_761' title='bbox 2542 3745 2761 3803; x_wconf 87' lang='lat' dir='ltr'><strong>fecistis.</strong></span> <span class='ocrx_word' id='word_1_762' title='bbox 2793 3749 2946 3806; x_wconf 86' lang='lat' dir='ltr'><strong>Tunc</strong></span> <span class='ocrx_word' id='word_1_763' title='bbox 2987 3753 3130 3810; x_wconf 88' lang='lat' dir='ltr'><strong>dicet</strong></span> <span class='ocrx_word' id='word_1_764' title='bbox 3168 3766 3226 3812; x_wconf 91' lang='lat' dir='ltr'><strong>et</strong></span> <span class='ocrx_word' id='word_1_765' title='bbox 3269 3759 3335 3814; x_wconf 91' lang='lat' dir='ltr'><strong>iis</strong></span> <span class='ocrx_word' id='word_1_766' title='bbox 3363 3761 3506 3830; x_wconf 88' lang='lat' dir='ltr'><strong>quia</strong></span> <span class='ocrx_word' id='word_1_767' title='bbox 3533 3763 3786 3822; x_wconf 60' lang='lat' dir='ltr'><strong>sinistris</strong></span> 
     </span>
    </p>
   </div>
   <div class='ocr_carea' id='block_1_98' title="bbox 2171 3835 3764 3925">
    <p class='ocr_par' dir='ltr' id='par_1_98' title="bbox 2171 3835 3764 3925">
     <span class='ocr_line' id='line_1_98' title="bbox 2171 3835 3764 3925; baseline 0.016 -38"><span class='ocrx_word' id='word_1_768' title='bbox 2171 3843 2360 3889; x_wconf 88' lang='lat' dir='ltr'><strong>erunt:</strong></span> <span class='ocrx_word' id='word_1_769' title='bbox 2387 3835 2655 3910; x_wconf 83' lang='lat' dir='ltr'><strong>Discedite</strong></span> <span class='ocrx_word' id='word_1_770' title='bbox 2679 3855 2710 3893; x_wconf 87' lang='lat' dir='ltr'><strong>a</strong></span> <span class='ocrx_word' id='word_1_771' title='bbox 2736 3857 2843 3908; x_wconf 88' lang='lat' dir='ltr'><strong>me,</strong></span> <span class='ocrx_word' id='word_1_772' title='bbox 2872 3843 3160 3911; x_wconf 86' lang='lat' dir='ltr'><strong>maledicti,</strong></span> <span class='ocrx_word' id='word_1_773' title='bbox 3193 3847 3243 3902; x_wconf 92' lang='lat' dir='ltr'><strong>in</strong></span> <span class='ocrx_word' id='word_1_774' title='bbox 3273 3848 3456 3919; x_wconf 78' lang='lat' dir='ltr'><strong>ignem.</strong></span> <span class='ocrx_word' id='word_1_775' title='bbox 3476 3862 3764 3925; x_wconf 71' lang='lat' dir='ltr'><strong>mternum,</strong></span> 
     </span>
    </p>
   </div>
   <div class='ocr_carea' id='block_1_99' title="bbox 2170 3927 3762 4014">
    <p class='ocr_par' dir='ltr' id='par_1_99' title="bbox 2170 3927 3762 4014">
     <span class='ocr_line' id='line_1_99' title="bbox 2170 3927 3762 4014; baseline 0.016 -35"><span class='ocrx_word' id='word_1_776' title='bbox 2170 3927 2262 4000; x_wconf 89' lang='lat' dir='ltr'><strong>qui</strong></span> <span class='ocrx_word' id='word_1_777' title='bbox 2293 3939 2508 3996; x_wconf 90' lang='lat' dir='ltr'><strong>paratus</strong></span> <span class='ocrx_word' id='word_1_778' title='bbox 2534 3939 2618 3984; x_wconf 89' lang='lat' dir='ltr'><strong>est</strong></span> <span class='ocrx_word' id='word_1_779' title='bbox 2647 3930 2858 3987; x_wconf 86' lang='lat' dir='ltr'><strong>diabolo</strong></span> <span class='ocrx_word' id='word_1_780' title='bbox 2879 3942 2934 3988; x_wconf 90' lang='lat' dir='ltr'><strong>et</strong></span> <span class='ocrx_word' id='word_1_781' title='bbox 2959 3937 3163 4006; x_wconf 80' lang='lat' dir='ltr'><strong>angelis</strong></span> <span class='ocrx_word' id='word_1_782' title='bbox 3187 3939 3323 4008; x_wconf 89' lang='lat' dir='ltr'><strong>ejus.</strong></span> <span class='ocrx_word' id='word_1_783' title='bbox 3356 3942 3568 3998; x_wconf 87' lang='lat' dir='ltr'><strong>Esurivi</strong></span> <span class='ocrx_word' id='word_1_784' title='bbox 3593 3947 3762 4014; x_wconf 86' lang='lat' dir='ltr'><strong>enim,</strong></span> 
     </span>
    </p>
   </div>
   <div class='ocr_carea' id='block_1_100' title="bbox 2170 4020 3766 4096">
    <p class='ocr_par' dir='ltr' id='par_1_100' title="bbox 2170 4020 3766 4096">
     <span class='ocr_line' id='line_1_100' title="bbox 2170 4020 3766 4096; baseline 0.013 -22"><span class='ocrx_word' id='word_1_785' title='bbox 2170 4027 2228 4096; x_wconf 81' lang='lat' dir='ltr'><strong>et</strong></span> <span class='ocrx_word' id='word_1_786' title='bbox 2264 4035 2376 4074; x_wconf 87' lang='lat' dir='ltr'><strong>non</strong></span> <span class='ocrx_word' id='word_1_787' title='bbox 2414 4020 2646 4090; x_wconf 78' lang='lat' dir='ltr'><strong>dedistis.</strong></span> <span class='ocrx_word' id='word_1_788' title='bbox 2667 4023 2796 4079; x_wconf 86' lang='lat' dir='ltr'><strong>mihi</strong></span> <span class='ocrx_word' id='word_1_789' title='bbox 2822 4027 3144 4085; x_wconf 84' lang='lat' dir='ltr'><strong>manducare</strong></span> <span class='ocrx_word' id='word_1_790' title='bbox 3167 4048 3181 4084; x_wconf 91' lang='lat'><strong>:</strong></span> <span class='ocrx_word' id='word_1_791' title='bbox 3202 4031 3369 4095; x_wconf 86' lang='lat' dir='ltr'><strong>sitivi.</strong></span> <span class='ocrx_word' id='word_1_792' title='bbox 3393 4045 3448 4090; x_wconf 90' lang='lat' dir='ltr'><strong>et</strong></span> <span class='ocrx_word' id='word_1_793' title='bbox 3474 4051 3580 4092; x_wconf 90' lang='lat' dir='ltr'><strong>non</strong></span> <span class='ocrx_word' id='word_1_794' title='bbox 3609 4037 3766 4094; x_wconf 87' lang='lat' dir='ltr'><strong>dedi-</strong></span> 
     </span>
    </p>
   </div>
   <div class='ocr_carea' id='block_1_101' title="bbox 2170 4111 3762 4198">
    <p class='ocr_par' dir='ltr' id='par_1_101' title="bbox 2170 4111 3762 4198">
     <span class='ocr_line' id='line_1_101' title="bbox 2170 4111 3762 4198; baseline 0.013 -32"><span class='ocrx_word' id='word_1_795' title='bbox 2170 4112 2270 4168; x_wconf 85' lang='lat' dir='ltr'><strong>stis</strong></span> <span class='ocrx_word' id='word_1_796' title='bbox 2294 4111 2421 4168; x_wconf 87' lang='lat' dir='ltr'><strong>mihi</strong></span> <span class='ocrx_word' id='word_1_797' title='bbox 2457 4123 2677 4183; x_wconf 89' lang='lat' dir='ltr'><strong>potum:</strong></span> <span class='ocrx_word' id='word_1_798' title='bbox 2703 4115 2896 4186; x_wconf 84' lang='lat' dir='ltr'><strong>hospes</strong></span> <span class='ocrx_word' id='word_1_799' title='bbox 2927 4119 3019 4186; x_wconf 88' lang='lat' dir='ltr'><strong>fui,</strong></span> <span class='ocrx_word' id='word_1_800' title='bbox 3049 4128 3106 4176; x_wconf 92' lang='lat' dir='ltr'><strong>et</strong></span> <span class='ocrx_word' id='word_1_801' title='bbox 3150 4137 3255 4178; x_wconf 88' lang='lat' dir='ltr'><strong>non</strong></span> <span class='ocrx_word' id='word_1_802' title='bbox 3292 4125 3582 4198; x_wconf 77' lang='lat' dir='ltr'><strong>collegistis</strong></span> <span class='ocrx_word' id='word_1_803' title='bbox 3627 4145 3717 4188; x_wconf 84' lang='lat' dir='ltr'><strong>me</strong></span> <span class='ocrx_word' id='word_1_804' title='bbox 3746 4148 3762 4186; x_wconf 91' lang='lat'><strong>:</strong></span> 
     </span>
    </p>
   </div>
   <div class='ocr_carea' id='block_1_102' title="bbox 2169 4202 3768 4284">
    <p class='ocr_par' dir='ltr' id='par_1_102' title="bbox 2169 4202 3768 4284">
     <span class='ocr_line' id='line_1_102' title="bbox 2169 4202 3768 4284; baseline 0.015 -30"><span class='ocrx_word' id='word_1_805' title='bbox 2169 4202 2361 4268; x_wconf 79' lang='lat' dir='ltr'><strong>nudus,</strong></span> <span class='ocrx_word' id='word_1_806' title='bbox 2392 4212 2447 4258; x_wconf 91' lang='lat' dir='ltr'><strong>et</strong></span> <span class='ocrx_word' id='word_1_807' title='bbox 2489 4219 2596 4259; x_wconf 85' lang='lat' dir='ltr'><strong>non</strong></span> <span class='ocrx_word' id='word_1_808' title='bbox 2629 4208 2983 4275; x_wconf 88' lang='lat' dir='ltr'><strong>cooperuistis</strong></span> <span class='ocrx_word' id='word_1_809' title='bbox 3018 4227 3104 4268; x_wconf 89' lang='lat' dir='ltr'><strong>me</strong></span> <span class='ocrx_word' id='word_1_810' title='bbox 3129 4229 3142 4265; x_wconf 89' lang='lat'>:</span> <span class='ocrx_word' id='word_1_811' title='bbox 3168 4213 3430 4284; x_wconf 74' lang='lat' dir='ltr'><strong>inﬁrmus,</strong></span> <span class='ocrx_word' id='word_1_812' title='bbox 3456 4225 3510 4274; x_wconf 88' lang='lat' dir='ltr'><strong>et</strong></span> <span class='ocrx_word' id='word_1_813' title='bbox 3550 4219 3604 4274; x_wconf 88' lang='lat' dir='ltr'><strong>in</strong></span> <span class='ocrx_word' id='word_1_814' title='bbox 3642 4234 3768 4278; x_wconf 85' lang='lat' dir='ltr'><strong>car-</strong></span> 
     </span>
    </p>
   </div>
   <div class='ocr_carea' id='block_1_103' title="bbox 2169 4296 3768 4378">
    <p class='ocr_par' dir='ltr' id='par_1_103' title="bbox 2169 4296 3768 4378">
     <span class='ocr_line' id='line_1_103' title="bbox 2169 4296 3768 4378; baseline 0.015 -30"><span class='ocrx_word' id='word_1_815' title='bbox 2169 4309 2314 4361; x_wconf 88' lang='lat' dir='ltr'><strong>cere,</strong></span> <span class='ocrx_word' id='word_1_816' title='bbox 2353 4304 2406 4350; x_wconf 91' lang='lat' dir='ltr'><strong>et</strong></span> <span class='ocrx_word' id='word_1_817' title='bbox 2436 4311 2542 4350; x_wconf 90' lang='lat' dir='ltr'><strong>non</strong></span> <span class='ocrx_word' id='word_1_818' title='bbox 2569 4296 2820 4354; x_wconf 88' lang='lat' dir='ltr'><strong>visitastis</strong></span> <span class='ocrx_word' id='word_1_819' title='bbox 2861 4317 2966 4363; x_wconf 77' lang='lat' dir='ltr'><strong>nte.</strong></span> <span class='ocrx_word' id='word_1_820' title='bbox 2995 4303 3146 4362; x_wconf 83' lang='lat' dir='ltr'><strong>Tunc</strong></span> <span class='ocrx_word' id='word_1_821' title='bbox 3184 4310 3576 4378; x_wconf 79' lang='lat' dir='ltr'><strong>respondebunt</strong></span> <span class='ocrx_word' id='word_1_822' title='bbox 3612 4313 3664 4370; x_wconf 91' lang='lat' dir='ltr'><strong>ei</strong></span> <span class='ocrx_word' id='word_1_823' title='bbox 3707 4323 3768 4372; x_wconf 82' lang='lat' dir='ltr'><strong>ct</strong></span> 
     </span>
    </p>
   </div>
   <div class='ocr_carea' id='block_1_104' title="bbox 2169 4384 3764 4472">
    <p class='ocr_par' dir='ltr' id='par_1_104' title="bbox 2169 4384 3764 4472">
     <span class='ocr_line' id='line_1_104' title="bbox 2169 4384 3764 4472; baseline 0.014 -34"><span class='ocrx_word' id='word_1_824' title='bbox 2169 4384 2290 4454; x_wconf 89' lang='lat' dir='ltr'><strong>ipsi.</strong></span> <span class='ocrx_word' id='word_1_825' title='bbox 2319 4385 2557 4442; x_wconf 87' lang='lat' dir='ltr'><strong>dicentes</strong></span> <span class='ocrx_word' id='word_1_826' title='bbox 2599 4404 2612 4442; x_wconf 93' lang='lat'>:</span> <span class='ocrx_word' id='word_1_827' title='bbox 2657 4390 2901 4461; x_wconf 84' lang='lat' dir='ltr'><strong>Domine,</strong></span> <span class='ocrx_word' id='word_1_828' title='bbox 2927 4397 3144 4472; x_wconf 85' lang='lat' dir='ltr'><strong>quando.</strong></span> <span class='ocrx_word' id='word_1_829' title='bbox 3169 4400 3478 4458; x_wconf 80' lang='lat' dir='ltr'><strong>te.vidimus</strong></span> <span class='ocrx_word' id='word_1_830' title='bbox 3519 4406 3764 4461; x_wconf 62' lang='lat' dir='ltr'><strong>esurieno</strong></span> 
     </span>
    </p>
   </div>
   <div class='ocr_carea' id='block_1_105' title="bbox 2169 4474 3763 4562">
    <p class='ocr_par' dir='ltr' id='par_1_105' title="bbox 2169 4474 3763 4562">
     <span class='ocr_line' id='line_1_105' title="bbox 2169 4474 3763 4562; baseline 0.014 -30"><span class='ocrx_word' id='word_1_831' title='bbox 2169 4486 2300 4544; x_wconf 87' lang='lat' dir='ltr'><strong>tem,</strong></span> <span class='ocrx_word' id='word_1_832' title='bbox 2331 4488 2386 4533; x_wconf 91' lang='lat' dir='ltr'><strong>et</strong></span> <span class='ocrx_word' id='word_1_833' title='bbox 2412 4474 2699 4547; x_wconf 53' lang='lat' dir='ltr'><strong>sitiente’m,</strong></span> <span class='ocrx_word' id='word_1_834' title='bbox 2725 4495 2780 4538; x_wconf 90' lang='lat' dir='ltr'><strong>et</strong></span> <span class='ocrx_word' id='word_1_835' title='bbox 2808 4485 3090 4557; x_wconf 85' lang='lat' dir='ltr'><strong>hospitem,</strong></span> <span class='ocrx_word' id='word_1_836' title='bbox 3119 4500 3209 4545; x_wconf 88' lang='lat' dir='ltr'><strong>aut</strong></span> <span class='ocrx_word' id='word_1_837' title='bbox 3237 4494 3458 4562; x_wconf 89' lang='lat' dir='ltr'><strong>nudum,</strong></span> <span class='ocrx_word' id='word_1_838' title='bbox 3488 4507 3583 4552; x_wconf 92' lang='lat' dir='ltr'><strong>aut</strong></span> <span class='ocrx_word' id='word_1_839' title='bbox 3603 4498 3763 4554; x_wconf 80' lang='lat' dir='ltr'><strong>inﬁr-</strong></span> 
     </span>
    </p>
   </div>
   <div class='ocr_carea' id='block_1_106' title="bbox 2170 4571 3765 4646">
    <p class='ocr_par' dir='ltr' id='par_1_106' title="bbox 2170 4571 3765 4646">
     <span class='ocr_line' id='line_1_106' title="bbox 2170 4571 3765 4646; baseline 0.014 -22"><span class='ocrx_word' id='word_1_840' title='bbox 2170 4585 2338 4640; x_wconf 89' lang='lat' dir='ltr'><strong>mum,</strong></span> <span class='ocrx_word' id='word_1_841' title='bbox 2362 4571 2448 4628; x_wconf 88' lang='lat' dir='ltr'><strong>vel</strong></span> <span class='ocrx_word' id='word_1_842' title='bbox 2469 4572 2525 4629; x_wconf 92' lang='lat' dir='ltr'><strong>in</strong></span> <span class='ocrx_word' id='word_1_843' title='bbox 2549 4589 2786 4642; x_wconf 84' lang='lat' dir='ltr'><strong>carcere,</strong></span> <span class='ocrx_word' id='word_1_844' title='bbox 2813 4586 2988 4636; x_wconf 83' lang='lat' dir='ltr'><strong>etnon</strong></span> <span class='ocrx_word' id='word_1_845' title='bbox 3005 4580 3424 4640; x_wconf 77' lang='lat' dir='ltr'><strong>ministravimus</strong></span> <span class='ocrx_word' id='word_1_846' title='bbox 3443 4586 3578 4642; x_wconf 86' lang='lat' dir='ltr'><strong>tibi?</strong></span> <span class='ocrx_word' id='word_1_847' title='bbox 3609 4588 3765 4646; x_wconf 78' lang='lat' dir='ltr'><strong>Tunc</strong></span> 
     </span>
    </p>
   </div>
   <div class='ocr_carea' id='block_1_107' title="bbox 2169 4665 3762 4751">
    <p class='ocr_par' dir='ltr' id='par_1_107' title="bbox 2169 4665 3762 4751">
     <span class='ocr_line' id='line_1_107' title="bbox 2169 4665 3762 4751; baseline 0.014 -34"><span class='ocrx_word' id='word_1_848' title='bbox 2169 4665 2517 4733; x_wconf 86' lang='lat' dir='ltr'><strong>respondebit</strong></span> <span class='ocrx_word' id='word_1_849' title='bbox 2543 4667 2670 4733; x_wconf 89' lang='lat' dir='ltr'><strong>illis,</strong></span> <span class='ocrx_word' id='word_1_850' title='bbox 2698 4668 2920 4734; x_wconf 57' lang='lat' dir='ltr'><strong>dicens;</strong></span> <span class='ocrx_word' id='word_1_851' title='bbox 2945 4671 3126 4736; x_wconf 66' lang='lat' dir='ltr'><strong>Amen.</strong></span> <span class='ocrx_word' id='word_1_852' title='bbox 3153 4674 3280 4734; x_wconf 79' lang='lat' dir='ltr'><strong>dico</strong></span> <span class='ocrx_word' id='word_1_853' title='bbox 3304 4678 3474 4744; x_wconf 81' lang='lat' dir='ltr'><strong>vobis,</strong></span> <span class='ocrx_word' id='word_1_854' title='bbox 3501 4683 3762 4751; x_wconf 78' lang='lat' dir='ltr'><strong>quamdiu</strong></span> 
     </span>
    </p>
   </div>
   <div class='ocr_carea' id='block_1_108' title="bbox 2169 4755 3760 4836">
    <p class='ocr_par' dir='ltr' id='par_1_108' title="bbox 2169 4755 3760 4836">
     <span class='ocr_line' id='line_1_108' title="bbox 2169 4755 3760 4836; baseline 0.013 -27"><span class='ocrx_word' id='word_1_855' title='bbox 2169 4769 2284 4816; x_wconf 84' lang='lat' dir='ltr'><strong>non</strong></span> <span class='ocrx_word' id='word_1_856' title='bbox 2310 4755 2519 4816; x_wconf 83' lang='lat' dir='ltr'><strong>fecistis.</strong></span> <span class='ocrx_word' id='word_1_857' title='bbox 2550 4759 2640 4814; x_wconf 90' lang='lat' dir='ltr'><strong>uni</strong></span> <span class='ocrx_word' id='word_1_858' title='bbox 2679 4759 2746 4818; x_wconf 80' lang='lat' dir='ltr'><strong>de</strong></span> <span class='ocrx_word' id='word_1_859' title='bbox 2785 4762 3081 4836; x_wconf 47' lang='lat' dir='ltr'><strong>uelitaribus</strong></span> <span class='ocrx_word' id='word_1_860' title='bbox 3106 4765 3208 4834; x_wconf 90' lang='lat' dir='ltr'><strong>his,</strong></span> <span class='ocrx_word' id='word_1_861' title='bbox 3240 4783 3340 4826; x_wconf 86' lang='lat' dir='ltr'><strong>nec</strong></span> <span class='ocrx_word' id='word_1_862' title='bbox 3370 4770 3502 4824; x_wconf 78' lang='lat' dir='ltr'><strong>mibi</strong></span> <span class='ocrx_word' id='word_1_863' title='bbox 3529 4770 3760 4830; x_wconf 87' lang='lat' dir='ltr'><strong>fecistis.</strong></span> 
     </span>
    </p>
   </div>
   <div class='ocr_carea' id='block_1_109' title="bbox 2168 4844 3762 4930">
    <p class='ocr_par' dir='ltr' id='par_1_109' title="bbox 2168 4844 3762 4930">
     <span class='ocr_line' id='line_1_109' title="bbox 2168 4844 3762 4930; baseline 0.014 -31"><span class='ocrx_word' id='word_1_864' title='bbox 2168 4844 2240 4926; x_wconf 67' lang='lat' dir='ltr'><strong>Et</strong></span> <span class='ocrx_word' id='word_1_865' title='bbox 2258 4846 2410 4910; x_wconf 86' lang='lat' dir='ltr'><strong>ibunt</strong></span> <span class='ocrx_word' id='word_1_866' title='bbox 2439 4846 2492 4902; x_wconf 87' lang='lat' dir='ltr'><strong>hi</strong></span> <span class='ocrx_word' id='word_1_867' title='bbox 2517 4847 2574 4906; x_wconf 86' lang='lat' dir='ltr'><strong>in</strong></span> <span class='ocrx_word' id='word_1_868' title='bbox 2598 4851 3222 4930; x_wconf 66' lang='lat' dir='ltr'><strong>suppliciumzeternum,</strong></span> <span class='ocrx_word' id='word_1_869' title='bbox 3243 4859 3382 4929; x_wconf 82' lang='lat' dir='ltr'><strong>justi.</strong></span> <span class='ocrx_word' id='word_1_870' title='bbox 3399 4872 3580 4920; x_wconf 89' lang='lat' dir='ltr'><strong>autem</strong></span> <span class='ocrx_word' id='word_1_871' title='bbox 3601 4864 3658 4921; x_wconf 89' lang='lat' dir='ltr'><strong>in</strong></span> <span class='ocrx_word' id='word_1_872' title='bbox 3678 4866 3762 4922; x_wconf 77' lang='lat' dir='ltr'><strong>vi—</strong></span> 
     </span>
    </p>
   </div>
   <div class='ocr_carea' id='block_1_110' title="bbox 2170 4943 3078 5008">
    <p class='ocr_par' dir='ltr' id='par_1_110' title="bbox 2170 4943 3078 5008">
     <span class='ocr_line' id='line_1_110' title="bbox 2170 4943 3078 5008; baseline 0 -13"><span class='ocrx_word' id='word_1_873' title='bbox 2170 4943 2278 5008; x_wconf 63' lang='lat' dir='ltr'><strong>tam</strong></span> <span class='ocrx_word' id='word_1_874' title='bbox 2307 4946 2585 5008; x_wconf 63' lang='lat' dir='ltr'><strong>attentam.</strong></span> <span class='ocrx_word' id='word_1_875' title='bbox 3072 4951 3078 4956; x_wconf 88' lang='lat'><strong><em>‘</em></strong></span> 
     </span>
    </p>
   </div>
   <div class='ocr_carea' id='block_1_111' title="bbox 2171 5027 3770 5122">
    <p class='ocr_par' dir='ltr' id='par_1_111' title="bbox 2171 5027 3770 5122">
     <span class='ocr_line' id='line_1_111' title="bbox 2171 5027 3770 5122; baseline 0.017 -41"><span class='ocrx_word' id='word_1_876' title='bbox 2171 5052 2177 5087; x_wconf 91' lang='lat'><strong>-_</strong></span> <span class='ocrx_word' id='word_1_877' title='bbox 2240 5027 2317 5122; x_wconf 9' lang='lat' dir='ltr'><strong>Et,</strong></span> <span class='ocrx_word' id='word_1_878' title='bbox 2338 5041 2450 5100; x_wconf 73' lang='lat' dir='ltr'><strong>post</strong></span> <span class='ocrx_word' id='word_1_879' title='bbox 2491 5033 2804 5104; x_wconf 62' lang='lat' dir='ltr'><strong>aliquant-unt</strong></span> <span class='ocrx_word' id='word_1_880' title='bbox 2833 5035 3043 5112; x_wconf 58' lang='grc' dir='ltr'><strong>[κιαι]</strong></span> <span class='ocrx_word' id='word_1_881' title='bbox 3069 5059 3083 5097; x_wconf 91' lang='lat'><strong>:</strong></span> <span class='ocrx_word' id='word_1_882' title='bbox 3113 5042 3370 5115; x_wconf 72' lang='lat' dir='ltr'><strong>Vigilate,</strong></span> <span class='ocrx_word' id='word_1_883' title='bbox 3394 5055 3671 5122; x_wconf 87' lang='lat' dir='ltr'><strong>et-orate,</strong></span> <span class='ocrx_word' id='word_1_884' title='bbox 3701 5059 3770 5108; x_wconf 84' lang='lat' dir='ltr'><strong>ut</strong></span> 
     </span>
    </p>
   </div>
   <div class='ocr_carea' id='block_1_112' title="bbox 2167 5120 2990 5192">
    <p class='ocr_par' dir='ltr' id='par_1_112' title="bbox 2167 5120 2990 5192">
     <span class='ocr_line' id='line_1_112' title="bbox 2167 5120 2990 5192; baseline 0.016 -20"><span class='ocrx_word' id='word_1_885' title='bbox 2305 5120 2514 5178; x_wconf 90' lang='lat' dir='ltr'><strong>intretis</strong></span> <span class='ocrx_word' id='word_1_886' title='bbox 2544 5124 2599 5179; x_wconf 88' lang='lat' dir='ltr'><strong>in</strong></span> <span class='ocrx_word' id='word_1_887' title='bbox 2623 5127 2990 5186; x_wconf 79' lang='lat' dir='ltr'><strong>tentationem.</strong></span> 
     </span>
    </p>
   </div>
   <div class='ocr_carea' id='block_1_113' title="bbox 2346 5266 3606 5348">
    <p class='ocr_par' dir='ltr' id='par_1_113' title="bbox 2346 5266 3606 5348">
     <span class='ocr_line' id='line_1_113' title="bbox 2346 5266 3606 5348; baseline 0.017 -26"><span class='ocrx_word' id='word_1_888' title='bbox 2346 5266 2434 5323; x_wconf 87' lang='lat' dir='ltr'><strong>DE</strong></span> <span class='ocrx_word' id='word_1_889' title='bbox 2475 5269 2865 5336; x_wconf 83' lang='lat' dir='ltr'><strong>EVANGELIO</strong></span> <span class='ocrx_word' id='word_1_890' title='bbox 2900 5275 3266 5344; x_wconf 77' lang='lat' dir='ltr'><strong>SECUNDUM</strong></span> <span class='ocrx_word' id='word_1_891' title='bbox 3298 5283 3606 5348; x_wconf 76' lang='lat' dir='ltr'><strong>MARCUM.</strong></span> 
     </span>
    </p>
   </div>
   <div class='ocr_carea' id='block_1_114' title="bbox 2237 5396 3814 5485">
    <p class='ocr_par' dir='ltr' id='par_1_114' title="bbox 2237 5396 3814 5485">
     <span class='ocr_line' id='line_1_114' title="bbox 2237 5396 3814 5485; baseline 0.017 -31"><span class='ocrx_word' id='word_1_892' title='bbox 2237 5396 2386 5472; x_wconf 73' lang='grc' dir='ltr'><strong>[ΟΑΡ.</strong></span> <span class='ocrx_word' id='word_1_893' title='bbox 2415 5399 2534 5476; x_wconf 71' lang='lat' dir='ltr'><strong>vin]</strong></span> <span class='ocrx_word' id='word_1_894' title='bbox 2564 5404 2844 5466; x_wconf 80' lang='lat' dir='ltr'><strong>Advoeans</strong></span> <span class='ocrx_word' id='word_1_895' title='bbox 2868 5411 3062 5469; x_wconf 78' lang='lat' dir='ltr'><strong>iterum</strong></span> <span class='ocrx_word' id='word_1_896' title='bbox 3087 5416 3293 5473; x_wconf 85' lang='lat' dir='ltr'><strong>turbam</strong></span> <span class='ocrx_word' id='word_1_897' title='bbox 3314 5459 3329 5485; x_wconf 95' lang='lat'><strong>,</strong></span> <span class='ocrx_word' id='word_1_898' title='bbox 3371 5419 3583 5478; x_wconf 89' lang='lat' dir='ltr'><strong>dicebat</strong></span> <span class='ocrx_word' id='word_1_899' title='bbox 3607 5423 3714 5481; x_wconf 90' lang='lat' dir='ltr'><strong>illis</strong></span> <span class='ocrx_word' id='word_1_900' title='bbox 3742 5443 3758 5480; x_wconf 92' lang='lat'><strong>:</strong></span> <span class='ocrx_word' id='word_1_901' title='bbox 3811 5428 3814 5429; x_wconf 66' lang='grc'><strong><em>⁷</em></strong></span> 
     </span>
    </p>
   </div>
   <div class='ocr_carea' id='block_1_115' title="bbox 2166 5491 3761 5577">
    <p class='ocr_par' dir='ltr' id='par_1_115' title="bbox 2166 5491 3761 5577">
     <span class='ocr_line' id='line_1_115' title="bbox 2166 5491 3761 5577; baseline 0.014 -25"><span class='ocrx_word' id='word_1_902' title='bbox 2166 5491 2363 5552; x_wconf 81' lang='lat' dir='ltr'><strong>Audite</strong></span> <span class='ocrx_word' id='word_1_903' title='bbox 2388 5511 2475 5552; x_wconf 92' lang='lat' dir='ltr'><strong>me</strong></span> <span class='ocrx_word' id='word_1_904' title='bbox 2500 5512 2714 5566; x_wconf 88' lang='lat' dir='ltr'><strong>omnes,</strong></span> <span class='ocrx_word' id='word_1_905' title='bbox 2743 5513 2797 5558; x_wconf 90' lang='lat' dir='ltr'><strong>et</strong></span> <span class='ocrx_word' id='word_1_906' title='bbox 2817 5504 3115 5577; x_wconf 74' lang='lat' dir='ltr'><strong>intelligite.</strong></span> <span class='ocrx_word' id='word_1_907' title='bbox 3142 5508 3282 5564; x_wconf 87' lang='lat' dir='ltr'><strong>Nihil</strong></span> <span class='ocrx_word' id='word_1_908' title='bbox 3309 5521 3388 5567; x_wconf 87' lang='lat' dir='ltr'><strong>est</strong></span> <span class='ocrx_word' id='word_1_909' title='bbox 3405 5522 3554 5569; x_wconf 78' lang='lat' dir='ltr'><strong>extra</strong></span> <span class='ocrx_word' id='word_1_910' title='bbox 3585 5514 3761 5574; x_wconf 86' lang='lat' dir='ltr'><strong>homi-</strong></span> 
     </span>
    </p>
   </div>
   <div class='ocr_carea' id='block_1_116' title="bbox 2165 5585 3754 5680">
    <p class='ocr_par' dir='ltr' id='par_1_116' title="bbox 2165 5585 3754 5680">
     <span class='ocr_line' id='line_1_116' title="bbox 2165 5585 3754 5680; baseline 0.018 -41"><span class='ocrx_word' id='word_1_911' title='bbox 2165 5597 2288 5652; x_wconf 82' lang='lat' dir='ltr'><strong>nem</strong></span> <span class='ocrx_word' id='word_1_912' title='bbox 2316 5585 2574 5646; x_wconf 85' lang='lat' dir='ltr'><strong>introicns</strong></span> <span class='ocrx_word' id='word_1_913' title='bbox 2604 5591 2659 5658; x_wconf 82' lang='lat' dir='ltr'><strong>in</strong></span> <span class='ocrx_word' id='word_1_914' title='bbox 2683 5609 2802 5650; x_wconf 86' lang='lat' dir='ltr'><strong>eum</strong></span> <span class='ocrx_word' id='word_1_915' title='bbox 2822 5637 2834 5659; x_wconf 89' lang='lat'><strong>,</strong></span> <span class='ocrx_word' id='word_1_916' title='bbox 2867 5597 3012 5666; x_wconf 72' lang='lat' dir='ltr'><strong>quod.</strong></span> <span class='ocrx_word' id='word_1_917' title='bbox 3035 5601 3206 5666; x_wconf 86' lang='lat' dir='ltr'><strong>possit</strong></span> <span class='ocrx_word' id='word_1_918' title='bbox 3219 5618 3342 5658; x_wconf 85' lang='lat' dir='ltr'><strong>eum</strong></span> <span class='ocrx_word' id='word_1_919' title='bbox 3365 5605 3714 5678; x_wconf 81' lang='lat' dir='ltr'><strong>coinquinare</strong></span> <span class='ocrx_word' id='word_1_920' title='bbox 3738 5629 3754 5680; x_wconf 87' lang='lat'><strong>;</strong></span> 
     </span>
    </p>
   </div>
   <div class='ocr_carea' id='block_1_117' title="bbox 2164 5679 3755 5771">
    <p class='ocr_par' dir='ltr' id='par_1_117' title="bbox 2164 5679 3755 5771">
     <span class='ocr_line' id='line_1_117' title="bbox 2164 5679 3755 5771; baseline 0.013 -36"><span class='ocrx_word' id='word_1_921' title='bbox 2164 5679 2264 5737; x_wconf 79' lang='lat' dir='ltr'><strong>sed</strong></span> <span class='ocrx_word' id='word_1_922' title='bbox 2299 5694 2418 5754; x_wconf 74' lang='lat' dir='ltr'><strong>qua:</strong></span> <span class='ocrx_word' id='word_1_923' title='bbox 2445 5680 2514 5736; x_wconf 84' lang='lat' dir='ltr'><strong>de</strong></span> <span class='ocrx_word' id='word_1_924' title='bbox 2541 5680 2760 5740; x_wconf 86' lang='lat' dir='ltr'><strong>homine</strong></span> <span class='ocrx_word' id='word_1_925' title='bbox 2803 5689 3134 5758; x_wconf 81' lang='lat' dir='ltr'><strong>procedunt,</strong></span> <span class='ocrx_word' id='word_1_926' title='bbox 3168 5691 3253 5747; x_wconf 89' lang='lat' dir='ltr'><strong>illa</strong></span> <span class='ocrx_word' id='word_1_927' title='bbox 3293 5705 3415 5750; x_wconf 90' lang='lat' dir='ltr'><strong>sunt</strong></span> <span class='ocrx_word' id='word_1_928' title='bbox 3454 5713 3571 5771; x_wconf 79' lang='lat' dir='ltr'><strong>quae</strong></span> <span class='ocrx_word' id='word_1_929' title='bbox 3600 5679 3755 5764; x_wconf 49' lang='lat' dir='ltr'><strong>com?</strong></span> 
     </span>
    </p>
   </div>
   <div class='ocr_carea' id='block_1_118' title="bbox 2164 5774 3761 5861">
    <p class='ocr_par' dir='ltr' id='par_1_118' title="bbox 2164 5774 3761 5861">
     <span class='ocr_line' id='line_1_118' title="bbox 2164 5774 3761 5861; baseline 0.011 -28"><span class='ocrx_word' id='word_1_930' title='bbox 2164 5776 2439 5857; x_wconf 61' lang='lat' dir='ltr'><strong>muniunt</strong></span> <span class='ocrx_word' id='word_1_931' title='bbox 2459 5774 2754 5840; x_wconf 77' lang='lat' dir='ltr'><strong>hominem.</strong></span> <span class='ocrx_word' id='word_1_932' title='bbox 2781 5779 2836 5848; x_wconf 75' lang='lat' dir='ltr'><strong>Si</strong></span> <span class='ocrx_word' id='word_1_933' title='bbox 2858 5781 2982 5852; x_wconf 71' lang='lat' dir='ltr'><strong>quis</strong></span> <span class='ocrx_word' id='word_1_934' title='bbox 3005 5782 3164 5842; x_wconf 82' lang='lat' dir='ltr'><strong>habet</strong></span> <span class='ocrx_word' id='word_1_935' title='bbox 3185 5801 3345 5846; x_wconf 71' lang='lat' dir='ltr'><strong>aures</strong></span> <span class='ocrx_word' id='word_1_936' title='bbox 3360 5787 3630 5861; x_wconf 84' lang='lat' dir='ltr'><strong>audiendi,</strong></span> <span class='ocrx_word' id='word_1_937' title='bbox 3658 5807 3761 5852; x_wconf 78' lang='lat' dir='ltr'><strong>au-</strong></span> 
     </span>
    </p>
   </div>
   <div class='ocr_carea' id='block_1_119' title="bbox 2228 5891 3210 5962">
    <p class='ocr_par' dir='ltr' id='par_1_119' title="bbox 2228 5891 3210 5962">
     <span class='ocr_line' id='line_1_119' title="bbox 2228 5891 3210 5962; baseline 0.009 -19"><span class='ocrx_word' id='word_1_938' title='bbox 2228 5891 2247 5926; x_wconf 81' lang='grc'>¹</span> <span class='ocrx_word' id='word_1_939' title='bbox 2263 5897 2404 5944; x_wconf 74' lang='lat' dir='ltr'><strong>sacra</strong></span> <span class='ocrx_word' id='word_1_940' title='bbox 2421 5892 2588 5957; x_wconf 82' lang='lat' dir='ltr'><strong>Biblia,</strong></span> <span class='ocrx_word' id='word_1_941' title='bbox 2611 5893 2728 5962; x_wconf 79' lang='lat' dir='ltr'><strong>quia</strong></span> <span class='ocrx_word' id='word_1_942' title='bbox 2746 5907 2843 5962; x_wconf 75' lang='lat' dir='ltr'><strong>qua</strong></span> <span class='ocrx_word' id='word_1_943' title='bbox 2861 5898 3054 5955; x_wconf 71' lang='lat' dir='ltr'><strong>nescitis</strong></span> <span class='ocrx_word' id='word_1_944' title='bbox 3073 5903 3210 5953; x_wconf 82' lang='lat' dir='ltr'><strong>hora.</strong></span> 
     </span>
    </p>
   </div>
  </div>
