4110 6482
334 388 433 447 981

336 505 472 579 dign.
492 501 559 557 Et
571 514 693 557 eum
707 497 979 556 introisset
991 493 1284 557 indomtun
1300 507 1330 549 a
1350 491 1522 559 turba,
1542 492 1940 566 interrogabant

338 611 467 654 eum
483 591 728 663 discipuli
746 590 862 661 ejus
877 588 1201 659 parabolam.
1221 586 1287 647 Et
1302 586 1376 641 ait
1396 585 1537 657 illis:
1557 584 1646 645 Sic
1663 596 1717 645 et
1732 600 1826 638 vos
1847 585 1938 655 im-
1968 638 1969 641 η

337 688 634 760 prudentes
653 681 820 739 estis?
840 680 956 737 Non
979 678 1269 751 intelligitis
1284 678 1405 749 quia
1424 693 1581 741 omne
1604 677 1934 735 extrinsecus

339 779 607 835 introiens
618 776 671 831 in
695 775 987 840 hominem,
1010 788 1114 828 non
1132 780 1310 842 potest
1328 786 1447 826 eum
1471 769 1866 831 communicare
1888 768 1928 842 f;

337 873 463 942 quia
484 885 590 926 non
612 868 770 925 intrat
788 868 838 921 in
855 882 949 922 cor
963 865 1098 935 ejus,
1114 864 1207 920 sed
1225 865 1275 919 in
1294 872 1536 919 ventrem
1552 866 1597 931 ¹,
1621 872 1675 919 et
1690 863 1741 918 in
1755 878 1933 935 seces,-

339 964 611 1028 suutexit,
649 976 879 1032 purgans
900 974 1087 1017 omnes
1113 956 1301 1017 escas?
1323 957 1535 1013 Dicebat
1565 966 1742 1012 autem
1760 999 1774 1021 ,
1793 972 1929 1026 quo—

338 1056 486 1110 niam
508 1068 626 1124 quze
645 1052 712 1106 de
726 1051 940 1105 homine
961 1055 1158 1103 exeunt
1186 1089 1201 1115 ,
1242 1047 1327 1100 illa
1344 1048 1737 1105 communicant
1759 1047 1931 1102 homi-

338 1163 489 1205 nem.
519 1146 600 1201 Ab
616 1145 759 1203 intus
784 1143 925 1199 enim
952 1142 1019 1198 de
1037 1140 1197 1199 corde
1218 1138 1492 1197 hominum
1513 1147 1708 1195 exeunt
1734 1139 1753 1170 ³
1780 1135 1926 1211 cogi-

341 1242 574 1301 tationes
592 1238 769 1304 malm,
797 1236 1090 1307 procedunt
1108 1234 1384 1300 adulteria,
1410 1234 1804 1299 forniCationes,
1833 1234 1929 1288 ho—

342 1333 580 1398 micidia,
604 1332 764 1395 furta,
782 1328 1038 1395 avaritke,
1059 1327 1330 1398 nequitiae,
1348 1327 1521 1394 dolus,
1560 1327 1885 1397 impudicitia
1907 1369 1921 1392 ,

338 1424 531 1480 oculus
552 1423 744 1490 malus,
776 1420 1144 1491 blasphemia},
1171 1417 1441 1489 superbia,
1469 1418 1709 1474 stultitia.
1735 1417 1924 1477 Omnia

335 1517 455 1573 hate
480 1518 617 1573 mala
654 1516 723 1572 ab
768 1516 910 1571 intus
952 1514 1276 1583 procedunt,
1321 1520 1377 1570 et
1402 1510 1796 1572 communicant
1826 1512 1923 1573 lio-

334 1612 559 1666 minem.

408 1704 483 1758 Et.
503 1703 605 1757 alio
632 1701 743 1758 loco
772 1698 970 1773 [vnn]:
999 1698 1300 1756 Convocata
1332 1697 1482 1754 turba
1504 1712 1625 1754 cum
1653 1696 1922 1767 discipulis

334 1796 481 1861 suis,
507 1795 641 1850 dixit
668 1795 747 1849 eis
774 1811 788 1847 :
820 1793 875 1850 Si
917 1793 1036 1862 quis
1060 1792 1172 1847 vult
1196 1807 1280 1847 me
1319 1790 1470 1861 sequi
1498 1788 1541 1857 ³,
1574 1790 1805 1861 deneget
1833 1804 1922 1845 sc-

335 1889 544 1959 ipsum,
576 1893 633 1941 et
661 1886 811 1940 tollat
831 1898 1042 1939 erucem
1075 1898 1256 1950 suam,
1307 1890 1362 1938 et
1386 1890 1636 1953 sequatur
1674 1898 1780 1936 me.
1823 1882 1927 1950 Qui

335 1982 479 2037 enim
520 1979 746 2035 voluerit
769 1977 998 2033 animam
1025 1990 1175 2031 suam
1226 1974 1425 2029 salvam
1472 1976 1643 2030 facere
1669 2016 1683 2039 ,
1733 1973 1927 2043 perdet

333 2088 459 2131 eam
483 2089 495 2127 :
520 2071 611 2141 qui
637 2078 814 2125 autem
844 2066 1135 2137 perdiderit
1153 2065 1383 2122 animam
1414 2081 1561 2121 suam
1594 2074 1811 2135 propter
1837 2079 1924 2121 me

336 2172 395 2221 et
429 2163 800 2234 Evangelium,
849 2162 1050 2217 salvam
1088 2175 1204 2217 eam
1237 2158 1415 2215 faciet.
1465 2157 1601 2225 Quid
1628 2159 1769 2214 enim
1799 2174 1922 2229 pro-

338 2256 483 2312 derit
506 2255 742 2319 homini,
784 2254 829 2308 si
872 2253 1107 2309 lucretur
1132 2251 1385 2307 mundum
1435 2259 1633 2315 totum,
1678 2260 1729 2307 et
1760 2251 1924 2307 detri-

337 2357 576 2404 mentum
599 2346 759 2402 faciat
774 2346 965 2401 animus
987 2345 1141 2401 sum?
1165 2354 1257 2399 aut
1280 2344 1406 2414 quid
1430 2343 1759 2399 dabit'homo
1785 2358 1924 2399 com-

335 2439 687 2495 mutationem
718 2452 815 2509 pro
845 2436 1020 2493 anima
1046 2434 1181 2492 sua?
1228 2435 1327 2501 Qui
1357 2434 1498 2491 enim
1545 2450 1631 2489 me
1671 2434 1926 2497 confusus

333 2530 501 2589 fuerit
547 2540 605 2587 et
630 2546 755 2586 mea.
772 2530 936 2585 verba
964 2530 1016 2584 in
1063 2528 1406 2599 generatione
1447 2527 1547 2582 ista
1595 2527 1830 2581 adultera
1871 2535 1926 2583 et

333 2622 664 2695 peccatrice,
693 2630 748 2677 et
776 2621 940 2677 Filius
962 2621 1195 2677 hominis
1219 2619 1508 2677 confundet
1528 2634 1651 2675 eum
1678 2620 1699 2655 ⁸
1729 2620 1781 2674 in
1809 2620 1926 2691 glo-

334 2716 416 2770 ria
442 2716 614 2770 Patris
642 2715 721 2770 sui
750 2730 884 2773 cum.
899 2714 1121 2784 Angelis
1140 2713 1271 2771 suis.

406 2807 475 2862 Et
502 2807 622 2861 alibi
652 2804 813 2879 [Ix.].:
841 2806 906 2861 Et
931 2806 1199 2876 accipiens
1230 2820 1472 2875 puerum,
1493 2806 1681 2861 statuit
1704 2821 1825 2862 eum
1868 2806 1921 2861 in

334 2899 726 2955 medioeorum
750 2916 763 2964 ;
797 2913 959 2969 quem
986 2913 1104 2957 cum
1133 2899 1445 2968 complexus
1466 2907 1637 2963 esset,
1671 2900 1744 2953 ait
1771 2899 1877 2955 illis
1906 2917 1922 2955 :

334 2989 589 3061 Quisquis
614 3003 779 3044 unum
809 3003 878 3043 ex
923 2987 1225 3057 hujusmodi
1254 2988 1435 3056 pueris
1460 2990 1722 3057 receperit
1749 2990 1799 3044 in
1829 3006 1924 3046 no-

337 3082 486 3138 mine
513 3097 632 3138 meo
654 3124 669 3146 ,
693 3097 779 3136 me
808 3081 1026 3150 recipit;
1056 3090 1111 3136 et
1138 3081 1457 3151 quicumque
1490 3097 1575 3137 me
1593 3084 1923 3153 susceperit,

339 3189 451 3230 non
482 3189 571 3230 me
599 3174 853 3243 suscipit,
897 3173 992 3229 sed
1035 3188 1156 3228 eum
1188 3173 1274 3242 qui
1316 3188 1401 3227 me
1443 3173 1605 3229 misit.
1656 3173 1725 3226 Et
1773 3175 1925 3243 paulo

339 3275 453 3337 post
479 3281 500 3320 :
536 3265 787 3335 Quisqms
830 3266 973 3318 enim
1019 3272 1204 3332 potum
1251 3262 1459 3317 dederit
1509 3262 1662 3318 vobis
1704 3263 1925 3319 calicem

337 3371 493 3426 aqua:
523 3357 544 3388 ⁸
572 3357 630 3411 in
652 3356 869 3412 nomine
891 3370 1012 3409 meo
1028 3396 1049 3419 ,ν
1071 3355 1193 3424 quia
1214 3355 1399 3417 Christi
1430 3356 1588 3420 estis;
1619 3373 1779 3412 amen
1804 3357 1925 3413 dico

338 3448 529 3516 vobis,
560 3464 667 3504 non
694 3448 885 3518 perdet
904 3447 1398 3503 mercedemsuam.
1433 3449 1757 3519 thuisquis
1781 3467 1929 3505 scau-

339 3539 655 3596 dalisaverit
680 3556 851 3597 unum
878 3554 944 3595 ex
978 3538 1062 3594 bis
1089 3540 1296 3609 pusillis
1340 3541 1685 3599 erodentibus
1709 3543 1763 3598 in
1803 3560 1923 3612 me,

337 3630 541 3688 bonum
566 3641 648 3691 est
686 3633 738 3688 ei
764 3633 931 3703 magis
956 3632 1002 3689 si
1040 3632 1464 3689 circumdaretur
1508 3637 1651 3695 mola
1695 3639 1926 3695 asinaria

340 3724 479 3789 collo
499 3724 612 3793 ejus
632 3766 645 3791 ,
677 3725 815 3779 etin
838 3739 1001 3782 mare.
1018 3725 1337 3781 mitteretur.
1368 3725 1435 3780 Et
1466 3737 1578 3796 post
1618 3730 1924 3799 paululum:

341 3812 549 3870 Habeto
576 3816 628 3870 in
656 3815 807 3870 vobis
831 3817 1030 3882 salem,
1064 3825 1118 3872 et
1137 3832 1326 3886 pacem
1359 3817 1548 3873 habete
1582 3820 1719 3875 inter
1749 3838 1863 3877 vos.

408 3906 481 3962 Et
500 3908 654 3979 paulo
678 3918 788 3980 post
815 3907 917 3982 [x.]
941 3927 955 3965 :
978 3910 1046 3965 Et
1073 3910 1391 3971 accedentes
1422 3911 1929 3973 Pharisaei-interro.

340 3999 543 4071 gabant
557 4015 678 4055 eum
696 4039 712 4065 ,
739 4000 793 4055 Si
823 4001 943 4057 licet
964 4001 1079 4056 viro
1100 4016 1319 4057 uxorem
1341 4002 1627 4070 dimittere,
1662 4014 1925 4063 tentantes

341 4104 487 4146 eum.
531 4091 603 4145 At
629 4091 715 4146 ille
738 4092 1105 4160 respondens,
1137 4092 1271 4146 dixit
1302 4094 1412 4147 eis:
1442 4094 1578 4162 Quid
1608 4098 1757 4152 vobis
1783 4115 1925 4170 prae-

339 4184 489 4253 cepit
500 4183 740 4255 Moyses?
763 4184 862 4251 Qui
890 4184 1139 4240 dixerunt
1162 4203 1173 4238 :
1203 4185 1409 4259 Moyses
1431 4189 1670 4256 permisit
1690 4190 1922 4248 libellum

340 4272 552 4343 repudii
591 4274 856 4340 scribere,
908 4284 965 4330 et
1017 4274 1305 4331 dimittere.
1350 4278 1551 4343 Quibus
1595 4284 1923 4350 respondens

340 4364 503 4423 Jesus
541 4366 661 4421 ait:
692 4367 772 4423 Ad
802 4365 1049 4421 duritiam
1090 4367 1267 4423 cordis
1313 4370 1477 4425 vestri
1516 4372 1737 4441 scripsit.
1773 4377 1923 4431 vobis

339 4468 675 4531 praeceptum.
690 4460 830 4516 istud
854 4476 870 4526 ;
896 4461 964 4515 ab
983 4462 1132 4517 initio
1147 4471 1323 4517 autem
1350 4475 1609 4523 creaturae
1630 4472 1923 4528 masculum

341 4561 401 4609 et
450 4554 699 4610 (culinam
742 4554 865 4610 fecit
909 4568 1002 4610 eos
1049 4556 1208 4612 Deus.
1259 4558 1484 4628 Propter
1519 4562 1619 4617 hoc
1663 4566 1926 4635 relinquet

341 4648 508 4703 homo
534 4657 743 4717 patrem
763 4663 916 4703 suum
947 4657 1005 4703 et
1047 4662 1270 4705 matrem
1293 4692 1307 4716 ,
1355 4663 1409 4706 et
1433 4654 1727 4712 adhaerebit
1772 4660 1923 4713 uxori

341 4754 492 4805 suae;
526 4748 581 4795 et
601 4748 758 4795 erunt
781 4740 889 4796 duo
921 4742 974 4795 in
1002 4757 1161 4797 carne
1181 4759 1305 4798 una.
1331 4744 1511 4814 itaque
1525 4747 1635 4816 jam
1660 4764 1768 4803 non
1801 4760 1926 4805 sunt

341 4830 471 4898 duo,
515 4831 609 4887 sed
636 4847 739 4887 una
764 4848 909 4887 caro.
932 4833 1084 4900 Quod
1106 4850 1232 4905 ergo
1270 4836 1414 4893 Deus
1441 4838 1732 4908 conjunxit,
1764 4843 1926 4899 homo

340 4938 448 4979 non
476 4933 704 4992 separet.
740 4924 807 4979 Et
835 4926 889 4980 in
915 4924 1073 4979 domo
1102 4927 1297 4983 iterum
1334 4928 1577 5001 discipuli
1602 4931 1716 5002 ejus
1744 4935 1811 4990 de
1832 4951 1924 4990 eo-

339 5013 463 5069 dem
494 5016 952 5087 interrogaverunt
981 5034 1122 5074 eum.
1157 5020 1226 5075 Et
1263 5021 1392 5077 dicit
1418 5024 1522 5079 illis
1551 5043 1563 5078 :
1592 5026 1923 5100 Quicumque

340 5106 603 5163 dimiserit
636 5125 863 5164 uxorem
881 5126 1028 5166 suam
1046 5154 1058 5176 ,
1084 5120 1140 5168 et
1158 5114 1316 5169 aliam
1338 5114 1580 5183 duxerit,
1605 5118 1922 5177 adulterium

339 5202 626 5256 committit
639 5218 799 5272 super
814 5218 951 5270 eam;
977 5204 1091 5260 etsi
1113 5221 1250 5261 uxor
1265 5207 1526 5265 dimiserit
1545 5211 1718 5267 virum
1744 5229 1920 5284 suum,

404 5315 424 5387 ξ
449 5321 586 5387 ven,
604 5312 918 5387 Δεοίηιηεὶῖιίινε
936 5323 1027 5387 ;et
1046 5317 1339 5387 paulopost,
1366 5320 1686 5387 coinqm’nmu.
1709 5331 1766 5375 Μ.

402 5378 425 5440 ξ
450 5378 664 5440 Vulgata,
685 5378 772 5428 sed
793 5377 845 5429 in
868 5377 1079 5440 ventrem
1099 5377 1245 5431 vadit.

403 5439 425 5471 ³
448 5439 677 5505 verbum,
699 5447 890 5505 exemit,
915 5444 1054 5505 abest
1075 5454 1104 5491 a
1130 5442 1325 5505 Vulgata
1349 5457 1363 5494 :
1386 5444 1477 5495 sed
1500 5452 1661 5496 exstat
1684 5448 1733 5499 in
1753 5450 1924 5500 codici-

336 5499 439 5575 bus
454 5499 600 5575 hujus
620 5499 825 5575 speculi,
866 5499 898 5574 εξ
927 5504 1103 5575 quibus
1135 5499 1309 5575 Regius
1332 5514 1407 5555 us.
1437 5514 1577 5569 post,
1622 5499 1925 5575 cogitationes

337 5562 502 5628 make,
530 5562 855 5628 prosequitur,
878 5562 992 5615 inde
1013 5562 1290 5628 procedunt.

404 5624 430 5699 ξ
451 5624 626 5699 “estus
640 5624 960 5699 passeium
979 5624 1221 5691 simam"
1243 5632 1348 5695 νοει
1380 5642 1457 5682 me
1477 5629 1615 5697 δεσυί
1636 5644 1655 5685 -°
1677 5634 1750 5687 δίο
1780 5636 1923 5690 eum

338 5688 539 5749 antiqua
552 5688 687 5735 Corb.
716 5688 876 5737 Biblia.
986 5688 1004 5691 “

335 5793 339 5796 .
404 5748 425 5811 ξ
453 5747 667 5811 Vulgata,
688 5750 1004 5811 confundetur
1024 5764 1152 5805 cum.

405 5808 667 5887 139.εέξὲξὲἓὲ
688 5808 971 5877 addebatur:
992 5812 1192 5882 fricti“:
1216 5825 1237 5867 -'
1265 5814 1397 5884 quod
1428 5816 1573 5873 abeat
1602 5830 1639 5877 ι
1670 5827 1777 5875 iis.
1810 5829 1864 5878 et
1895 5836 1926 5887 ιι

336 5873 491 5922 sata-is
505 5872 681 5925 Bibliis.

1574 375 1677 435 es.
1707 374 2091 443 SCRIPTURA
2127 372 2371 443 secat.
2471 444 2475 448 .

3526 385 3633 457 983

2047 497 2104 565 et
2127 490 2216 549 alii
2245 490 2517 563 nupserit,
2564 492 2880 557 moechatur.
2927 494 3138 569 Etpost
3170 504 3385 569 quatuor
3412 514 3626 553 versus.-

2043 583 2213 640 Sinite
2234 584 2490 654 parvulus
2514 589 2696 645 venire
2722 590 2787 645 ad
2814 606 2919 657 me,
2944 598 2998 646 et
3024 605 3089 646 ne
3115 589 3489 660 prohibueritis
3508 607 3621 646 eos.

2041 660 2247 737 Talium
2270 687 2353 734 est
2367 681 2513 739 enim
2540 696 2761 760 regnum
2785 685 2896 739 Dei.
2930 686 3098 741 Amen
3120 682 3242 739 dico
3262 684 3411 740 vobis
3436 726 3450 751 ,
3479 684 3626 755 quis-
3663 672 3667 676 ’

2039 771 2163 841 quis
2195 786 2304 827 non
2325 774 2587 843 receperit
2615 790 2835 847 regnum
2886 777 2977 832 Dei
3018 776 3163 832 velut
3188 777 3473 848 parvulus,
3516 792 3622 832 non

2038 861 2345 918 intrabitin
2386 863 2539 923 illud.
2573 866 2642 927 Et
2685 850 3030 938 complexans
3061 884 3153 924 eos
3177 910 3195 936 ,
3244 877 3299 924 et
3342 869 3623 941 imponens

2037 971 2227 1010 manus
2252 971 2412 1027 super
2438 959 2558 1016 illos
2577 1002 2591 1028 ,
2620 961 2970 1021 bcnedicebat
2989 976 3101 1019 eos.
3134 962 3345 1017 Etcum
3375 978 3625 1034 egressus

2036 1057 2180 1103 esset
2205 1049 2257 1103 in
2284 1051 2420 1104 viam
2441 1093 2457 1119 ,
2503 1067 2834 1122 praecurrens
2856 1054 2873 1087 ³
2903 1054 3119 1126 quidam
3159 1070 3299 1125 genu
3321 1054 3459 1111 ﬂexo
3496 1064 3623 1112 ante
3680 1076 3681 1079 η

2034 1158 2187 1209 eum,
2214 1146 2436 1215 rogabat
2476 1161 2596 1203 eum
2623 1166 2635 1201 :
2661 1147 2912 1218 Magister
2954 1148 3124 1216 bene,
3155 1148 3277 1219 quid
3310 1146 3497 1204 faciam
3518 1191 3533 1217 ,
3565 1157 3625 1205 ut

2033 1236 2195 1290 vitam
2221 1246 2474 1295 mternam
2496 1239 2828 1308 pereipiam?
2851 1238 3007 1299 Jesus
3026 1248 3203 1296 autem
3225 1240 3356 1296 dixit
3376 1240 3424 1296 ei
3450 1258 3464 1295 :
3487 1239 3622 1309 Quid

2033 1344 2120 1385 me
2139 1328 2273 1385 dicis
2302 1330 2497 1387 bonum
2518 1332 2540 1385 ?
2565 1331 2735 1389 Nemo
2759 1332 2931 1389 bonus
2950 1373 2968 1399 ,
3000 1334 3101 1389 nisi
3128 1349 3265 1390 unus
3282 1334 3442 1390 Deus.
3477 1334 3624 1388 Prae-
3720 1325 3725 1330 ’

2032 1430 2184 1491 cepta
2215 1422 2396 1477 nosti?
2447 1422 2525 1478 Ne
2568 1423 2869 1490 adulteres,
2901 1424 2977 1482 Ne
3007 1425 3248 1493 occidas,
3289 1426 3366 1482 Ne
3396 1426 3617 1495 (ureris,

2030 1512 2110 1567 Ne
2139 1514 2325 1569 falsum
2366 1515 2732 1577 testimonium
2758 1516 2989 1586 dixeris,
3020 1516 3096 1573 Ne
3123 1518 3363 1579 fraudem
3392 1517 3582 1574 feceris
3602 1557 3620 1586 ,

2031 1604 2243 1659 Honora
2268 1612 2477 1676 patrem
2508 1616 2653 1662 tuum
2679 1616 2735 1664 et
2758 1617 3005 1669 matrem.
3038 1608 3218 1666 Atille
3253 1610 3618 1682 respondens,

2029 1700 2103 1755 ait
2141 1700 2261 1754 illi:
2294 1700 2576 1773 Magister,
2627 1701 2745 1759 hare
2790 1704 2967 1763 omnia
3015 1704 3221 1761 servavi
3269 1720 3296 1759 a
3337 1703 3621 1775 juventute

2029 1805 2170 1845 mea.
2201 1790 2354 1846 Jcsus
2384 1801 2561 1850 autem
2583 1793 2807 1855 intuitus
2833 1810 2955 1855 eum
2975 1836 2992 1862 ,
3017 1795 3202 1855 dilexit
3221 1811 3377 1863 eum;
3408 1805 3462 1855 et
3482 1797 3615 1852 dixit

2029 1880 2107 1935 illi
2157 1899 2171 1936 :
2224 1881 2399 1938 Unum
2446 1884 2540 1940 tibi
2584 1884 2737 1941 deest
2783 1904 2796 1940 :
2840 1886 3010 1953 vade,
3063 1902 3409 1959 quaecumque
3453 1888 3620 1946 habes

2028 1971 2201 2026 vende
2229 2014 2244 2039 ,
2289 1982 2343 2027 et
2386 1974 2454 2029 da
2484 1976 2834 2044 pauperibus,
2884 1985 2938 2033 et
2980 1977 3200 2033 habebis
3226 1977 3533 2035 thesaurum
3567 1981 3621 2036 in

2028 2065 2201 2129 coelo;
2231 2070 2286 2119 et
2304 2065 2445 2130 veni,
2470 2080 2695 2135 sequere
2720 2084 2825 2122 me.
2853 2068 2951 2135 Qui
2976 2070 3321 2126 contristatus
3344 2072 3399 2127 in
3425 2071 3617 2142 verbo,

2028 2154 2157 2211 abiit
2176 2170 2443 2213 moerens:
2474 2168 2587 2213 erat
2611 2160 2754 2215 enim
2781 2159 2987 2214 habens
3013 2161 3205 2221 multas
3224 2167 3621 2233 possessiones.

2028 2243 2101 2299 Et
2123 2246 2562 2316 circumspiciens
2609 2248 2765 2311 Jesus
2786 2290 2800 2314 ,
2833 2250 2908 2304 ait
2945 2250 3219 2323 discipulis
3263 2254 3374 2309 suis
3402 2272 3416 2309 :
3448 2254 3620 2323 Quam

2028 2336 2248 2393 difﬁcile
2293 2338 2381 2407 qui
2411 2339 2663 2407 pecunias
2709 2338 2941 2405 habent,
2976 2342 3030 2396 in
3056 2358 3276 2412 regnum
3312 2344 3405 2400 Dei
3446 2345 3622 2401 intro-

2030 2428 2212 2486 ibunt!
2246 2430 2498 2500 Discipuli
2522 2439 2701 2486 autem
2726 2433 3178 2503 obstupescebant
3198 2436 3249 2491 in
3275 2438 3453 2493 verbis
3481 2439 3618 2509 ejus.

2028 2523 2098 2575 At
2125 2521 2280 2577 Jesus
2309 2538 2496 2579 rursus
2518 2524 2888 2593 respondens,
2925 2526 3002 2589 ait
3023 2526 3129 2591 illis
3156 2545 3169 2581 :
3201 2527 3379 2584 Filioli
3405 2570 3419 2595 ,
3457 2546 3617 2601 quam

2028 2614 2246 2669 difﬁcile
2278 2624 2363 2671 est
2408 2615 2741 2674 confidentes
2788 2618 2840 2671 in
2890 2620 3129 2688 pecuniis
3177 2620 3229 2676 in
3270 2612 3492 2691 regnum
3524 2623 3618 2679 Dei

2030 2706 2289 2763 introire!
2326 2707 2560 2765 Facilius
2611 2718 2694 2765 est
2718 2711 2982 2767 camelum
3039 2727 3136 2782 per
3190 2712 3429 2773 foramen
3488 2731 3619 2773 acus

2032 2801 2292 2864 transire,
2327 2816 2485 2869 quam
2517 2800 2733 2861 divitem
2766 2801 2964 2863 intrare
3015 2803 3067 2861 in
3094 2820 3318 2876 regnum
3356 2807 3471 2862 Dei.
3514 2807 3619 2875 Qui

2030 2892 2201 2962 magis
2243 2892 2681 2960 admirabantur,
2718 2892 2961 2951 dicentes
2984 2894 3051 2955 ad
3096 2896 3303 2966 seipsos
3334 2914 3349 2952 :
3392 2899 3457 2953 Et
3497 2900 3617 2969 quis

2030 2992 2212 3055 potest
2246 2984 2427 3040 salvus
2461 2984 2614 3039 fieri?
2646 2985 2943 3045 Etiutueus
2968 2986 3085 3045 illos
3111 2986 3266 3043 Jesus
3285 3028 3300 3055 ,
3323 2988 3434 3044 ait:
3463 2990 3621 3060 Apud

2031 3076 2275 3133 homines
2298 3075 2628 3145 impossibile
2649 3082 2752 3143 est,
2791 3076 2884 3131 sed
2915 3092 3019 3133 non
3041 3078 3183 3149 apud
3208 3080 3373 3134 Deum
3401 3097 3415 3134 :
3441 3081 3622 3137 omnia

2028 3171 2173 3225 enim
2213 3168 2484 3239 possibilia
2510 3175 2637 3223 sunt
2663 3168 2805 3237 apud
2841 3168 3029 3225 Deum.
3063 3172 3127 3224 Et
3150 3171 3314 3240 cocpit
3356 3172 3547 3226 Petrus
3567 3173 3618 3227 ei

2030 3261 2207 3316 dicere
2233 3278 2245 3314 :
2277 3261 2413 3314 Ecce
2444 3274 2541 3315 nos
2564 3259 2878 3329 reliquimus
2905 3261 3114 3326 omnia,
3166 3271 3220 3319 et
3245 3265 3410 3319 secuti
3433 3279 3620 3320 sumus

2032 3362 2103 3409 te.
2134 3351 2487 3422 Respondeas
2527 3351 2684 3407 Jesus
2730 3352 2803 3406 ait
2835 3368 2848 3405 :
2881 3352 3053 3413 Amen
3087 3352 3207 3413 dico
3236 3356 3418 3423 vobis,
3462 3371 3622 3412 nemo

2031 3452 2114 3499 est
2144 3442 2236 3512 qui
2267 3442 2544 3512 reliquerit
2573 3443 2790 3505 domum
2811 3485 2826 3509 ,
2853 3454 2944 3499 aut
2991 3443 3211 3510 fratres,
3246 3455 3336 3501 aut
3361 3462 3573 3503 sorores
3595 3489 3613 3516 ,

2031 3542 2124 3590 aut
2162 3542 2385 3603 matrem
2412 3574 2426 3597 ,
2458 3544 2549 3588 aut
2584 3543 2785 3603 patrem
2807 3574 2824 3601 ,
2854 3545 2947 3589 aut
2983 3535 3156 3604 ﬁlios,
3192 3546 3284 3595 aut
3310 3553 3467 3609 agros
3492 3554 3619 3609 pro.

2032 3635 2151 3697 pter
2172 3642 2256 3680 me
2284 3635 2336 3679 ct
2362 3635 2579 3695 propter
2602 3628 2946 3697 Evangelium
2970 3670 2984 3695 ,
3011 3630 3098 3699 qui
3117 3644 3223 3685 non
3248 3633 3470 3703 accipiat
3494 3648 3621 3691 cen-

2032 3718 2134 3774 ties
2156 3726 2359 3772 tantum
2386 3734 2526 3775 nunc
2562 3719 2613 3771 in
2642 3719 3039 3789 temporehoc;
3063 3721 3283 3787 domus,
3319 3733 3372 3779 et
3392 3724 3615 3793 fratres,

2033 3822 2088 3868 et
2113 3826 2363 3876 sorores,
2410 3820 2462 3865 ct
2500 3820 2734 3877 matres,
2763 3822 2816 3871 et
2844 3812 2979 3868 ﬁlios
2999 3854 3014 3881 ,
3042 3822 3096 3870 et
3119 3830 3306 3886 agros,
3332 3832 3454 3874 cum
3497 3833 3621 3889 per-

2033 3902 2426 3967 sccutionibus;
2475 3910 2531 3957 et
2572 3902 2624 3957 in
2670 3903 2869 3963 saeculo
2910 3903 3085 3959 futuro
3134 3907 3294 3961 vitam
3344 3917 3618 3965 aeternam.

2031 3992 2182 4048 Multi
2237 4002 2416 4048 autem
2461 4002 2618 4051 erunt
2668 3996 2821 4065 primi
2875 3998 3185 4066 novissimi,
3244 4008 3299 4057 et
3345 4002 3622 4065 novissimi

2032 4085 2211 4155 primi.
2240 4084 2304 4138 Et
2329 4085 2484 4156 paulo
2516 4096 2626 4156 post
2649 4102 2668 4141 :
2699 4088 2859 4143 Scitis
2889 4090 3009 4158 quia
3035 4091 3069 4145 ii
3096 4093 3447 4162 quividentur
3473 4088 3622 4167 prin-

2032 4177 2199 4245 cipari
2224 4175 2484 4233 Gentibus
2505 4219 2520 4245 ,
2551 4178 2891 4241 dominantur
2919 4181 3024 4249 eis,
3059 4192 3112 4239 et
3140 4186 3407 4256 principes
3436 4205 3619 4244 eorum

2031 4277 2349 4338 potestatem
2380 4269 2575 4324 habent
2602 4270 2857 4340 ipsorum.
2890 4273 3002 4328 Non
3033 4276 3102 4329 ita
3133 4286 3213 4337 est
3248 4286 3424 4332 autem
3454 4279 3505 4332 in
3527 4295 3625 4334 vo-

2030 4358 2112 4413 bis
2144 4376 2156 4412 :
2190 4358 2281 4414 sed
2314 4360 2634 4430 quicumque
2677 4362 2905 4417 voluerit
2944 4364 3057 4418 fieri
3083 4366 3285 4433 major,
3316 4368 3416 4422 erit
3444 4378 3622 4427 vester

2030 4453 2309 4517 minister;
2337 4463 2391 4507 et
2414 4454 2731 4531 quicumque
2753 4455 2975 4509 voluerit
3001 4457 3055 4512 in
3072 4458 3224 4513 vobis
3246 4461 3447 4528 primus
3475 4476 3612 4530 esse,

2032 4545 2133 4599 erit
2160 4546 2395 4599 omnium
2423 4560 2626 4600 servus.
2658 4545 2788 4599 Nam
2812 4556 2864 4600 et
2892 4546 3053 4601 Filius
3085 4548 3314 4605 hominis
3338 4567 3439 4606 non
3474 4553 3620 4610 venit

2033 4643 2090 4689 ut
2118 4636 2508 4689 ministraretur
2528 4637 2575 4691 ei
2596 4676 2612 4703 ,
2643 4635 2738 4692 sed
2767 4643 2827 4691 ut
2854 4637 3213 4709 ministraret,
3238 4652 3291 4696 et
3318 4642 3470 4699 daret
3498 4645 3617 4700 ani-

2032 4741 2172 4782 nam
2200 4740 2347 4780 suam
2376 4725 2796 4796 redemptionem
2826 4744 2923 4798 pro
2946 4731 3144 4786 multis.

2105 4818 2169 4872 Et
2189 4817 2446 4890 aliquanto
2467 4829 2579 4891 post
2598 4817 2720 4893 [xu]
2746 4840 2757 4874 :
2784 4822 2850 4877 Et
2868 4825 3196 4893 reSpondens
3210 4825 3387 4895 Jesus,
3411 4830 3484 4885 ait
3502 4828 3579 4885 eis
3600 4848 3614 4886 :

2032 4906 2235 4963 Habeto
2276 4908 2432 4966 iidem
2468 4910 2593 4977 Dei;
2625 4926 2779 4969 amen
2824 4913 2945 4970 dico
2976 4915 3153 4984 vobis,
3186 4918 3504 4990 quicumque
3529 4921 3612 4975 di-

2032 5001 2169 5056 xerit
2198 5000 2320 5056 huic
2350 5001 2517 5057 monti
2536 5045 2549 5069 ,
2582 5004 2791 5060 Tollere
2820 5016 2875 5061 et
2900 5008 3110 5063 mittere
3138 5011 3186 5063 in
3216 5028 3396 5079 mare;
3427 5023 3481 5069 et
3508 5031 3613 5070 non

2032 5091 2356 5150 btesitaverit
2386 5094 2437 5149 in
2466 5096 2625 5153 corde
2650 5112 2780 5165 suo,
2813 5098 2907 5159 sed
2938 5100 3256 5166 crediderit,
3289 5105 3409 5173 quia
3440 5107 3612 5175 quod-

2032 5198 2257 5255 cumque
2283 5185 2507 5254 dixerit,
2539 5186 2689 5255 Fiat,
2732 5187 2823 5243 ﬂet
2845 5191 2913 5244 ei.
2946 5192 3233 5261 Propterea
3265 5194 3384 5249 dico
3415 5198 3563 5252 vobis
3595 5217 3610 5253 :

2022 5273 2218 5331 Omnia
2240 5291 2587 5348 quaecumque
2613 5290 2827 5335 orantes
2857 5282 3033 5350 petitis
3051 5323 3067 5349 ,
3092 5284 3296 5339 credite
3322 5288 3439 5355 quia
3466 5289 3612 5343 acci-

2031 5366 2222 5439 pietis,
2273 5378 2326 5424 et
2373 5371 2632 5426 venient’
2656 5371 2823 5428 vobis.
2857 5373 2924 5428 Et
2954 5390 3070 5429 cum
3119 5375 3327 5431 stabilis
3353 5378 3417 5433 ad
3449 5396 3610 5435 oran-

2031 5459 2157 5514 dum
2178 5501 2195 5527 ,
2236 5460 2487 5517 dimittite
2510 5462 2553 5516 si
2581 5462 2705 5534 quid
2746 5463 2951 5520 habetis
2976 5467 3230 5522 adversus
3258 5470 3518 5541 aliquem;
3554 5484 3609 5528 ut

2031 5559 2087 5608 et
2110 5552 2265 5608 Pater
2292 5562 2473 5608 vester
2503 5554 2595 5625 qui
2632 5555 2685 5610 in
2714 5555 2871 5612 cmlis
2890 5568 2969 5613 est
2987 5599 3003 5626 ,
3048 5559 3278 5615 dimittat
3301 5563 3450 5617 vobis
3479 5580 3609 5634 pecr

2032 5652 2149 5699 cata
2173 5652 2370 5701 vestra.
2402 5645 2553 5714 Quod
2595 5646 2639 5702 si
2678 5663 2773 5704 vos
2800 5666 2902 5705 non
2931 5650 3237 5708 dimiseritis
3257 5696 3271 5723 ,
3327 5670 3425 5711 nec
3453 5656 3580 5712 Pate
3607 5676 3611 5680 -

2029 5745 2208 5795 vester
2233 5740 2323 5809 qui
2348 5740 2400 5794 in
2429 5741 2577 5796 cretis
2606 5750 2713 5808 est,
2738 5743 2965 5800 dimittet
2992 5746 3141 5804 vobis
3165 5758 3380 5819 peccata
3406 5762 3607 5809 vestra.

2029 5870 2037 5889 ο
2094 5828 2354 5906 irrisas,
2380 5842 2683 5906 ηῖρςιιιῖεέηρ·
2707 5841 2874 5901 ωερε-ι
2899 5837 3236 5906 emittm
3257 5854 3530 5899 αοοισταιε·

2094 5889 2117 5925 ³
2140 5889 2354 5956 vulgata,
2376 5896 2423 5947 et
2437 5890 2667 5947 ευσηὶεηι.
