4110 6466
503 362 616 424 983
722 394 735 405 -

568 482 593 541 ἶ
604 494 702 541 tem
711 494 824 559 post
841 486 1155 559 aliquantum
1167 485 1313 566 [x11.]
1329 503 1344 543 :
1358 487 1708 561 Respondeas
1722 497 1898 546 autem
1910 486 2088 552 Iesus,

504 577 648 635 dixit
673 577 779 634 illis
807 595 821 633 :
852 578 1077 635 Reddite
1104 580 1262 651 igitur
1287 594 1407 651 quae
1435 590 1559 637 sunt
1587 580 1831 647 Cassaris,
1854 579 2091 647 Caesari;

508 678 569 726 et
597 685 718 741 quae
742 677 867 725 sunt
891 670 1016 736 Dei,
1048 669 1178 725 Deo.
1210 668 1280 725 Et
1304 671 1407 726 alio
1431 671 1542 727 loco
1565 688 1587 728 :
1617 671 1687 727 Et
1705 672 1933 729 accessit
1956 688 2095 728 unus

513 764 587 820 de
616 764 838 832 Scribis,
865 764 955 836 qui
983 763 1224 820 audierat
1250 764 1370 821 illos
1394 768 1771 838 conquirentes
1788 808 1803 831 ,
1832 775 1888 824 et
1912 766 2097 824 videns

509 856 640 927 quia
666 855 805 913 bene
832 854 936 912 illis
963 856 1329 928 responderit,
1376 858 1721 931 interrogavit
1744 875 1867 916 eum
1892 902 1908 930 ,
1953 861 2095 932 quod

503 958 653 1007 esset
680 950 908 1020 primum
950 951 1188 1006 omnium
1229 952 1557 1009 mandatum.
1603 953 1759 1010 Jesus
1797 965 1974 1012 autem
2002 972 2093 1013 re-

503 1040 723 1111 spondit
737 1040 808 1105 ei,
829 1040 962 1108 Quia
978 1041 1206 1112 primum
1220 1043 1461 1100 omnium
1484 1044 1792 1101 mandatum
1807 1054 1911 1114 est,
1931 1046 2090 1115 Audi,

502 1133 691 1199 Israel,
728 1136 984 1191 Dominus
1011 1136 1152 1192 Deus
1176 1146 1298 1193 tuus
1325 1137 1467 1193 Deus
1494 1153 1633 1194 unus
1656 1148 1773 1206 est;
1796 1147 1868 1206 et,
1896 1140 2097 1210 Diliges
2124 1144 2129 1163 ³

502 1226 789 1282 Dominum
820 1228 987 1283 Deum
1019 1237 1163 1283 tuum
1192 1243 1259 1283 ex
1290 1237 1402 1285 toto
1428 1228 1590 1285 corde
1613 1238 1704 1286 tuo
1723 1271 1738 1298 ,
1787 1239 1841 1287 et
1874 1247 1937 1287 ex
1982 1240 2097 1287 tota

498 1319 683 1375 anima
710 1327 833 1386 tua,
879 1330 934 1377 et
961 1336 1025 1376 ex
1059 1329 1168 1377 tota
1198 1331 1377 1378 mente
1406 1331 1494 1377 tua
1513 1363 1529 1391 ,
1574 1330 1629 1379 et
1667 1340 1733 1379 ex
1764 1332 1870 1379 tota
1899 1325 2096 1380 virtute

502 1418 596 1466 tua
625 1427 639 1462 :
674 1410 776 1466 hoc
810 1420 893 1466 est
920 1411 1150 1481 primum
1196 1412 1524 1469 mandatum.
1556 1413 1862 1484 Secundum
1909 1424 2089 1472 autem
2126 1420 2129 1427 '

500 1500 680 1557 simile
708 1511 792 1557 est
815 1501 890 1557 illi
922 1521 936 1558 :
980 1502 1176 1574 Diliges
1201 1505 1501 1572 proximum
1528 1514 1675 1561 tuum
1718 1517 1969 1577 tanquam
2009 1517 2091 1563 te-

498 1592 702 1661 ipsum.
733 1592 902 1662 Maius
929 1592 1119 1651 horum
1145 1594 1287 1650 aliud
1313 1595 1620 1651 mandatum
1667 1612 1771 1651 non
1803 1608 1903 1653 est.
1933 1598 2000 1653 Et
2021 1600 2094 1653 ait

498 1684 581 1741 illi
608 1684 833 1742 Scriba:
861 1684 1041 1752 Bene,
1064 1686 1347 1757 magister,
1379 1687 1432 1742 in
1462 1688 1686 1743 veritate
1723 1688 1933 1757 dixisti,
1970 1689 2093 1761 quia

497 1790 639 1833 unus
666 1786 750 1833 est
774 1777 935 1844 Deus,
955 1787 1011 1833 et
1033 1792 1140 1833 non
1158 1789 1242 1835 est
1268 1778 1404 1836 alius
1425 1789 1621 1851 prmter
1651 1795 1805 1846 eum;
1836 1790 1892 1837 et
1927 1791 1982 1836 ut
2007 1782 2092 1836 di-

498 1868 698 1941 ligatur
712 1884 778 1924 ex
800 1878 910 1924 toto
933 1869 1096 1925 corde
1119 1911 1134 1936 ,
1166 1879 1223 1926 et
1241 1886 1311 1927 ex
1333 1880 1447 1929 toto
1474 1872 1743 1928 intellectu
1762 1914 1777 1937 ,
1807 1881 1862 1927 et
1888 1888 1955 1928 ex
1985 1882 2091 1928 tota

493 1961 712 2026 anima,
748 1969 802 2016 et
828 1975 898 2016 ex
932 1970 1043 2017 tota
1067 1961 1378 2018 fortitudine
1410 1980 1425 2016 :
1464 1971 1519 2018 et
1546 1964 1766 2034 diligere
1791 1964 2090 2033 proximum

496 2061 757 2125 tanquam
784 2055 1018 2125 seipsum
1043 2095 1060 2123 ,
1088 2056 1261 2125 majus
1284 2063 1368 2111 est
1387 2056 1634 2111 omnibus
1659 2055 2091 2112 holocaustoma-

497 2146 648 2201 Iibus
669 2154 722 2201 et
750 2145 1046 2201 sacriﬁciis.
1072 2145 1230 2202 Jesus
1253 2156 1430 2206 autem
1455 2146 1639 2202 videns
1656 2147 1795 2217 quod
1823 2149 2093 2217 sapienter

496 2237 900 2305 respondisset,
930 2236 1064 2293 dixit
1089 2236 1166 2291 illi
1199 2254 1213 2292 :
1240 2237 1355 2292 Non
1378 2252 1439 2293 es
1460 2237 1615 2308 longe
1634 2252 1665 2292 a
1693 2253 1855 2308 regno
1882 2239 1997 2293 Dei.
2024 2228 2111 2294 Et

497 2340 661 2383 nemo
681 2327 792 2397 iam
838 2327 1068 2383 audebat
1094 2342 1219 2383 eum
1263 2330 1609 2400 interrogare.
1661 2330 1728 2384 Et
1760 2330 1914 2401 paulo
1943 2340 2115 2403 post:

493 2416 698 2474 Cavete
744 2433 776 2472 a
804 2418 1039 2486 Scribis,
1065 2420 1157 2489 qui
1196 2419 1382 2474 volunt
1410 2420 1464 2475 in
1494 2419 1644 2475 stolis
1690 2421 1961 2477 ambulare
1981 2461 1996 2485 ,
2037 2431 2090 2476 et

495 2509 719 2564 salutari
736 2510 790 2564 in
817 2510 951 2575 foro,
983 2518 1039 2565 et
1064 2510 1122 2566 in
1149 2510 1333 2580 primis
1350 2510 1620 2566 cathedris
1645 2512 1833 2568 sedere
1861 2514 1912 2566 in
1937 2528 2091 2585 syna-

495 2601 649 2672 gogis
672 2642 688 2669 ,
731 2610 785 2657 et
809 2601 1009 2671 primos
1035 2601 1331 2656 discubitus
1367 2599 1422 2656 in
1462 2602 1630 2656 cmnis
1662 2617 1676 2653 :
1709 2603 1798 2672 qui
1836 2603 2093 2657 devorant

494 2693 688 2749 domos
728 2692 1007 2748 viduarum
1050 2692 1150 2748 sub
1178 2692 1401 2749 obtentu
1444 2693 1665 2763 prolixa:
1695 2694 1988 2761 oratiOnis,
2037 2694 2089 2749 hi

494 2788 767 2857 accipiunt
788 2788 805 2819 ι
834 2784 1096 2857 prolixius
1116 2783 1399 2856 judicium.
1419 2783 1695 2842 Etsedens
1717 2785 1874 2842 Jesus
1902 2795 2088 2843 contra

493 2877 967 2950 gazophylacium,
1018 2878 1311 2948 aspiciebat
1358 2878 1628 2949 quomodo
1678 2879 1827 2935 turba
1865 2878 2092 2949 iactaret

494 2985 575 3024 ms
592 2968 644 3024 in
669 2968 1135 3040 gazophylacium:
1157 2977 1214 3025 et
1230 2968 1382 3025 multi
1396 2969 1588 3025 divites
1604 2969 1876 3040 iactabant
1899 2972 2087 3026 multa.

492 3058 635 3115 Cum
658 3060 895 3116 venisset
910 3069 1089 3115 autem
1114 3075 1219 3116 una
1240 3060 1400 3116 vidua
1424 3076 1653 3132 pauper,
1682 3062 1826 3116 misit
1849 3061 1956 3117 duo
1987 3062 2088 3116 mi-

494 3159 627 3205 nuta
649 3191 662 3216 ,
690 3150 835 3222 quod
860 3159 944 3207 est
980 3150 1248 3221 quadrans
1275 3168 1289 3206 :
1319 3160 1374 3207 et
1416 3166 1716 3207 convocans
1755 3151 2046 3222 discipulos
2067 3195 2083 3218 ,

493 3244 575 3298 ait
602 3242 729 3309 illis,
754 3245 924 3300 Amen
952 3243 1075 3299 dico
1094 3243 1267 3311 vobis,
1289 3244 1541 3315 quoniam
1569 3244 1728 3300 vidua
1751 3247 1865 3299 hare
1891 3261 2091 3316 pauper

492 3336 619 3409 plus
659 3337 906 3394 omnibus
940 3337 1115 3405 misit,
1145 3337 1238 3408 qui
1261 3337 1524 3393 miserunt
1550 3336 1603 3392 in
1632 3339 2085 3411 gazophylacium.

493 3427 698 3483 Omnes
739 3429 883 3484 enim
922 3444 988 3486 ex
1025 3443 1092 3485 eo
1137 3428 1279 3499 quod
1309 3428 1611 3485 abundabat
1638 3429 1746 3485 illis
1790 3432 2085 3497 miserunt;

491 3518 614 3576 haec
638 3536 764 3577 vero
789 3521 856 3577 de
879 3520 1103 3592 penuria
1128 3536 1224 3577 sua
1247 3522 1425 3579 omnia
1451 3537 1570 3594 quae
1598 3522 1784 3581 habuit
1808 3526 1971 3595 misit,
2004 3534 2087 3583 to-

492 3619 608 3669 tum
636 3613 837 3670 victum
859 3630 1034 3670 suum.

567 3706 636 3761 Et
661 3707 817 3778 paulo
844 3716 976 3777 post.
1000 3705 1143 3784 [χιιι]
1164 3706 1263 3763 :Et
1280 3722 1402 3763 cum
1422 3708 1774 3767 duxerintvos
1796 3713 2081 3783 tradentes,

491 3798 664 3854 nolite
693 3799 1040 3867 praecogitare
1068 3797 1195 3868 quid
1230 3798 1557 3869 loquamini,
1588 3802 1685 3857 sed
1713 3803 1855 3873 quod
1898 3804 2081 3861 datum

494 3891 659 3949 fuerit
682 3894 834 3949 vobis
860 3892 914 3948 in
943 3893 1030 3949 illa
1052 3895 1204 3958 hora,
1232 3892 1285 3949 id
1314 3893 1613 3965 loquimini.
1641 3895 1758 3953 Non
1785 3898 1925 3954 enim
1954 3902 2083 3956 estis

491 3997 594 4040 vos
620 3984 919 4054 loquentes,
938 3985 1032 4040 sed
1056 3984 1286 4056 Spiritus
1310 3996 1547 4043 sanctus.
1572 3986 1642 4043 Et
1663 4000 1774 4061 post
1793 3992 2082 4061 paululum:

491 4074 567 4132 Et
607 4076 759 4132 eritis
785 4076 910 4131 odio
936 4078 1183 4133 omnibus
1228 4086 1445 4149 propter
1472 4096 1671 4138 nomen
1715 4099 1912 4145 meum.
1981 4084 2082 4153 Qui

490 4176 675 4224 autem
706 4168 1016 4225 sustinuerit
1035 4168 1088 4223 in
1119 4168 1302 4237 linem,
1324 4170 1414 4226 hic
1441 4172 1617 4228 salvus
1643 4176 1763 4232 erit.
1788 4176 1860 4232 Et
1887 4179 1989 4234 alio
2030 4181 2085 4236 in

490 4261 606 4318 loco
623 4277 644 4317 :
672 4260 881 4327 Videte,
910 4260 1143 4333 vigilate,
1173 4272 1228 4318 et
1250 4272 1433 4331 orate;
1466 4266 1682 4323 nescitis
1701 4270 1842 4324 enim
1871 4272 2085 4342 quando

490 4362 706 4425 tempus
735 4353 823 4409 sit.
851 4351 1002 4409 Sicut
1045 4351 1207 4409 homo
1233 4355 1322 4425 qui
1358 4370 1580 4427 peregre
1623 4358 1920 4430 profectus,
1954 4364 2082 4419 reli-

491 4448 613 4520 quit
653 4447 871 4504 domum
922 4462 1104 4514 suam,
1132 4455 1186 4503 et
1222 4447 1368 4504 dedit
1411 4449 1580 4506 servis
1626 4453 1737 4508 suis
1767 4464 2083 4522 potestatem

493 4542 753 4612 cujusque
777 4542 987 4613 operis,
1030 4549 1085 4596 et
1117 4540 1334 4611 ianitori
1361 4546 1615 4615 praecepit
1656 4556 1713 4603 ut
1741 4549 1943 4619 vigilet.
1992 4550 2085 4605 Vi-

493 4632 659 4703 gilate
698 4646 826 4703 ergo
858 4650 873 4688 :
900 4632 1117 4688 nescitis
1172 4632 1317 4688 enim
1367 4635 1579 4705 quando
1605 4637 1853 4695 dominus
1891 4641 2082 4698 domus

494 4722 707 4787 Veniat;
757 4736 914 4789 sero,
958 4736 1026 4776 an
1086 4721 1261 4777 media
1291 4732 1482 4793 nocte,
1528 4740 1596 4781 an
1622 4728 1743 4798 galli
1790 4739 1980 4799 cantu,
2013 4747 2079 4787 an

491 4830 654 4874 mane
682 4832 695 4871 :
724 4829 792 4870 ne
819 4829 940 4870 cum
990 4814 1199 4871 venerit
1248 4825 1500 4886 repente,
1555 4817 1791 4875 inveniat
1818 4837 1913 4877 vos
1958 4823 2085 4879 dor-

489 4908 739 4965 mientes.
801 4904 955 4975 Quod
998 4914 1174 4962 autem
1207 4905 1358 4963 vobis
1410 4906 1566 4978 dico,
1624 4911 1872 4969 omnibus
1926 4913 2079 4984 dico,

506 4985 753 5057 Vigilate.

679 5101 769 5159 DE
808 5101 1204 5163 EVANGELIO
1239 5105 1609 5166 SECUNDUM
1644 5106 1905 5168 LUCAM.

572 5212 727 5287 [Cap.
749 5213 836 5288 11.]
877 5216 1059 5287 Gloria
1090 5218 1144 5275 in
1172 5219 1445 5281 altissimis
1469 5222 1613 5295 Deo,
1645 5234 1701 5283 et
1728 5226 1783 5284 in
1805 5235 1948 5286 terra
1977 5241 2079 5300 pax

498 5301 803 5363 hominibus
832 5306 988 5365 bona:
1012 5310 1321 5370 voluntatis.

573 5396 637 5452 Et
680 5398 941 5469 aliquanto
988 5413 1099 5471 post
1146 5402 1272 5479 [111.]
1330 5421 1344 5461 :
1390 5404 1456 5462 Et
1508 5407 1909 5482 interrogabant
1952 5427 2073 5468 eum

499 5491 690 5559 turbae,
714 5491 973 5563 dicentes,
987 5496 1124 5564 Quid
1143 5511 1273 5570 ergo
1294 5498 1585 5558 faciemus?
1604 5501 1953 5573 Respondeas
1976 5519 2068 5562 au-

495 5593 625 5649 tem,
652 5582 863 5641 dicebat
888 5586 1031 5642 illis:
1062 5587 1163 5655 Qui
1194 5589 1357 5648 habet
1386 5591 1520 5649 duas
1563 5593 1808 5663 tunicas,
1841 5594 1931 5652 det
1966 5610 2071 5653 non
2164 5632 2167 5637 γ

493 5672 709 5730 habenti
727 5691 741 5743 ;
759 5685 812 5732 et
831 5680 922 5747 qui
946 5678 1105 5736 habet
1125 5695 1299 5755 escas,
1324 5684 1573 5745 similiter
1595 5687 1771 5746 faciat.
1798 5686 2069 5748 Venerunt

554 5784 574 5819 ι
596 5785 823 5856 Vulgata,

1675 368 1737 427 8.
1772 358 2142 428 AUGUSTINI
2175 361 2536 432 SPECULUM

3672 382 3779 442 984

2195 496 2376 544 autem
2401 496 2457 546 et
2480 490 2744 561 publicani
2793 502 2852 550 ut
2894 493 3307 566 baptizarentur,
3340 506 3395 555 et
3421 498 3674 559 dixerunt
3699 511 3775 563 ad

2198 581 2348 637 illum
2379 602 2393 640 :
2418 583 2682 657 Magister,
2713 588 2840 659 quid
2865 587 3158 645 faciemus?
3184 592 3255 646 At
3278 592 3366 648 ille
3388 593 3523 650 dixit
3545 597 3613 651 ad
3640 613 3778 655 eos:

2199 674 2343 732 Nihil
2358 678 2581 748 amplius
2601 695 2757 751 quam
2778 682 2919 752 quod
2940 685 3281 739 constitutum
3302 695 3385 741 est
3408 688 3581 757 vobis,
3604 690 3776 748 facia-

2200 767 2288 826 tis.
2321 769 2717 841 lnterrogabant
2757 781 2935 830 autem
2976 789 3097 831 eum
3142 784 3197 832 et
3235 778 3449 845 milites,
3480 779 3767 839 dicentes:

2200 860 2336 930 Quid
2364 862 2615 919 faciemus
2643 872 2697 920 et
2718 866 2853 920 nos?
2882 867 2947 921 Et
2985 867 3059 921 ait
3086 860 3188 924 illis
3213 886 3227 923 :
3253 868 3529 927 Neminem
3563 888 3779 930 concu-

2200 952 2364 1018 tiatis,
2393 968 2562 1025 neque
2607 956 2929 1014 calumniam
2964 956 3189 1028 faciatis,
3226 970 3280 1019 et
3316 966 3553 1021 contenti
3595 978 3777 1026 estote

2199 1046 2476 1118 stipendiis
2504 1050 2719 1106 vestris.

2270 1138 2345 1194 Et
2388 1151 2497 1212 post
2548 1143 2863 1215 aliquantum
2905 1144 3024 1220 [γι]
3048 1165 3060 1201 :
3085 1148 3232 1204 Beati
3298 1166 3595 1222 pauperes;
3649 1156 3780 1226 quia

2196 1239 2433 1287 Mum
2480 1241 2563 1288 est
2614 1251 2833 1307 regnum
2883 1237 2998 1293 Dei.
3032 1239 3178 1296 Beati
3216 1243 3305 1312 qui
3333 1259 3474 1300 nunc
3517 1248 3777 1315 esuritis;

2198 1323 2323 1392 quia
2350 1325 2737 1383 saturabimini.
2763 1329 2906 1385 Beati
2947 1332 3036 1402 qui
3066 1348 3208 1389 nunc
3228 1333 3404 1402 ﬂetis;
3432 1339 3553 1409 quia
3580 1340 3780 1396 ridebi-

2198 1412 2285 1468 tis.
2318 1414 2461 1470 Beati
2486 1417 2655 1485 eritis,
2680 1433 2801 1474 cum
2823 1436 2917 1476 vos
2942 1420 3150 1479 oderint
3177 1425 3439 1493 homines,
3468 1426 3662 1485 etcum
3684 1447 3786 1487 se-

2196 1508 2505 1575 paraverint
2522 1524 2635 1577 vos,
2658 1520 2713 1566 et
2731 1507 3188 1583 ex'probraverint,
3217 1526 3273 1573 et
3299 1518 3553 1588 eiecerint
3578 1539 3778 1579 nomen

2197 1606 2431 1653 vestrum
2465 1609 2714 1670 tanquam
2759 1603 2955 1659 malum
2980 1647 2996 1672 ,
3043 1618 3257 1678 propter
3293 1608 3487 1666 Filium
3520 1612 3779 1669 hominis.

2197 1685 2435 1746 Gaudete
2479 1691 2529 1744 in
2568 1692 2657 1747 illa
2704 1693 2809 1760 die,
2844 1704 2897 1749 et
2921 1697 3210 1765 cxsultate;
3238 1715 3364 1757 ecce
3389 1704 3531 1760 enim
3563 1720 3774 1761 merces

2197 1789 2371 1835 vestra
2399 1783 2562 1839 multa
2592 1794 2670 1840 cst
2697 1785 2749 1841 in
2773 1786 2912 1843 calo
2938 1806 2950 1841 :
2978 1790 3270 1846 secundum
3299 1794 3441 1849 enim
3468 1796 3583 1852 haac
3612 1796 3783 1854 facie-

2194 1869 2323 1927 bant
2352 1873 2630 1946 Prophetis
2672 1888 2848 1948 patres
2873 1894 3076 1936 eorum.
3108 1881 3486 1943 Verumtamen
3510 1891 3779 1946 vae-vobis

2196 1962 2449 2021 divitibus
2507 1969 2629 2037 quia
2693 1969 2902 2027 habetis
2942 1975 3363 2032 consolationem
3397 1990 3649 2036 vestram.
3682 1982 3779 2040 Va:

2196 2054 2347 2109 vobis
2376 2057 2462 2125 qui
2490 2060 2712 2115 saturati
2740 2062 2903 2127 estis;
2934 2064 3058 2134 quia
3092 2068 3359 2123 esurietis.
3390 2069 3482 2126 Va:
3502 2072 3653 2128 vobis
3679 2075 3776 2145 qui

2196 2143 2383 2201 ridetis
2409 2162 2583 2213 nunc;
2614 2151 2735 2221 quia
2768 2150 3033 2222 lugebitis,
3073 2165 3127 2210 et
3146 2156 3369 2214 flebitis.
3406 2160 3494 2217 Va:
3522 2178 3643 2219 cum
3673 2143 3775 2221 be-

2195 2236 2496 2295 nedixerint
2538 2240 2931 2307 vobis;omnes
2975 2245 3218 2305 homines
3241 2251 3257 2283 ί
3283 2268 3298 2304 :
3324 2253 3615 2310 secundum
3660 2256 3787 2314 haec

2193 2325 2461 2384 faciebant
2506 2332 2987 2411 pseudoprophetis
3020 2348 3201 2409 patres
3240 2357 3447 2399 eorum.
3489 2345 3596 2401 Sed
3620 2347 3781 2405 vobis

2194 2419 2337 2489 dico,
2365 2424 2454 2494 qui
2479 2425 2673 2481 auditis
2707 2444 2722 2482 :
2751 2428 2960 2501 Diligite
2988 2432 3235 2490 inimicos
3280 2446 3509 2506 vestros,
3542 2440 3769 2497 benefa-

2194 2515 2299 2572 cite
2341 2516 2406 2571 iis
2451 2518 2541 2588 qui
2584 2534 2680 2575 vos
2719 2520 2965 2577 oderunt.
2996 2524 3301 2583 Benedicite
3330 2530 3780 2590 maledicentibus

2194 2606 2363 2662 vobis.
2396 2607 2557 2664 Orate
2577 2624 2674 2679 pro
2693 2611 3141 2672 calumniantibus
3166 2634 3281 2673 vos.
3304 2618 3371 2674 Et
3395 2622 3485 2691 qui
3517 2632 3566 2677 te
3590 2639 3787 2695 percu-

2196 2698 2261 2753 tit
2283 2699 2335 2753 in
2374 2702 2646 2760 maxillam
2666 2744 2682 2771 ,
2719 2706 2900 2777 praebe
2927 2717 2983 2765 et
3012 2710 3267 2778 alteram;
3296 2715 3438 2769 etab
3469 2731 3535 2770 eo
3557 2717 3646 2786 qui
3677 2734 3781 2772 au-

2195 2786 2299 2845 fert
2328 2792 2419 2847 tibi
2446 2794 2821 2852 vestimentum
2854 2807 3032 2867 tuum,
3057 2803 3218 2858 etiam
3245 2806 3475 2861 tunicam
3506 2810 3615 2863 noli
3648 2826 3775 2878 pro-

2195 2880 2400 2939 hibere.
2422 2882 2582 2940 Omni
2609 2898 2785 2944 autem
2818 2892 3017 2960 petenti
3048 2903 3101 2949 te
3120 2935 3136 2962 ,
3171 2896 3382 2963 tribue;
3410 2908 3463 2952 et
3489 2900 3580 2969 qui
3602 2900 3781 2957 aufert

2193 2988 2313 3042 quae
2344 2984 2427 3029 tua
2446 2985 2607 3043 sunt,
2643 2995 2711 3035 ne
2740 2993 2971 3051 repetas.
3010 2984 3077 3040 Et
3107 2996 3264 3055 prout
3291 2989 3453 3044 vultis
3484 2998 3543 3045 ut
3577 2989 3784 3049 faciant

2191 3066 2344 3122 vobis
2365 3066 2637 3137 homines,
2675 3071 2951 3130 faciteilh's
2989 3076 3251 3133 similiter.
3286 3079 3355 3135 Et
3381 3081 3424 3135 si
3454 3081 3781 3154 diligitiseos

2191 3159 2282 3228 qui
2308 3175 2403 3215 vos
2431 3161 2692 3232 diligunt,
2720 3180 2842 3236 qua:
2870 3168 3022 3223 vobis
3048 3180 3132 3226 est
3157 3172 3365 3243 gratia?
3390 3190 3513 3230 nam
3553 3187 3608 3232 et
3645 3193 3778 3248 pec-

2191 3256 2400 3305 catores
2426 3251 2710 3323 diligentes
2737 3271 2795 3311 se
2822 3257 3065 3329 diligunt.
3110 3260 3178 3316 Et
3216 3264 3262 3317 si
3292 3264 3668 3322 benefeceritis
3711 3269 3782 3325 iis

2189 3343 2281 3412 qui
2307 3344 2855 3415 vobisbenefaciunt,
2900 3367 3019 3421 quae
3055 3354 3211 3411 vobis
3256 3365 3340 3413 est
3366 3359 3577 3427 gratia?
3606 3361 3779 3430 siqui-

2189 3432 2314 3490 dem
2340 3443 2394 3491 et
2416 3447 2723 3507 peccatores
2743 3441 2844 3497 hoc
2866 3441 3086 3500 faciunt.
3118 3447 3187 3502 Et
3208 3448 3251 3503 si
3280 3459 3525 3506 mutuum
3552 3452 3771 3509 dederi-

2192 3523 2261 3581 tis
2288 3526 2354 3582 iis
2369 3543 2399 3582 a
2412 3529 2603 3600 quibus
2626 3534 2855 3602 speratis
2879 3536 3141 3606 recipere,
3158 3555 3279 3610 qua:
3297 3543 3465 3611 gratia
3485 3552 3567 3598 est
3588 3545 3776 3603 vobis?

2190 3633 2314 3674 nam
2362 3629 2418 3676 et
2463 3634 2771 3692 peccatores
2800 3630 3170 3696 peccatoribus
3216 3632 3459 3689 fenerant
3480 3676 3495 3702 ,
3527 3646 3587 3690 ut
3629 3639 3778 3694 reci-

2189 3708 2340 3779 piant
2361 3713 2605 3782 aequalia.
2627 3714 3009 3775 Verumtamen
3034 3721 3239 3794 diligite
3262 3724 3507 3782 inimicos
3530 3736 3777 3796 vestros;

2189 3799 2487 3860 benefacite
2506 3848 2520 3872 ,
2550 3815 2605 3862 et
2646 3816 2888 3866 mutuum
2914 3812 3039 3869 date
3063 3814 3200 3870 nihil
3227 3817 3352 3873 inde
3380 3828 3658 3889 sperantes
3683 3841 3697 3875 :
3725 3831 3782 3878 et

2190 3892 2293 3949 erit
2331 3911 2539 3955 merces
2588 3909 2764 3956 vestra
2812 3904 3015 3972 multa,
3067 3916 3121 3962 et
3171 3909 3325 3964 eritis
3354 3910 3448 3966 filii
3470 3913 3776 3981 Altissimi;

2189 3986 2314 4056 quia
2356 3986 2472 4058 ipse
2498 3990 2761 4061 benignus
2786 4003 2869 4050 est
2898 4004 3061 4068 super
3098 3999 3337 4071 ingratos
3373 4012 3426 4059 et
3460 4006 3651 4061 malos.
3674 4008 3780 4063 Es-

2192 4084 2302 4134 tote
2321 4093 2448 4151 ergo
2474 4082 2883 4156 misericordes,
2912 4089 3054 4146 sicut
3084 4100 3141 4148 et
3169 4093 3328 4151 Pater
3352 4106 3532 4153 vester
3561 4099 3778 4156 miseri-

2190 4182 2315 4225 cors
2341 4179 2443 4227 est.
2470 4172 2643 4231 Nolite
2663 4177 2930 4247 iudicare,
2967 4188 3023 4236 et
3046 4197 3151 4239 non
3178 4184 3565 4254 iudicabimini.
3598 4190 3781 4248 Nolite

2190 4259 2584 4331 condemnare,
2614 4275 2667 4321 et
2708 4283 2815 4324 non
2854 4272 3358 4333 condemnabimini.
3391 4278 3680 4350 Dimittite,
3721 4292 3779 4339 et

2189 4351 2551 4412 dimittemini.
2581 4358 2742 4427 Date,
2771 4370 2828 4418 et
2859 4365 3077 4421 dabitur
3116 4369 3286 4424 vobis.
3334 4370 3635 4429 Mensuram
3676 4374 3778 4431 bo-

2188 4458 2347 4512 nam,
2377 4455 2432 4502 et
2458 4449 2783 4519 confertam,
2815 4464 2870 4511 et
2906 4459 3253 4529 coagitatam,
3293 4471 3349 4519 et
3378 4465 3771 4535 supereflluen-

2190 4545 2300 4595 tem
2328 4538 2530 4598 dabunt
2566 4543 2621 4600 in
2660 4546 2837 4603 sinum
2860 4557 3118 4607 vestrum.
3148 4553 3348 4611 Eadem
3390 4558 3585 4630 quippe
3611 4575 3776 4617 men-

2187 4642 2314 4687 sura
2333 4672 2350 4699 ,
2379 4648 2484 4704 qua
2525 4637 2698 4693 mensi
2721 4636 2929 4695 fueritis
2949 4680 2965 4709 ,
3013 4646 3324 4701 remetietur
3346 4647 3519 4704 vobis.
3550 4650 3778 4710 Dicebat

2187 4731 2366 4778 autem
2396 4724 2500 4783 illis
2535 4736 2592 4783 et
2616 4729 3018 4789 similitudinem
3054 4752 3067 4788 :
3096 4735 3363 4809 Numquid
3393 4750 3567 4811 potest
3594 4757 3777 4803 aecus

2187 4828 2388 4872 caecum
2416 4818 2649 4876 ducere?
2676 4836 2854 4879 nonne
2874 4824 3034 4882 ambo
3062 4828 3116 4882 in
3155 4827 3365 4886 foveam
3393 4832 3625 4890 cadunt?
3652 4836 3775 4892 Non

2186 4916 2271 4963 est
2321 4908 2611 4982 discipulus
2658 4929 2819 4985 super
2867 4919 3179 4988 magistrum
3215 4938 3229 4975 :
3271 4923 3540 4992 perfectus
3590 4938 3774 4988 autem

2184 5002 2362 5059 omnis
2392 5003 2519 5072 erit,
2540 5005 2587 5061 si
2616 5006 2687 5062 sit
2712 5007 2851 5063 sicut
2872 5008 3123 5077 magister
3145 5007 3283 5079 eius.
3310 5008 3450 5077 Quid
3469 5020 3651 5067 autem
3680 5013 3771 5068 vi-

2179 5088 2280 5149 des
2304 5090 2563 5149 festucam
2593 5094 2646 5149 in
2675 5095 2832 5151 oculo
2861 5094 3041 5152 fratris
3070 5098 3176 5163 tui,
3201 5097 3405 5155 trabem
3432 5109 3610 5157 autem
3640 5117 3764 5171 qum
3826 5140 3829 5143 η

2177 5179 2234 5239 in
2257 5182 2415 5238 oculo
2443 5191 2534 5240 tuo
2575 5193 2690 5251 est,
2729 5200 2837 5241 non
2866 5187 3343 5245 consideraslAut
3369 5192 3639 5262 quomodo
3669 5207 3770 5264 po-

2180 5280 2257 5328 tes
2286 5271 2467 5329 dicere
2493 5272 2641 5329 fratri
2669 5284 2780 5343 tuo,
2806 5275 3011 5347 Frater,
3036 5278 3154 5336 sine
3172 5277 3383 5350 eiiciam
3407 5280 3667 5338 festucam
3690 5285 3765 5341 de

2174 5360 2334 5417 oculo
2378 5368 2502 5428 tuo;
2552 5364 2667 5432 ipse
2709 5364 2764 5419 in
2808 5366 2962 5423 oculo
3004 5375 3095 5424 tuo
3144 5369 3350 5425 trabem
3400 5384 3506 5426 non
3531 5372 3765 5429 videns?

2173 5450 2492 5524 Hypocrita,
2524 5454 2658 5525 eiice
2686 5456 2915 5527 primum
2960 5458 3166 5515 trabem
3212 5460 3281 5517 de
3332 5463 3485 5518 oculo
3521 5472 3649 5530 tuo,
3702 5477 3764 5521 et

2173 5558 2299 5607 tunc
2326 5551 2611 5620 perspicies
2642 5562 2698 5607 ut
2723 5552 2921 5609 educas
2951 5554 3208 5611 festucam
3245 5558 3314 5613 de
3359 5558 3515 5614 oculo
3574 5558 3759 5618 fratris

2169 5644 2268 5700 tui.
2299 5642 2416 5701 Non
2447 5653 2529 5701 est
2558 5645 2702 5701 enim
2734 5646 2894 5702 arbor
2921 5647 3059 5703 bona
3088 5662 3207 5719 qua:
3232 5651 3359 5707 facit
3396 5650 3600 5709 fructus
3632 5669 3756 5733 nia-

2234 5756 2249 5789 ³
2277 5755 2404 5830 V03,
2429 5757 2769 5830 {ivulg-abest
2783 5771 2909 5830 nunc
2928 5772 2956 5809 a
2975 5759 3208 5829 Vulgata;
3231 5764 3322 5818 sed
3340 5765 3570 5826 exstabat
3591 5766 3644 5830 in
3661 5779 3755 5827 an-

2167 5793 2769 5903 ιίςιιιὶέὸὄιὲξῦτῶῐιῖὲῖὲἱ
2784 5793 2847 5874 ii?
2851 5793 3038 5886 ῖςῑὲὼῖ
