4110 6458
373 417 486 478 ωδ

374 533 489 600 los,
537 543 710 601 neque
759 526 919 583 arbor
963 522 1101 580 mala
1141 520 1340 578 faciens
1394 520 1623 577 fructum
1673 520 1870 575 bonum
1902 522 1977 574 ⁸.-

376 625 720 695 Unaquazque
742 620 902 674 arbor
925 617 993 673 de
1036 615 1212 671 fructu
1251 628 1349 671 suo
1374 611 1733 683 cognoscitur.
1763 611 1947 682 Neque

373 714 519 772 enim
548 713 614 768 de
634 711 799 781 spinis
828 709 1083 779 colligunt
1110 707 1270 774 ficus,
1294 719 1467 775 neque
1496 705 1563 760 de
1603 703 1736 759 rubo
1760 702 1945 758 vinde-

374 807 543 862 miant
567 818 713 859 uvas.
737 803 915 857 Bonus
944 800 1104 857 homo
1133 798 1198 855 de
1221 798 1363 853 bono
1380 798 1633 853 thesauro
1662 795 1838 851 cordis
1863 794 1945 850 sui

372 898 574 969 profert
616 896 843 962 bonum;
880 886 944 950 et
996 894 1165 949 malus
1203 894 1364 947 homo
1407 891 1476 947 de
1527 892 1666 945 malo
1693 891 1942 945 thesauro

370 987 578 1059 profert
613 987 833 1041 malum.
877 986 961 1040 Ex
1000 982 1321 1039 abundantia
1368 981 1545 1037 cordis
1587 996 1648 1035 os
1684 981 1939 1051 loquitur.

370 1079 510 1146 Quid
535 1088 711 1132 autem
741 1076 941 1131 vocatis
983 1090 1106 1141 me,
1152 1073 1408 1137 Domine,
1436 1072 1699 1141 ‘,Domine;
1740 1080 1793 1125 et
1839 1084 1945 1125 non

368 1171 543 1227 facitis
590 1186 707 1240 quae
734 1169 892 1224 dico?
924 1168 1109 1223 Omnis
1138 1167 1229 1237 qui
1261 1166 1408 1221 venit
1446 1164 1513 1219 ad
1551 1179 1666 1230 me,
1707 1172 1763 1218 et
1801 1162 1949 1217 audit

368 1278 647 1320 sermones
672 1276 821 1317 meos
842 1303 857 1327 ,
886 1269 941 1315 et
959 1259 1080 1314 facit
1107 1272 1229 1323 eos,
1260 1256 1537 1313 ostendam
1561 1253 1711 1309 vobis
1755 1254 1839 1309 cui
1882 1252 1946 1308 si-

368 1353 513 1410 milis
536 1352 625 1409 sit.
661 1351 860 1407 Similis
899 1360 984 1406 est
1012 1349 1213 1421 homini
1249 1347 1530 1403 :edilicanti
1580 1345 1825 1409 domum,
1857 1344 1945 1413 qui

368 1444 503 1500 fodit
527 1444 579 1498 in
600 1443 763 1498 altum
782 1485 795 1507 ,
825 1451 878 1496 et
904 1441 1076 1511 posuit
1098 1439 1500 1495 fundamentum
1528 1454 1686 1508 supra
1714 1446 1941 1508 petram.

368 1534 719 1591 lnundatione
753 1544 928 1588 autem
956 1532 1129 1597 facta,
1175 1532 1365 1585 illisum
1405 1538 1487 1585 est
1531 1528 1725 1584 flumen
1762 1528 1944 1582 domui

367 1626 477 1694 illi,
506 1635 560 1681 et
592 1641 698 1681 non
729 1626 897 1696 potuit
943 1639 1063 1678 eam
1112 1638 1359 1688 movere;
1403 1621 1617 1676 fundata
1663 1620 1804 1675 enim
1833 1627 1947 1674 erat

368 1732 531 1787 super
556 1725 781 1786 petram.
812 1716 909 1783 Qui
947 1723 1121 1769 autent
1152 1714 1329 1777 audit,
1361 1723 1417 1769 et
1443 1729 1545 1768 non
1577 1712 1729 1779 facit,
1758 1711 1946 1766 similis

366 1819 449 1867 est
470 1810 671 1866 homini
702 1809 984 1863 aediﬁcanti
1010 1808 1225 1863 domum
1248 1822 1397 1861 suam
1428 1821 1585 1875 supra
1608 1814 1801 1860 terram
1830 1804 1944 1859 sine

364 1900 710 1955 fundamento
735 1916 748 1954 :
774 1900 826 1953 in
853 1914 1009 1969 quam
1040 1898 1206 1952 illisus
1233 1906 1315 1952 est
1351 1896 1542 1951 ﬂuvius
1563 1937 1577 1961 ,
1607 1902 1661 1951 et
1689 1894 1945 1951 continuo

364 1991 585 2057 cecidit,
614 2002 669 2046 et
695 1990 827 2045 facta
850 1997 933 2044 est
957 1990 1108 2044 ruina
1134 1988 1324 2043 domus
1346 1988 1487 2043 illius
1514 2002 1727 2058 magna.

436 2080 506 2134 Et
549 2094 660 2152 post
704 2081 1017 2150 aliquantum
1048 2077 1187 2151 [vn.]
1213 2098 1226 2133 :
1250 2077 1345 2133 Cui
1385 2093 1514 2145 ergo
1538 2077 1745 2131 similes
1771 2075 1944 2130 dicam

365 2173 606 2228 homines
634 2170 996 2241 generationis
1022 2170 1215 2239 hujus?
1243 2177 1298 2224 et
1320 2169 1406 2223 cui
1435 2168 1637 2223 similes
1667 2167 1829 2222 sunt?
1856 2167 1943 2222 Si-

362 2265 520 2322 miles
540 2274 663 2320 sunt
696 2265 873 2335 pueris
917 2264 1226 2319 sedentibus
1257 2264 1309 2317 in
1340 2262 1486 2327 foro,
1527 2271 1580 2317 et
1606 2262 1943 2333 loquentibus

362 2355 431 2410 ad
458 2356 712 2422 invicem,
742 2363 796 2409 et
818 2354 1114 2410 dicentibus
1144 2371 1155 2406 :
1183 2352 1524 2407 Cantavimns
1550 2352 1699 2407 vobis
1729 2353 1870 2408 tibiis
1891 2354 1935 2419 ',

366 2458 421 2504 et
454 2464 561 2503 non
587 2449 849 2514 saltastis;
877 2447 1279 2502 lamentavimus
1297 2488 1313 2512 ,
1336 2454 1391 2500 et
1410 2460 1511 2501 non
1535 2446 1799 2514 plorastis.
1833 2444 1942 2498 Ve-

364 2540 445 2595 nit
470 2541 612 2595 enim
638 2540 869 2595 Joannes
895 2540 1131 2609 Baptista
1168 2552 1342 2608 neque
1366 2537 1691 2593 manducans
1719 2552 1908 2606 panem
1926 2578 1940 2603 ,

364 2646 540 2701 neque
582 2631 769 2687 bibens
812 2630 1027 2694 vinum;
1059 2639 1113 2684 et
1141 2628 1712 2684 dicitis:Daemonium
1758 2626 1937 2681 habet.

363 2719 525 2776 Venit
549 2722 713 2776 Filius
734 2720 965 2776 hominis
993 2719 1322 2774 manducans
1340 2759 1355 2784 ,
1384 2726 1438 2773 et
1475 2718 1696 2783 bibens;
1724 2726 1779 2771 et
1806 2716 1943 2771 dicio

362 2813 433 2868 tis
462 2830 477 2867 :
508 2812 647 2868 Ecce
679 2812 840 2867 homo
870 2812 1175 2875 devorator,
1208 2819 1262 2865 et
1286 2809 1473 2864 bibens
1496 2809 1677 2862 vinum
1697 2849 1712 2873 ,
1744 2808 1945 2861 amicus

361 2906 765 2975 publicanorum
804 2914 859 2959 et
910 2912 1269 2975 peccatorum.
1317 2902 1385 2957 Et
1422 2901 1705 2973 justiﬁcata
1743 2908 1826 2956 est
1855 2913 1943 2955 sa-

362 2997 563 3066 pientia
584 2997 652 3051 ab
677 2997 925 3051 omnibus
950 2996 1073 3050 filiis
1102 2996 1232 3052 suis.

436 3090 565 3144 Item
592 3098 703 3161 post
741 3090 1053 3159 aliquantum
1088 3086 1251 3161 [vnn]
1284 3106 1295 3142 :
1326 3088 1421 3143 Est
1440 3097 1614 3143 autem
1646 3087 1761 3142 hmc
1785 3102 1943 3157 para-

361 3179 484 3237 bola
506 3198 519 3235 :
541 3179 738 3235 Semen
763 3188 843 3234 est
871 3178 1094 3234 verbum
1120 3178 1233 3233 Dei.
1264 3178 1363 3245 Qui
1384 3186 1560 3231 autem
1603 3191 1759 3232 secus
1802 3176 1943 3230 viam

363 3280 515 3336 sunt,
548 3271 583 3325 ii
623 3279 747 3325 sunt
783 3271 872 3340 qui
915 3269 1174 3324 audiunt:
1204 3268 1398 3323 deinde
1423 3268 1566 3321 venit
1594 3266 1856 3330 diabolus,
1890 3275 1946 3320 et

362 3363 501 3418 tollit
543 3363 760 3418 verbum
805 3360 873 3416 de
924 3360 1085 3416 corde
1115 3375 1335 3423 eorum,
1387 3374 1456 3414 ne
1496 3358 1777 3413 credentes
1813 3357 1944 3411 salvi

364 3454 515 3511 ﬁant.
543 3454 674 3509 Nam
695 3454 783 3525 qui
804 3469 962 3523 supra
988 3462 1192 3523 petram
1214 3493 1227 3515 ,
1253 3452 1483 3523 quicum
1505 3452 1796 3514 audierint,
1820 3466 1941 3505 cum

360 3545 554 3616 gaudio
580 3545 872 3615 suscipiunt
890 3544 1139 3609 verbum;
1175 3552 1229 3597 et
1254 3543 1306 3597 hi
1338 3542 1548 3597 radices
1575 3556 1680 3597 non
1709 3540 1939 3607 habent,

361 3636 484 3707 quia
511 3636 531 3667 ³
557 3636 623 3690 ad
663 3644 872 3704 tempus
910 3634 1166 3699 credunt,
1199 3640 1254 3687 et
1282 3633 1335 3687 in
1364 3642 1601 3702 tempore
1639 3631 1943 3690 tentationis

361 3727 638 3785 recedunt.
670 3727 823 3794 Quod
856 3736 1030 3781 autem
1067 3728 1118 3780 in
1148 3726 1330 3795 spinas
1368 3724 1588 3791 cecidit,
1616 3725 1651 3779 ii
1693 3732 1818 3778 sunt
1853 3723 1943 3794 qui

361 3819 669 3884 audierunt,
701 3825 755 3872 et
776 3832 806 3871 a
836 3814 1274 3871 sollicitudinibus
1301 3823 1356 3869 et
1380 3814 1576 3869 divitiis
1612 3822 1666 3868 et
1705 3814 1943 3882 volupta-

363 3907 507 3963 tibus
536 3908 655 3961 vita:
670 3916 856 3962 euntes
876 3907 1219 3969 sullocantur,
1241 3914 1295 3960 et
1311 3915 1414 3958 non
1437 3903 1674 3959 referunt
1692 3902 1939 3959 fructum.

362 3999 517 4068 Quod
541 4009 718 4054 autem
746 4000 800 4052 in
844 3998 1037 4052 bonam
1067 4006 1259 4051 terram
1280 4038 1295 4063 ,
1330 3995 1367 4049 ii
1392 4004 1514 4049 sunt
1554 3995 1643 4065 qui
1701 3995 1754 4048 in
1782 3994 1943 4050 corde

362 4090 506 4145 bono
530 4099 583 4145 et
607 4090 808 4158 optimo
823 4088 1096 4143 audientes
1117 4086 1335 4141 verbum
1361 4085 1618 4151 retinent,
1641 4093 1694 4139 et
1710 4084 1941 4139 fructum

364 4182 598 4238 afferunt
636 4182 687 4235 in
729 4180 999 4251 patientia.
1046 4178 1214 4232 Nemo
1244 4185 1421 4229 autem
1446 4176 1716 4230 lucernam
1747 4190 1940 4230 accen-

367 4273 526 4340 dens,
558 4276 731 4342 cperit
758 4287 875 4327 eam
905 4286 1059 4336 vase,
1088 4278 1180 4324 aut
1208 4269 1393 4323 subtus
1417 4270 1611 4323 lectum
1638 4269 1816 4339 ponit;
1841 4269 1935 4324 sed

368 4379 529 4434 supra
554 4362 928 4418 candelabrum
945 4360 1112 4431 ponit,
1137 4367 1196 4414 ut
1224 4360 1481 4414 intrantes
1495 4358 1710 4414 videant
1735 4358 1939 4414 lumen.

364 4457 483 4514 Non
523 4457 663 4512 enim
693 4464 777 4510 est
803 4454 1073 4510 occultum
1102 4452 1243 4525 quod
1278 4466 1384 4507 non
1426 4451 1813 4518 manifestetur,
1843 4465 1943 4507 nec

364 4548 734 4605 absconditum
778 4545 920 4616 quod
945 4560 1050 4599 non
1078 4550 1447 4614 cognoscatur,
1478 4549 1533 4597 et
1557 4540 1612 4597 in
1643 4542 1815 4611 palam
1846 4556 1941 4596 ve-

359 4642 490 4696 niat.
515 4639 703 4695 Videte
727 4653 853 4709 ergo
878 4636 1144 4707 quomodo
1160 4635 1382 4691 audistis
1407 4633 1452 4687 δ.
1485 4634 1585 4701 Qui
1610 4636 1751 4688 enim
1780 4634 1941 4689 habet

363 4731 578 4787 dabitur
606 4730 708 4794 illi;
752 4737 805 4784 et
849 4728 1171 4799 quicumque
1218 4741 1323 4781 non
1373 4723 1559 4791 liabet,
1608 4723 1770 4780 etiam
1799 4725 1941 4795 quod

358 4833 511 4897 putat
537 4838 596 4879 se
620 4823 835 4885 habere,
871 4821 1141 4874 auferetur
1164 4818 1233 4873 ab
1262 4818 1373 4873 illo.

429 4914 497 4969 Et
522 4922 635 4983 post
657 4913 981 4982 aliquantum
1013 4906 1135 4980 [IL]
1162 4926 1175 4962 :
1203 4906 1519 4963 Convocatis
1534 4914 1709 4962 autem
1742 4906 1942 4963 duode-

353 5007 459 5062 eiin
487 5003 777 5074 Apostolis,
808 5000 955 5056 dedit
981 4999 1085 5054 illis
1110 4999 1354 5053 virtutem
1372 5005 1426 5053 et
1445 5005 1759 5066 potestatem
1780 5012 1941 5067 super

352 5096 534 5151 omnia
551 5093 832 5159 dmmonia,
860 5100 915 5146 et
930 5099 986 5145 ut
1006 5090 1285 5159 languores
1295 5094 1561 5142 curarent.
1582 5085 1649 5141 Et
1666 5086 1807 5142 misit
1823 5088 1940 5142 illos

354 5187 651 5257 praedicare
688 5198 910 5255 regnum
959 5182 1069 5247 Dei,
1101 5190 1153 5236 et
1180 5194 1366 5236 sanare
1394 5178 1651 5234 infirmos.
1683 5178 1749 5233 Et
1773 5180 1847 5234 ait
1871 5181 1938 5235 ad

351 5277 473 5334 illos
500 5294 514 5331 :
536 5275 676 5331 Nihil
692 5272 922 5330 tuleritis
936 5273 988 5327 in
1004 5273 1109 5339 via,
1136 5286 1307 5343 neque
1323 5272 1523 5341 virgam
1544 5285 1717 5340 neque
1731 5286 1934 5341 peram,

412 5416 429 5446 ⁸
461 5414 835 5479 ηεείιιεκοοάθιι
1455 5477 1464 5479 _
1511 5477 1522 5479 _
1544 5463 1688 5479 ...μμ
1728 5464 1740 5479 ε

411 5479 431 5507 ²
460 5463 600 5537 mite
621 5463 785 5525 fests.
808 5463 952 5525 deest
972 5473 1068 5532 hic,
1100 5469 1226 5520 tibiis
1254 5480 1273 5519 :
1308 5477 1475 5529 neque
1504 5463 1693 5514 additur
1727 5464 1818 5514 ista
1839 5478 1936 5515 vox

411 5538 511 5586 tuli.
568 5490 650 5586 1E
687 5538 849 5586 v.17:
896 5548 1004 5586 cum
1026 5541 1189 5583 tamen
1220 5541 1449 5586 mm,
1486 5524 1770 5586 dulésamen,
1808 5527 1935 5586 quod

353 5524 511 5587 Matth:
564 5524 644 5597 ll],
687 5524 849 5600 v.7”;
896 5524 1189 5600 cumtamen
1220 5524 1770 5600 gruumﬂulgsqgnen,
1808 5527 1935 5598 quod

352 5575 557 5648 35113611.
570 5575 811 5669 ﬁdit-oliui;
1220 5575 1320 5641 tibi;
1331 5575 1345 5578 ⁷
1358 5575 1421 5640 sit
1437 5575 1739 5657 simpliciter,
1757 5575 1935 5640 cecini-

348 5672 456 5710 mus
469 5694 485 5717 ,
502 5660 608 5717 sed,
633 5658 889 5711 cecinimus
909 5658 1054 5710 tibiis.

416 5718 1298 5788 ἒωβθονιεδὼϋίενφάαάρρεηιριέε·
1367 5776 1397 5788 ..
1470 5776 1479 5786 .
1705 5774 1812 5788 ω,
1865 5774 1908 5788 _.

413 5785 436 5815 ⁸
460 5780 659 5846 Vulgata
682 5797 733 5834 in
752 5774 961 5845 excusis,
985 5774 1283 5846 tn
1303 5776 1510 5838 antiQuis
1523 5779 1688 5832 autem
1702 5774 1838 5828 Corb.
1864 5774 1936 5826 Bi~

349 5844 698 5910 bliis,audilis.
948 5844 951 5845 ⁷
1222 5844 1231 5846 ἡ
1903 5885 1935 5899 ι
1967 5875 1977 5885 -

1604 407 1694 464 DE
1729 404 2107 467 SCRIPTURA
2144 410 2393 469 SACRA.

3521 422 3627 482 986

2057 538 2231 595 neque
2257 540 2468 594 panem,
2500 541 2671 598 neque
2705 529 3004 602 pecuniam,
3044 544 3219 602 neque
3242 530 3373 588 duas
3416 536 3625 595 tunicas

2058 613 2321 671 habeatis.
2352 618 2417 673 Et
2444 618 2497 673 in
2523 636 2906 692 quamcumque
2926 622 3143 678 domum
3172 623 3513 690 intraveritis,
3554 628 3627 683 ibi

2056 716 2285 774 manete,
2316 718 2372 763 et
2394 708 2517 767 inde
2546 726 2612 766 ne
2633 711 2852 768 exeatis.
2887 714 2956 768 Et
2982 715 3298 785 quicumque
3334 731 3440 771 non
3475 733 3627 773 rece-

2057 798 2232 866 perint
2252 814 2368 864 vos,
2393 810 2646 858 exeuntes
2685 803 2751 858 de
2777 804 2988 860 civitate
3027 806 3137 872 illa,
3170 807 3330 861 etiam
3356 807 3625 876 pulverem

2058 890 2252 958 pedum
2278 900 2575 948 vestrorum
2597 896 2823 951 excutite
2842 897 2893 951 in
2918 897 3279 953 testimonium
3311 913 3470 970 super
3487 899 3626 955 illos.

2056 979 2185 1035 Item
2207 993 2318 1053 post
2355 986 2711 1055 aliquantum:
2738 988 2954 1044 Dicebat
2997 997 3171 1044 autem
3212 989 3279 1044 ad
3325 1005 3511 1045 omnes
3535 1008 3549 1046 :
3573 990 3630 1046 Si

2057 1074 2175 1142 quis
2199 1076 2314 1129 vult
2353 1085 2471 1145 post
2516 1094 2602 1133 me
2648 1080 2848 1145 venire,
2893 1080 3121 1151 abneget
3162 1082 3529 1152 semetipsum,
3579 1091 3635 1137 et

2059 1165 2208 1219 tollat
2248 1181 2463 1222 crucem
2512 1185 2661 1224 suam
2706 1171 2980 1240 quotidie‘
3005 1180 3060 1227 et
3097 1182 3352 1243 sequatur
3395 1190 3502 1230 me.
3531 1175 3633 1241 Qui

2056 1257 2199 1312 enim
2240 1259 2469 1315 voluerit
2514 1262 2749 1317 animam
2781 1280 2931 1318 suam
2974 1265 3174 1320 salvam
3214 1265 3409 1333 facere,
3443 1267 3631 1336 perdet

2056 1348 2219 1403 illam.
2251 1351 2380 1406 Nam
2408 1354 2495 1422 qui
2526 1354 2818 1424 perdiderit
2845 1357 3076 1411 animam
3106 1373 3254 1413 suam
3273 1368 3491 1427 propter
3518 1362 3627 1425 me,

2055 1438 2258 1494 salvam
2288 1441 2443 1498 faciet
2480 1444 2646 1499 illam.
2676 1445 2812 1513 Quid
2852 1448 2994 1501 enim
3022 1447 3229 1517 prolicit
3252 1447 3431 1515 homo,
3463 1450 3507 1503 si
3550 1450 3633 1504 lu-

2055 1540 2235 1586 cretur
2267 1534 2567 1589 universum
2598 1536 2873 1600 mundum.
2908 1553 2965 1593 se
2993 1548 3169 1594 autem
3200 1540 3371 1609 ipsum
3419 1541 3629 1610 perdat,

2055 1630 2109 1677 et
2134 1621 2507 1680 detrimentum
2557 1628 2637 1681 sui
2684 1627 2774 1682 fiat
2798 1628 3009 1683 '?Nam
3037 1630 3124 1700 qui
3152 1645 3239 1685 me
3267 1631 3537 1687 erubuerit
3574 1640 3630 1687 et

2055 1729 2205 1769 meos
2230 1730 2526 1783 sermones,
2552 1718 2695 1773 hunc
2734 1718 2898 1775 Filius
2926 1720 3155 1775 hominis
3181 1722 3478 1787 erubescet,
3508 1737 3630 1777 cum

2054 1805 2259 1859 venerit
2280 1807 2330 1861 in
2364 1808 2645 1877 majestate
2676 1824 2790 1874 sua,
2824 1818 2877 1865 et
2897 1810 3087 1877 Patris,
3116 1822 3169 1865 et
3194 1820 3500 1867 sanctorum
3523 1813 3634 1867 An-

2053 1896 2312 1965 gelorum.
2362 1896 2430 1950 Et
2475 1899 2573 1952 alio
2626 1898 2734 1953 loco
2762 1898 3025 1955 :lntravit
3073 1910 3248 1957 autem
3292 1903 3540 1971 cogitatio
3575 1904 3629 1957 in

2054 2004 2168 2056 eos,
2198 1995 2314 2060 quis
2340 2006 2522 2045 eorum
2555 1993 2725 2061 major
2748 2002 2909 2047 esset.
2942 1996 3011 2047 At
3037 1994 3193 2049 .lesus
3220 1994 3406 2049 videns
3432 1997 3631 2065 cogita-

2056 2079 2227 2135 tiones
2265 2081 2443 2135 cordis
2474 2081 2707 2147 illorum,
2750 2084 3157 2153 apprehendens
3200 2098 3420 2153 puerum
3448 2086 3632 2139 statuit

2054 2186 2177 2227 eum
2225 2188 2378 2227 secus
2419 2189 2496 2237 se,
2544 2182 2597 2228 et
2645 2176 2718 2227 ait
2762 2175 2866 2229 illis
2897 2193 2909 2227 :
2939 2175 3306 2244 Quineumque
3335 2176 3632 2245 susceperit

2053 2277 2273 2332 puerum
2306 2264 2462 2319 istum
2481 2265 2533 2318 in
2560 2266 2773 2320 nomine
2800 2280 2940 2332 meo,
2966 2282 3051 2321 me
3074 2266 3290 2336 recipit;
3311 2274 3366 2322 et
3390 2265 3629 2336 quicum-

2053 2368 2155 2423 que
2200 2369 2283 2408 me
2332 2357 2632 2425 receperit,
2674 2358 2861 2427 recipit
2908 2372 3029 2411 eum
3072 2358 3161 2427 qui
3193 2373 3279 2412 me
3304 2359 3466 2413 misit.
3494 2358 3629 2413 Nam

2052 2445 2142 2513 qui
2181 2445 2353 2499 minor
2380 2456 2462 2501 est
2490 2447 2629 2501 inter
2651 2462 2839 2502 omnes
2867 2463 2979 2512 vos,
3010 2448 3093 2503 hic
3114 2448 3283 2517 major
3302 2456 3402 2503 est.
3427 2447 3493 2502 Et
3517 2458 3630 2518 post

2052 2535 2399 2606 aliquantum:
2426 2538 2513 2591 Ait
2550 2548 2725 2592 autem
2763 2538 2829 2592 ad
2855 2540 3101 2605 alterum,
3142 2538 3378 2608 Sequere
3406 2555 3511 2595 me.
3534 2540 3629 2595 Ille

2053 2635 2227 2682 autem
2258 2627 2388 2682 dixit
2419 2644 2432 2680 :
2468 2629 2708 2693 Domine,
2734 2630 2979 2698 permitte
3011 2630 3137 2684 mihi
3167 2631 3393 2699 primum
3434 2632 3530 2697 ire,
3555 2640 3611 2687 et

2054 2719 2281 2788 sepelire
2335 2730 2537 2789 patrem
2579 2736 2778 2776 meum.
2828 2722 3073 2792 Dixitque
3100 2723 3149 2778 ei
3177 2723 3370 2778 Jesus:
3400 2724 3527 2779 Sine
3566 2733 3626 2779 ut

2052 2813 2246 2867 mortui
2293 2815 2547 2882 sepeliant
2574 2824 2810 2869 mortuos
2839 2830 2998 2880 suos;
3045 2825 3099 2869 lu
3143 2824 3319 2869 autem
3345 2816 3499 2883 vade,
3528 2831 3627 2870 an-

2053 2904 2235 2959 nuntia
2268 2920 2483 2975 regnum
2503 2907 2615 2961 Dei.
2645 2908 2713 2961 Et
2741 2908 2813 2961 ait
2843 2907 2975 2961 alter
3004 2925 3015 2960 :
3047 2907 3252 2977 Sequar
3280 2916 3351 2973 te,
3373 2908 3626 2973 Domine;

2052 2994 2146 3049 sed
2174 2995 2403 3065 primum
2437 2998 2681 3065 permitte
2724 2997 2851 3051 mihi
2897 2998 3202 3053 renuntiare
3240 2998 3305 3052 iis
3327 3000 3417 3068 qui
3439 2999 3459 3031 ³
3480 2999 3627 3054 domi

2052 3089 2194 3139 sunt.
2222 3086 2309 3140 Ait
2327 3086 2393 3141 ad
2423 3087 2567 3141 illum
2594 3088 2749 3143 Jesus
2775 3105 2788 3141 :
2811 3088 2976 3142 Nemo
2998 3090 3213 3144 mittens
3233 3105 3445 3144 manum
3474 3105 3626 3145 suam

2053 3174 2106 3230 in
2135 3184 2389 3245 aratrum,
2418 3188 2470 3231 et
2505 3178 2794 3247 reSpieiens
2822 3188 2985 3245 retro,
3018 3188 3171 3249 aptus
3205 3188 3287 3235 est
3310 3196 3475 3250 regno
3506 3180 3623 3237 Dei.

2126 3265 2191 3319 El
2225 3276 2334 3335 post
2383 3268 2644 3336 paululum
2686 3266 2786 3339 [x.]
2818 3286 2829 3319 :
2865 3268 3003 3323 Ecce
3053 3284 3151 3338 ego
3180 3269 3332 3323 mitto
3374 3284 3469 3325 vos
3490 3270 3627 3325 sicut

2050 3371 2216 3426 agnos
2258 3360 2393 3411 inter
2448 3358 2619 3427 lupos.
2666 3357 2836 3413 Nolite
2884 3369 3097 3427 portare
3136 3360 3425 3427 sacculum,
3455 3376 3628 3431 neque

2050 3461 2255 3516 peram,
2293 3463 2465 3518 neque
2493 3449 2869 3513 calceamenta,
2901 3457 2957 3503 et
2982 3450 3246 3504 neminem
3272 3465 3367 3520 per
3388 3451 3522 3504 viam
3548 3464 3607 3506 sa

2050 3538 2376 3604 lntaveritis,
2429 3539 2485 3593 ln
2537 3554 2919 3609 quamcumque
2972 3539 3187 3594 domum
3264 3540 3623 3605 intraveritis,

2050 3630 2281 3700 primum
2324 3631 2520 3695 dicite,
2580 3631 2687 3685 Pax
2751 3631 2873 3687 huic
2925 3632 3106 3687 domui
3134 3640 3223 3688 :et
3269 3633 3314 3687 si
3352 3633 3423 3688 ibi
3468 3632 3629 3689 fuerit

2050 3720 2193 3775 filius
2244 3720 2421 3790 pacis,
2483 3722 2780 3791 requiescet
2843 3737 3003 3792 super
3054 3714 3203 3777 illum
3255 3738 3357 3794 pax
3414 3732 3623 3791 vestra;

2049 3812 2132 3867 sin
2161 3820 2356 3876 autem,
2384 3811 2451 3865 ad
2484 3826 2577 3865 vos
2605 3820 2917 3866 revertetur.
2961 3812 3016 3866 In
3044 3812 3228 3867 eadem
3261 3822 3439 3869 autem
3465 3814 3626 3869 domo

2050 3910 2260 3956 manete
2307 3900 2525 3956 edentes
2565 3911 2620 3957 et
2667 3902 2909 3957 bibentes
2955 3918 3072 3971 qua:
3120 3904 3259 3973 apud
3297 3905 3417 3959 illos
3466 3912 3624 3972 sunt;

2048 3990 2240 4060 dignus
2263 3992 2404 4045 enim
2427 4001 2509 4047 est
2533 3993 2807 4061 operarius
2832 3992 3078 4048 mercede
3106 4009 3221 4048 sua.
3245 3993 3420 4048 Nolite
3444 4004 3623 4050 trans-

2049 4080 2128 4136 ire
2153 4081 2220 4135 de
2272 4081 2431 4135 domo
2473 4082 2527 4136 in
2572 4082 2807 4137 domum.
2844 4082 2912 4136 Et
2949 4082 3001 4137 in
3026 4096 3414 4153 quamcumque
3432 4085 3627 4139 civita-

2050 4180 2156 4226 tem
2184 4172 2525 4238 intraveritis,
2556 4173 2959 4240 etsusceperint
2995 4188 3111 4239 vos,
3141 4173 3458 4229 manducate
3478 4190 3628 4244 quat-

2048 4279 2275 4335 cumque
2299 4274 2640 4335 apponuntur
2666 4265 2853 4329 vobis;
2882 4273 2935 4320 et
2958 4273 3142 4319 curate
3170 4265 3409 4319 inlirmos
3433 4266 3521 4334 qui
3563 4266 3620 4320 in

2047 4356 2135 4411 illa
2156 4366 2299 4424 sunt,
2321 4366 2376 4412 et
2398 4356 2556 4412 dicite
2575 4357 2680 4411 illis
2706 4373 2720 4409 :
2744 4356 3202 4426 Appropinquavit
3218 4357 3271 4410 in
3292 4372 3387 4411 vos
3403 4372 3625 4428 regnum

2048 4449 2164 4505 Dei.
2196 4450 2255 4505 ln
2275 4464 2662 4520 quamcumque
2713 4448 2980 4503 civitatem
3033 4448 3375 4514 intraveritis,
3410 4458 3465 4503 et
3511 4464 3619 4504 non

2048 4540 2355 4609 receperint
2380 4554 2493 4605 vos,
2520 4547 2777 4595 exeuntes
2798 4538 2849 4592 in
2881 4538 3081 4607 plateas
3098 4538 3214 4607 ejus
3229 4537 3389 4594 dicite
3413 4556 3427 4591 :
3452 4540 3624 4595 Etiam

2048 4633 2321 4702 pulverem
2347 4632 2436 4702 qui
2465 4631 2687 4685 adhaesit
2716 4629 2868 4684 nobis
2885 4628 2953 4684 de
2976 4629 3188 4685 civitate
3219 4640 3417 4697 vestra,
3441 4638 3623 4686 exter-

2046 4725 2221 4794 gimus
2245 4723 2299 4777 in
2324 4738 2451 4787 vos;
2500 4733 2675 4777 tamen
2703 4721 2805 4775 hoc
2832 4722 3041 4785 scitote,
3081 4719 3202 4789 quia
3229 4721 3626 4792 appropinqua-

2046 4816 2124 4869 vit
2151 4829 2373 4884 regnum
2400 4813 2514 4869 Dei.
2542 4813 2671 4868 Dico
2699 4811 2870 4873 vobis,
2909 4812 3032 4882 quia
3060 4810 3314 4866 Sodomis
3341 4812 3393 4865 in
3415 4811 3503 4866 die
3536 4811 3625 4867 illa

2046 4905 2323 4961 remissius
2350 4905 2453 4959 erit
2481 4918 2643 4974 quam
2682 4903 2757 4957 illi
2786 4902 3007 4957 civitati.
3057 4901 3121 4955 Et
3168 4911 3276 4970 post
3306 4901 3620 4972 paululum:

2047 4996 2422 5052 Verumtamen
2456 4996 2510 5049 in
2537 4995 2638 5050 hoc
2670 4994 2840 5049 nolite
2870 4993 3117 5065 gaudere,
3150 4992 3272 5061 quia
3291 4993 3505 5061 spiritus
3526 5008 3621 5047 vo-

2045 5088 2130 5144 bis
2153 5087 2500 5157 subjiciuntur
2528 5104 2540 5140 :
2569 5086 2796 5156 gaudete
2817 5095 3015 5150 autem,
3048 5082 3189 5152 quod
3211 5083 3423 5136 nomina
3448 5092 3623 5138 vestra

2045 5181 2241 5250 scripta
2269 5188 2394 5235 sunt
2437 5180 2491 5234 in
2541 5179 2711 5234 ctelis.
2743 5177 2810 5231 Et
2837 5187 2949 5248 post
2994 5174 3260 5246 paululum
3284 5192 3303 5229 :
3335 5177 3473 5231 Ecce
3501 5176 3623 5246 qui-

2047 5271 2170 5326 dam
2218 5270 2552 5342 legisperitus
2601 5269 2849 5336 surrexit,
2897 5276 3106 5323 tentans
3138 5267 3307 5331 illum,
3330 5274 3384 5321 et
3404 5266 3621 5321 dicens:

2044 5362 2310 5434 Magister,
2355 5361 2481 5432 quid
2522 5358 2761 5415 faciendo
2802 5359 2963 5414 vitam
3005 5367 3257 5413 aeternam
3298 5356 3623 5427 possidebo?

2046 5459 2115 5512 At
2142 5456 2230 5511 ille
2272 5455 2403 5510 dixit
2440 5454 2506 5509 ad
2548 5468 2707 5510 eum:
2747 5452 2803 5508 ln
2852 5453 2992 5523 Lege
3033 5451 3162 5523 quid
3212 5450 3468 5521 scriptum
3498 5451 3620 5506 est?

2066 5582 2069 5583 ⁷
2108 5593 2125 5624 ί
2149 5598 2198 5639 tn
2214 5598 2319 5639 Mss.
2342 5596 2406 5638 ne
2442 5590 2489 5637 io
2512 5595 2564 5639 et
2578 5588 2856 5639 Carnutensi
2872 5600 2969 5639 non
2990 5586 3193 5648 additur,
3209 5585 3433 5651 quotidie.

2107 5654 2128 5684 ³
2150 5649 2364 5714 Vulgata,
2388 5604 2550 5714 [ἔρξαι.
2583 5712 2594 5714 Α
2712 5712 2734 5714 η
2758 5710 2786 5714 μ
2863 5712 2874 5714 _
2925 5712 2935 5714 ῃ
2990 5712 3001 5714 _
3164 5710 3177 5714 _
3345 5711 3373 5714 _r

2107 5714 2129 5747 ³
2149 5718 2221 5763 Sic
2239 5710 2461 5762 ctiam’in
2495 5712 2633 5763 Corb.
2676 5710 2836 5773 Bibliis
2863 5712 3075 5761 habebat
3094 5710 3321 5773 Vulgata;
3345 5711 3460 5760 licet
3496 5722 3625 5759 nunc

2040 5776 2308 5892 magis
2338 5774 2480 5841 ferat,
2500 5774 2575 5837 his
2596 5786 2705 5839 qua:
2726 5772 2856 5828 domi
2875 5780 2983 5828 sunt
3000 5786 3022 5839 ;
3058 5772 3234 5827 neutro
3272 5784 3480 5838 genere,
3526 5783 3623 5824 non
