4110 6502
467 375 568 448 982

463 501 728 574 quomodo
752 499 922 574 legis?
941 499 1041 564 Ille,
1076 498 1403 572 respondens
1427 497 1560 560 dixit
1588 515 1601 552 :
1630 497 1824 568 Diliges
1854 497 2039 558 Domi-

463 612 590 656 num
618 597 782 654 Deum
812 604 958 654 tuum
987 610 1052 656 ex
1075 602 1186 652 toto
1213 592 1377 650 corde
1406 599 1514 660 tuo,
1543 600 1596 648 et
1627 607 1694 648 ex
1730 599 1839 647 tota
1864 591 2042 650 anima

464 699 574 758 tua,
599 698 653 746 et
686 704 753 745 ex
780 688 1025 745 omnibus
1052 687 1251 744 viribus
1299 686 1423 752 tuis,
1474 693 1529 748 et,
1572 701 1634 744 ex
1674 683 1818 739 omni
1863 692 2039 738 mente

463 789 572 851 tua,
601 792 655 839 et
675 783 970 853 proximum
1003 789 1149 836 tuum
1175 781 1312 836 sicut
1342 778 1589 848 teipsum.
1619 774 1687 831 Et
1710 777 1860 847 paulo
1884 784 2036 846 post:

461 877 592 946 Quis
624 877 810 930 horum
852 875 1011 929 trium
1063 873 1270 932 videtur
1295 871 1388 928 tibi
1429 870 1698 940 proximus
1729 867 1890 922 fuisse
1938 866 2033 934 illi,

464 969 553 1038 qui
586 967 767 1026 incidit
795 966 845 1020 in
888 965 1163 1024 latrones?
1192 966 1262 1022 At
1286 965 1377 1022 ille
1404 965 1534 1020 dixit
1564 981 1578 1019 :
1604 963 1704 1032 Qui
1728 961 1850 1018 fecit
1876 961 2038 1018 mise-

459 1059 743 1116 ricordiam
772 1058 822 1111 in
843 1057 1010 1114 illum.
1033 1058 1102 1122 Et
1123 1057 1195 1114 ait
1218 1058 1289 1111 illi
1307 1055 1461 1112 Jesus
1486 1072 1499 1108 ;
1528 1055 1687 1120 Vade,
1705 1063 1758 1110 et
1781 1065 1836 1109 tu
1862 1052 1942 1107 fac
1962 1053 2032 1110 si-

457 1151 669 1210 militer.
705 1149 772 1205 Et
802 1158 912 1218 post
937 1149 1205 1218 paululum
1227 1163 1246 1202 :
1274 1147 1511 1211 Martha,
1545 1145 1771 1211 Martha,
1804 1143 2034 1201 sollicita

454 1255 512 1300 es
531 1249 586 1300 et
613 1239 842 1298 turbaris
869 1255 991 1310 erga
1019 1240 1242 1312 plurima
1271 1257 1283 1293 :
1314 1254 1473 1309 porro
1502 1252 1664 1292 unum
1679 1247 1760 1292 est
1786 1249 2032 1296 necessa-

452 1331 609 1404 rium.
641 1331 804 1394 Maria
839 1332 1094 1402 optimam
1132 1339 1336 1402 partem
1374 1329 1554 1400 elegit,
1601 1343 1719 1400 qua:
1751 1343 1856 1383 non
1886 1325 2030 1386 aufcv

451 1433 597 1480 retur
623 1422 690 1478 ab
715 1438 798 1478 ea.

521 1513 655 1570 Item
685 1522 794 1584 post
819 1511 1250 1586 paululum[x1.]:
1273 1512 1405 1568 Cum
1436 1511 1617 1576 oratis,
1639 1509 1820 1579 inquit,
1845 1508 2024 1576 dicite,

448 1607 627 1671 Pater,
668 1606 1024 1675 sanctiﬁcetur
1071 1620 1260 1662 nomer
1312 1613 1478 1659 tuum.
1508 1601 1767 1658 Adveniat
1805 1615 2025 1674 regnum

449 1708 618 1754 tuum.
645 1699 842 1754 Panem
874 1707 1114 1766 nostrum
1139 1697 1502 1770 quotidianum
1527 1696 1590 1752 da
1623 1696 1776 1752 nobis
1803 1695 1958 1754 hodie
1983 1697 2022 1751 ¹.

447 1788 516 1844 Et
539 1789 745 1844 dimitte
774 1789 926 1844 nobis
965 1799 1178 1858 peccata
1216 1798 1418 1854 nostra,
1459 1788 1719 1858 siquidem
1745 1797 1798 1844 et
1825 1789 1920 1858 ipsi
1946 1788 2026 1843 di-

445 1882 704 1938 mittimus
732 1882 877 1938 omni
911 1882 1120 1938 debenti
1151 1882 1320 1936 nobis.
1361 1881 1427 1935 Et
1468 1897 1532 1935 ne
1573 1895 1668 1936 nos
1711 1881 1926 1938 inducas
1970 1881 2024 1938 in

444 1976 811 2037 tentationem.
850 1975 916 2028 Et
953 1975 1027 2028 ait
1066 1973 1132 2028 ad
1177 1974 1300 2028 illos
1329 1991 1342 2026 :
1370 1973 1499 2042 Quis
1535 1981 1768 2028 vestrum
1813 1972 2024 2029 habebit

442 2064 694 2125 amicum.
723 2073 776 2119 et
805 2064 899 2118 ibit
927 2063 993 2118 ad
1025 2064 1169 2118 illum
1199 2063 1370 2118 media
1409 2072 1581 2128 nocte,
1622 2073 1676 2118 et
1717 2062 1858 2118 dicet
1903 2063 1975 2118 illi
2005 2081 2019 2118 :

441 2155 648 2223 Amice,
681 2155 958 2214 commoda
987 2155 1118 2210 mihi
1157 2163 1266 2210 tres
1303 2170 1501 2225 panes,
1533 2155 1778 2226 quoniam
1819 2155 2021 2214 amicus

441 2263 594 2305 meus
619 2249 764 2306 venit
787 2247 854 2304 de
879 2249 962 2304 via
990 2248 1057 2304 ad
1089 2263 1172 2302 me
1189 2289 1204 2314 ,
1231 2256 1416 2304 etnon
1455 2247 1624 2302 habeo
1651 2247 1789 2318 quod
1829 2263 2022 2316 ponam

439 2347 564 2396 ante
600 2338 750 2394 illum
779 2355 792 2391 :
823 2348 877 2394 et
919 2338 1006 2393 ille
1043 2337 1110 2393 de
1146 2338 1286 2392 intus
1326 2337 1672 2406 respondens,
1701 2337 1878 2392 dicat:
1904 2338 2022 2393 Noli

439 2431 570 2490 mihi
598 2432 850 2488 molestus
875 2444 994 2486 esse
1017 2447 1031 2483 :
1056 2431 1169 2499 jam
1192 2430 1385 2484 ostium
1411 2429 1650 2484 clausum
1671 2436 1771 2493 est,
1791 2438 1844 2484 et
1870 2429 2020 2499 pueri

437 2522 543 2582 mei
581 2537 788 2581 mecum
836 2531 958 2578 sunt
1004 2520 1059 2584 in
1103 2520 1297 2585 cubili;
1325 2535 1434 2576 non
1476 2535 1688 2591 possum
1720 2535 1940 2590 surgere
1966 2529 2019 2578 et

437 2615 566 2670 dare
591 2614 705 2670 tibi.
729 2615 795 2670 Et
820 2614 910 2670 ille
928 2615 973 2668 si
994 2613 1414 2684 perseveraverit
1438 2614 1672 2683 pulsans,
1697 2613 1817 2668 dico
1843 2613 2014 2682 vobis,

435 2705 535 2764 etsi
565 2721 670 2765 una
705 2703 853 2764 dabit
893 2705 965 2760 illi
1007 2719 1250 2776 surgens,
1282 2720 1346 2760 eo
1376 2703 1517 2775 quod
1544 2705 1746 2760 amicus
1775 2704 1888 2773 ejus
1915 2706 2013 2771 sit;

435 2805 649 2867 propter
673 2796 1065 2866 improbitatem
1105 2805 1280 2850 tamen
1308 2794 1422 2865 ejus
1447 2803 1645 2862 surget,
1676 2803 1727 2850 et
1767 2794 1912 2848 dabit
1945 2795 2018 2850 illi

433 2897 692 2961 quotquot
711 2891 871 2946 habet
890 2889 1241 2946 necessarios.
1267 2887 1336 2942 Et
1360 2902 1458 2958 ego
1484 2887 1633 2942 vobis
1661 2885 1780 2941 dico
1805 2905 1816 2940 :
1847 2887 2016 2942 Petite

433 2991 488 3040 et
519 2982 732 3040 dabitur
766 2983 916 3038 vobis
945 2999 959 3037 :
986 2981 1208 3050 quaerite
1226 3021 1240 3046 ,
1267 2989 1323 3036 et
1361 2977 1637 3034 invenietis
1663 2996 1676 3031 :
1701 2978 1933 3048 pulsate,
1962 2985 2016 3034 et

432 3075 700 3145 aperietur
726 3073 896 3130 vobis.
921 3072 1107 3129 Omnis
1129 3073 1268 3127 enim
1295 3071 1384 3142 qui
1414 3072 1563 3140 petit,
1591 3069 1816 3139 accipit;
1847 3078 1900 3126 et
1923 3069 2015 3140 qui

431 3166 643 3236 quaerit,
675 3165 904 3234 invenit;
934 3172 989 3218 et
1017 3163 1244 3233 pulsanti
1273 3162 1558 3232 aperietur.
1590 3161 1718 3226 Quis
1747 3168 1920 3215 autem
1947 3175 2016 3216 ex

433 3258 590 3314 vobis
632 3267 837 3328 patrem
887 3258 1016 3327 petit
1061 3271 1274 3327 panem,
1314 3253 1569 3324 numquid
1615 3253 1840 3322 lapidein
1870 3252 2014 3306 dabit

430 3349 546 3406 illi?
569 3358 661 3405 aut
690 3350 910 3419 piscem,
939 3346 1203 3416 numquid.
1226 3362 1320 3414 pro
1351 3345 1492 3414 pisce
1535 3355 1838 3412 serpentem
1869 3342 2015 3398 dabit

429 3441 545 3498 illii‘.
563 3449 657 3496 aut
689 3442 732 3496 si
760 3440 974 3511 petierit
997 3454 1178 3501 ovum,
1202 3437 1454 3506 numquid
1483 3435 1715 3504 porriget
1750 3434 1820 3488 illi
1860 3448 2012 3490 scor-

428 3535 640 3606 pionem
651 3533 680 3587 ?-
695 3534 749 3589 Si
771 3548 916 3604 ergo,
941 3547 1061 3588 cum
1084 3530 1202 3586 sitis
1221 3529 1367 3596 mali,
1389 3529 1558 3583 nostis
1585 3528 1718 3582 bona
1741 3526 1862 3580 data
1883 3525 2012 3582 dare

426 3625 549 3690 ﬁliis
575 3625 804 3691 vestris;
837 3632 1034 3694 quanto
1068 3621 1237 3691 magis
1264 3620 1418 3674 Pater
1447 3627 1624 3675 vester
1651 3618 1717 3674 dc
1750 3617 1888 3674 ccelo
1916 3615 2013 3672 da-

425 3717 514 3774 bit.
543 3717 784 3787 spiritum
832 3716 1030 3771 bonum
1079 3712 1383 3784 petentibus
1426 3726 1504 3766 se.
1549 3708 1617 3764 Et
1668 3711 1820 3780 paulo
1861 3718 2012 3778 post:

427 3809 650 3864 Factum
679 3816 772 3864 est.
789 3817 967 3864 autem
993 3823 1112 3862 eum
1139 3805 1256 3862 haec
1279 3805 1507 3873 diceret,
1539 3804 1798 3860 extollens
1823 3818 2010 3864 vocem

425 3905 668 3976 quamam
692 3905 882 3960 mulier
900 3905 968 3960 de
1002 3904 1178 3970 turba,
1206 3904 1338 3958 dixit
1364 3903 1437 3958 illi
1463 3921 1477 3958 :
1502 3903 1697 3958 Beatus
1719 3901 1902 3959 venter
1919 3903 2013 3974 qui

427 4007 479 4054 te
503 3998 750 4068 portavit,
781 4005 836 4051 et
870 3996 1035 4050 ubera
1078 4011 1197 4065 quae
1223 3995 1431 4050 suxisti.
1461 3996 1530 4048 At
1572 3995 1663 4050 ille
1701 3993 1870 4049 dixit:
1899 3995 2012 4049 lmo

424 4087 565 4144 beati
594 4088 684 4158 qui
714 4086 937 4142 audiunt
957 4085 1175 4140 verbum
1202 4085 1317 4149 Dei,
1351 4092 1406 4138 et
1429 4084 1734 4139 custodiunt
1759 4085 1908 4139 illud.
1942 4084 2012 4138 Et

426 4179 587 4250 paulo
614 4189 728 4250 post
751 4194 767 4232 :
793 4177 1004 4232 Etcum
1031 4176 1357 4246 loqueretur,
1388 4174 1592 4245 rogavit
1620 4175 1766 4230 illum
1796 4175 2010 4245 quidam

423 4269 747 4335 Phariszeus,
777 4277 838 4322 ut
862 4266 1146 4338 pranderet
1182 4265 1322 4336 apud
1349 4281 1408 4321 se
1441 4283 1454 4320 :
1483 4274 1542 4320 et
1565 4266 1838 4336 ingressus
1859 4281 2012 4324 recuv

422 4360 561 4417 buit.
581 4360 881 4416 Dharisaeus
901 4368 1078 4415 autem
1100 4360 1260 4429 cmpit
1287 4358 1426 4413 intra
1451 4373 1510 4414 se
1532 4368 1792 4430 reputans,
1808 4359 2010 4425 dicere,

429 4465 598 4521 quare
631 4467 734 4507 non
762 4452 1057 4521 baptizatus
1077 4458 1224 4506 esset
1245 4457 1368 4505 ante
1391 4451 1689 4520 prandium.
1715 4451 1784 4506 Et
1805 4450 1881 4508 ait
1901 4451 2009 4506 Do-

422 4545 602 4600 minus
641 4545 707 4599 ad
750 4545 900 4598 illum
933 4562 946 4598 :
975 4544 1125 4598 Nunc
1148 4557 1276 4608 vos,
1304 4542 1578 4610 Phariszui,
1609 4545 1748 4613 quod
1786 4543 1853 4600 de
1879 4542 2011 4600 foris

423 4644 512 4691 est
546 4637 726 4691 calicis
761 4645 818 4691 et
842 4637 1029 4702 catini,
1056 4635 1355 4701 mundatis;
1382 4635 1726 4705 quod‘autem
1755 4637 1903 4694 intus
1924 4646 2009 4692 est

422 4735 683 4794 vestrum,
711 4728 922 4796 plenum
945 4736 1028 4782 est
1053 4728 1235 4796 rapina
1259 4735 1313 4781 et
1333 4727 1816 4798 iniquitate.Stulti,
1834 4744 2026 4786 nonne.

424 4819 515 4889 qui
545 4817 672 4873 fecit
692 4817 834 4888 quod
861 4817 929 4873 de
956 4817 1086 4872 foris
1107 4827 1210 4883 est,
1239 4817 1398 4872 etiam
1420 4819 1724 4888 quodintus
1747 4829 1831 4875 est
1851 4819 2008 4875 fecit?

422 4911 804 4967 Verumtamen
843 4911 984 4981 quod
1028 4919 1300 4978 superest,
1337 4910 1460 4966 date
1499 4911 1926 4982 eleemosynam,
1957 4921 2012 4967 et

422 5018 550 5058 ecce
579 5005 755 5058 omnia
784 5003 980 5058 munda
1024 5011 1148 5057 sunt
1173 5002 1341 5058 vobis.
1376 5002 1481 5059 Sed
1519 5019 1599 5057 van
1635 5003 1786 5059 vobis
1825 5004 2009 5058 Phari-

421 5097 565 5164 saeis,
608 5097 729 5167 quia
771 5097 1046 5153 deeimatis
1088 5096 1380 5164 mentham,
1424 5105 1480 5151 et
1516 5105 1710 5163 rutam,
1750 5105 1804 5152 et
1849 5112 2010 5153 omne

423 5187 565 5252 olus,
607 5193 662 5242 et
700 5188 984 5258 praeteritis
1008 5187 1264 5257 judicium
1303 5195 1357 5241 et
1398 5185 1710 5242 cbaritatem
1737 5187 1852 5242 Dei.
1886 5187 2010 5245 ﬂata

422 5289 599 5333 autem
629 5281 863 5348 oportuit
895 5277 1088 5346 facere,
1110 5289 1165 5333 et
1190 5279 1278 5333 illa
1304 5293 1408 5332 non
1429 5278 1691 5333 omittere.
1718 5278 1810 5334 Va:
1835 5279 2004 5345 vobis,

420 5368 700 5435 Pharisaei,
733 5371 854 5440 quia
884 5369 1104 5442 diligitis
1144 5371 1343 5440 primas
1377 5369 1657 5425 cathedras
1687 5371 1739 5425 in
1779 5379 2023 5442 synago-'-

420 5461 522 5530 gis,
551 5470 605 5516 et
634 5461 981 5514 salutationes
1010 5461 1062 5514 in
1108 5461 1241 5515 foro.
1275 5459 1366 5514 Va:
1392 5460 1560 5527 vobis,
1607 5461 1726 5530 quia
1775 5461 1904 5515 estis
1952 5468 2014 5516 ut

422 5560 768 5612 monumenta
794 5567 914 5624 quae
941 5566 1047 5609 non
1075 5559 1296 5621 parent,
1321 5561 1373 5606 et
1403 5551 1644 5607 homines
1673 5552 2006 5608 ambulantes

423 5655 582 5711 supra
604 5644 866 5700 nesciunt.
891 5643 1242 5714 Respondeas
1263 5653 1436 5699 autem
1465 5643 1676 5714 quidam
1696 5658 1768 5704 exn
1783 5643 2006 5713 legispe-

488 5797 506 5828 ¹
531 5804 582 5844 tn
603 5803 811 5853 vetustis
824 5801 965 5852 corb.

418 5797 811 5914 hiat-tactum
824 5801 965 5852 θοι-ι).
1000 5799 1180 5866 Biblils,
1198 5796 1440 5871 quotidie;
1455 5800 1594 5864 juxta
1616 5812 1784 5864 grae,
1807 5799 1854 5851 ιὸ
1876 5798 2019 5891 kal/1’:

1664 375 1722 432 S.
1763 373 2132 440 AUGUSTINI
2157 376 2522 450 SPECULUM

3617 397 3734 471 988.

2147 497 2280 565 ritis,
2311 499 2384 556 ait
2414 499 2524 558 illi:
2553 499 2818 577 Magister,
2842 501 2958 566 hate
2983 503 3188 577 dicens,
3219 509 3380 570 etiam
3407 512 3562 582 nobis
3589 531 3724 572 con-

2147 591 2418 650 tumeliam
2438 593 2584 651 iacis.
2612 595 2680 652 At
2698 596 2782 651 ille
2797 597 2896 656 ait:
2912 597 3084 656 Etiam
3103 599 3253 658 vobis
3273 603 3588 677 legisperitis
3608 623 3725 680 vat;

2145 683 2267 753 quia
2291 687 2522 742 oneratis
2547 685 2791 746 homines
2813 691 3064 750 oneribus
3081 708 3198 764 qua:
3218 706 3430 766 portare
3455 713 3562 759 non
3590 715 3720 770 pos-

2143 778 2328 844 sunt‘,
2357 787 2412 834 et
2430 779 2529 850 ipsi
2558 795 2665 836 uno
2692 779 2856 852 digito
2880 792 3058 840 vestro
3087 801 3192 844 non
3226 789 3439 859 tangitis
3454 779 3716 849 sarcinas.

2213 867 2282 926 Et
2323 870 2424 924 alio
2466 871 2574 928 loco
2618 868 2759 947 [xu.]
2785 891 2800 926 :
2828 875 3096 932 Attendite
3142 893 3173 932 a
3217 876 3483 937 fermento
3524 883 3720 940 Phari-

2141 975 2390 1036 saaorum.
2416 965 2554 1034 quod
2585 975 2665 1020 eet
2689 963 3005 1035 hypocrisis.
3032 967 3099 1023 Et
3121 971 3277 1041 paulo
3301 982 3411 1042 post
3432 989 3452 1028 :
3476 974 3601 1034 Dico
3622 991 3724 1032 au-

2141 1059 2246 1112 tem
2276 1051 2427 1132 vobis
2453 1052 2640 1109 amicis
2665 1055 2819 1123 meis,
2848 1071 2916 1114 ne
2945 1059 3247 1118 terreamini
3276 1062 3343 1117 ab
3370 1062 3435 1118 iis
3457 1065 3548 1135 qui
3576 1066 3722 1122 occi-

2139 1141 2271 1196 dunt
2313 1157 2524 1212 corpus,
2555 1153 2608 1198 et
2637 1154 2753 1214 post
2797 1147 2911 1202 haec
2950 1161 3059 1203 non
3100 1149 3297 1209 habent
3334 1153 3559 1224 amplius
3588 1156 3724 1226 quid

2137 1229 2348 1302 faciant.
2375 1232 2658 1289 Ostendam
2685 1244 2861 1290 autem
2881 1236 3031 1292 vobis
3053 1252 3212 1308 quem
3238 1240 3484 1297 timeatis.
3507 1243 3717 1300 Timete

2136 1339 2255 1380 eum
2285 1325 2371 1395 qui
2405 1335 2682 1396 postquam
2725 1327 3009 1396 occiderit,
3041 1327 3204 1386 habet
3235 1341 3548 1401 potestatem
3593 1336 3717 1391 mit-

2137 1423 2248 1472 tere
2277 1417 2328 1472 in
2353 1418 2646 1488 gehennam
2672 1435 2685 1472 :
2711 1417 2781 1472 ita
2809 1418 2926 1474 dico
2950 1420 3117 1487 vobis,
3142 1420 3282 1477 hunc
3307 1423 3508 1480 timete.
3527 1425 3717 1484 Nonne

2133 1510 2362 1581 quinque
2402 1525 2648 1580 passeres
2687 1520 2920 1567 veneunt
2965 1512 3237 1582 dipondio,
3271 1525 3325 1570 et
3349 1531 3485 1571 unus
3513 1533 3578 1572 ex
3607 1517 3718 1572 illis

2133 1619 2237 1674 non
2267 1611 2349 1660 est
2377 1603 2430 1658 in
2459 1603 2724 1660 oblivione
2753 1619 2932 1659 coram
2960 1605 3102 1659 Deo?
3128 1604 3234 1660 Sed
3255 1614 3309 1661 et
3331 1607 3503 1676 capilli
3523 1609 3718 1679 capitis

2132 1697 2291 1754 vestri
2317 1711 2504 1752 omnes
2529 1697 2790 1750 numerati
2814 1704 2954 1753 sunt.
2977 1695 3149 1752 Nolite
3179 1712 3306 1768 ergo
3327 1699 3547 1764 timere;
3576 1700 3718 1754 mul-

2132 1788 2198 1844 tis
2226 1789 2531 1858 passeribus
2558 1787 2724 1857 pluris
2751 1788 2897 1842 estis.
2928 1787 3055 1842 Dico
3083 1797 3258 1843 autem
3299 1788 3450 1844 vobis
3477 1807 3489 1842 :
3524 1789 3718 1846 Omnis

2129 1883 2449 1952 quicumque
2475 1881 2750 1936 confessus
2784 1879 2940 1935 fuerit
2978 1896 3062 1936 me
3089 1895 3268 1935 coram
3295 1881 3622 1950 hominibus,
3657 1889 3718 1937 et

2130 1975 2292 2029 Filius
2317 1973 2547 2030 hominis
2573 1974 2911 2028 conﬁtebitur
2931 1973 2980 2028 in
3010 1974 3097 2028 illo
3113 1975 3133 2005 ²
3151 1989 3328 2028 coram
3347 1974 3561 2046 Angelis
3582 1974 3713 2042 Dei;

2129 2066 2217 2136 qui
2242 2076 2417 2121 autem
2446 2066 2715 2137 negaverit
2743 2081 2827 2121 me
2855 2081 3034 2120 coram
3062 2064 3382 2133 hominibus,
3414 2066 3708 2138 denegabi-

2128 2166 2214 2213 tur
2239 2173 2418 2214 coram
2454 2158 2671 2228 Angelis
2699 2157 2813 2213 Dei.
2844 2157 2914 2212 Et
2937 2158 3108 2213 omnis
3133 2158 3222 2228 qui
3247 2157 3375 2214 dicit
3401 2159 3620 2215 verbum
3653 2158 3712 2214 in

2128 2250 2318 2306 Filium
2352 2249 2602 2314 hominis,
2631 2250 2930 2304 remittetur
2957 2248 3031 2302 illi
3058 2267 3071 2301 :
3099 2248 3150 2304 ei
3179 2256 3355 2303 autem
3380 2248 3470 2320 qui
3499 2249 3551 2302 in
3583 2247 3711 2320 Spi-

2127 2343 2287 2416 ritum
2325 2350 2564 2398 sanctum
2593 2339 3058 2409 blaSphemaverit,
3086 2355 3190 2394 non
3221 2339 3539 2394 remittetur.
3571 2338 3712 2396 Cum

2127 2441 2305 2487 autem
2336 2431 2590 2502 inducent
2618 2445 2709 2485 vos
2738 2431 2787 2484 in
2813 2445 3126 2501 synagogas,
3166 2440 3219 2484 et
3256 2430 3319 2484 ad
3348 2430 3707 2502 magistratus,

2125 2533 2178 2578 et
2209 2531 2529 2593 potestates,
2563 2521 2729 2578 nolite
2770 2521 2980 2575 solliciti
3029 2536 3147 2576 esse
3188 2520 3415 2591 qualiter
3450 2529 3541 2576 aut
3580 2521 3711 2591 quid

2126 2615 2516 2685 respondeatis,
2546 2625 2637 2669 aut
2666 2615 2790 2685 quid
2821 2614 3008 2669 dicatis
3039 2631 3051 2667 :
3080 2613 3308 2685 Spiritus
3327 2614 3468 2671 enim
3493 2624 3711 2670 sanctus

2124 2708 2338 2763 docebit
2373 2723 2467 2764 vos
2510 2707 2566 2762 in
2614 2707 2727 2778 ipsa
2778 2706 2929 2773 hora,
2959 2723 3076 2777 quae
3105 2714 3348 2777 eporteat
3386 2705 3584 2763 dicere.
3618 2707 3716 2764 Ait

2123 2807 2300 2853 autem
2324 2798 2372 2853 ei
2405 2796 2620 2870 quidam
2649 2797 2717 2854 de
2753 2799 2905 2852 turba
2939 2814 2951 2849 :
2985 2795 3252 2870 Magister,
3293 2797 3380 2854 dic
3407 2796 3562 2854 fratri.
3583 2815 3714 2856 meo

2123 2897 2180 2943 ut
2199 2887 2400 2948 dividat
2421 2904 2630 2948 mecum
2649 2887 3037 2950 haereditatem.
3067 2891 3133 2944 At
3159 2888 3246 2944 ille
3266 2888 3397 2944 dixit
3415 2891 3494 2947 ei:
3510 2891 3708 2959 Homo,

2121 2976 2239 3046 quis
2267 2992 2352 3032 me
2374 2978 2651 3034 constituit
2674 2977 2930 3048 judicem,
2959 2987 3051 3033 aut
3074 2977 3360 3035 divisorem
3387 2995 3544 3052 supra
3570 2983 3710 3038 vos?

2122 3067 2368 3139 Dixitque
2392 3068 2460 3128 ad
2489 3069 2645 3124 illos:
2673 3068 2879 3136 Videte,
2905 3078 2958 3124 et
2981 3079 3164 3124 cavete
3189 3069 3254 3124 ab
3278 3071 3423 3126 omni
3445 3072 3707 3140 avaritia;

2121 3157 2244 3226 quia
2276 3173 2380 3213 non
2422 3158 2477 3213 in
2518 3157 2841 3214 abundantia
2877 3158 3188 3229 cujusquam
3224 3161 3331 3214 vita
3361 3160 3475 3232 ejus
3501 3169 3602 3225 est,
3635 3177 3708 3218 ex

2121 3247 2204 3304 his
2231 3265 2351 3319 quae
2375 3249 2634 3319 possidet.
2671 3249 2808 3304 Dixit
2834 3260 3009 3304 autem
3037 3250 3432 3306 similitudinem
3462 3251 3526 3308 ad
3558 3253 3706 3322 illos,

2117 3338 2302 3395 dicens
2325 3357 2338 3394 :
2365 3339 2608 3394 Hominis
2630 3338 2905 3409 cujusdam
2926 3340 3103 3395 divitis
3128 3340 3323 3397 uberes
3351 3341 3552 3398 fructus
3575 3358 3711 3415 ager

2116 3429 2331 3494 attulit;
2380 3437 2434 3484 et
2475 3429 2742 3500 cogitabat
2790 3431 2926 3484 intra
2969 3446 3046 3495 se,
3089 3431 3290 3500 dicens,
3323 3433 3458 3499 Quid
3487 3433 3704 3503 faciam,

2117 3520 2239 3589 quia
2260 3534 2364 3574 non
2382 3518 2552 3575 habeo
2577 3535 2684 3590 quo
2703 3535 3018 3591 congregem
3041 3518 3239 3576 fructus
3261 3521 3439 3577 meos?
3456 3521 3523 3578 Et
3545 3523 3702 3592 dixit,

2118 3609 2230 3666 Hoc
2251 3609 2434 3666 faciam
2456 3627 2469 3664 :
2489 3608 2760 3664 destruam
2787 3609 2980 3666 horrea
3009 3625 3146 3676 mea,
3175 3619 3228 3666 et
3257 3611 3456 3682 majora
3485 3613 3702 3683 faciam,

2117 3711 2170 3757 et
2192 3702 2313 3758 illuc
2334 3703 2671 3774 congregabo
2692 3704 2870 3758 omnia
2889 3719 3007 3774 qua:
3027 3713 3148 3759 nata
3176 3715 3298 3760 sunt
3318 3705 3469 3774 mihi,
3487 3713 3539 3761 et
3561 3707 3707 3762 bona

2117 3809 2271 3860 mea;
2310 3802 2363 3850 et
2408 3794 2583 3849 dicam
2628 3794 2818 3850 animo:
2872 3811 3026 3864 meae,
3057 3797 3264 3864 Anima,
3323 3798 3485 3854 habes
3532 3799 3706 3855 multa

2115 3886 2257 3942 bona
2305 3885 2474 3956 posita
2521 3884 2575 3940 in
2616 3900 2785 3942 annos
2827 3887 3102 3957 plurimos,
3130 3890 3426 3960 requiesce,
3453 3887 3702 3960 comede,

2117 3979 2262 4048 bibe,
2309 3979 2548 4049 epulare.
2597 3977 2740 4034 Dixit
2788 3986 2963 4034 autem
3021 3979 3095 4034 illi
3136 3980 3276 4036 Deus
3305 3999 3317 4035 :
3351 3980 3551 4050 Stulte,
3597 3980 3705 4041 hac

2119 4080 2277 4126 nocte
2321 4069 2552 4124 animam
2605 4079 2746 4125 tuam
2791 4079 3039 4140 repetunt
3075 4086 3105 4126 a
3141 4079 3224 4138 te;
3253 4087 3372 4142 qua:
3400 4081 3573 4128 autem
3603 4088 3704 4143 pa-

2117 4163 2244 4217 rasti
2275 4161 2425 4229 cujus
2451 4161 2642 4218 erunt?
2667 4161 2755 4218 Sic
2782 4171 2862 4216 cst
2891 4161 3065 4217 omnis
3092 4163 3180 4232 qui
3219 4163 3320 4218 sibi
3350 4165 3698 4235 thesaurizat,

2115 4261 2174 4308 et
2197 4267 2300 4306 non
2322 4259 2404 4307 est
2424 4251 2475 4305 in
2497 4252 2660 4307 Deum
2683 4251 2849 4307 dives.
2877 4253 3118 4323 Dixitque
3141 4253 3208 4309 ad
3234 4253 3517 4325 discipulos
3537 4271 3666 4312 suos
3681 4274 3701 4314 :

2117 4342 2247 4404 Ideo,
2285 4341 2404 4398 dico
2451 4343 2620 4409 vobis,
2662 4343 2827 4398 nolite
2871 4343 3083 4398 solliciti
3121 4360 3239 4401 esse
3267 4347 3454 4401 animae
3479 4357 3699 4418 vestrae,

2115 4432 2243 4504 quid
2293 4432 2658 4500 manducetis;
2704 4449 2876 4504 neque
2925 4435 3174 4505 corpori,
3210 4437 3335 4507 quid
3373 4439 3700 4499 vestiamini.

2115 4523 2306 4578 Anima
2329 4523 2446 4592 plus
2470 4532 2554 4579 est
2580 4537 2738 4593 quam
2769 4539 2910 4591 esca,
2934 4533 2989 4580 et
3013 4540 3205 4597 corpus
3230 4543 3388 4597 quam
3408 4531 3702 4590 vestimen-

2115 4622 2248 4676 tum.
2272 4613 2616 4670 Considerate
2642 4628 2854 4682 corvos,
2883 4617 3004 4685 quia
3038 4632 3143 4672 nou
3183 4619 3478 4689 seminant,
3520 4637 3702 4693 neque

2115 4714 2350 4774 metunt;
2379 4705 2571 4780 quibus
2601 4721 2708 4762 non
2748 4715 2830 4762 est
2874 4706 3167 4774 cellarium,
3199 4724 3372 4782 neque
3406 4709 3698 4781 horreum;

2114 4807 2171 4855 et
2190 4799 2328 4854 Deus
2359 4799 2527 4868 pascit
2550 4799 2709 4853 illos:
2737 4808 2935 4870 quanto
2961 4801 3128 4870 magis
3156 4817 3248 4856 vos
3273 4802 3441 4875 pluris
3470 4805 3601 4859 estis
3633 4805 3703 4860 il-

2115 4893 2213 4956 lis?
2237 4893 2364 4962 Quis
2392 4900 2570 4948 autem
2597 4902 2833 4948 vestrum
2861 4891 3142 4963 cogitando
3168 4903 3344 4965 potest
3369 4895 3600 4965 adjicere
3626 4897 3699 4953 ad

2114 4993 2374 5044 staturam
2417 4997 2567 5038 suam
2606 4984 2840 5040 cubitum
2889 4985 3086 5039 unum?
3111 4984 3167 5040 Si
3197 5001 3322 5057 ergo
3350 5003 3519 5057 neque
3549 4990 3698 5060 quod

2113 5075 2391 5138 minimum
2420 5083 2503 5130 est
2531 5075 2770 5144 potestis,
2797 5075 2921 5145 quid
2947 5075 3014 5131 de
3041 5078 3248 5132 caneris
3275 5078 3485 5134 solliciti
3524 5082 3697 5136 estis?

2113 5165 2456 5224 Considerate
2483 5166 2593 5222 lilia
2621 5167 2642 5198 ³
2668 5168 2934 5238 quomodo
2974 5178 3253 5236 crescunt;
3286 5185 3390 5226 non
3431 5173 3695 5242 laborant,

2113 5272 2287 5336 neque
2314 5265 2462 5316 nent.
2489 5258 2618 5313 Dico
2648 5267 2824 5314 autem
2853 5260 3025 5325 vobis,
3057 5276 3156 5318 nec
3184 5261 3434 5320 Salomon
3461 5265 3520 5322 in
3544 5267 3700 5324 omni

2175 5373 2206 5438 1_
2218 5370 2588 5438 Regiuseodetr
2623 5371 2719 5431 hic,
2743 5383 2854 5436 qua:
2883 5370 3070 5438 portari
3089 5385 3181 5424 non
3451 5377 3525 5427 sic
3548 5381 3699 5429 etiam

2110 5430 2458 5498 antiquzgcorb.
2478 5430 2639 5482 Bibiia.
2663 5430 2853 5484 Graecus
2884 5430 3009 5485 'rero
3034 5430 3229 5498 terms;
3249 5435 3556 5490 autem
3591 5453 3612 5490 :
3649 5443 3700 5492 id

2111 5493 2668 5630 dimidii-risi;
2682 5556 2828 5620 ωιὶιιε
3079 5558 3218 5630 texta
3238 5569 3470 5630 mm.

2109 5615 2238 5688 gesei
2252 5631 2311 5668 en
2329 5617 2454 5688 ante,
2465 5619 2558 5681 ,ῳιὶ
2579 5620 2723 5669 etiam
2739 5615 3282 5683 pmxheant'e'habet',
3303 5615 3466 5675 horai
3484 5621 3701 5676 hariolo-

3049 5751 3310 5820 ,μεως-ι
3349 5758 3540 5820 “eam
3564 5759 3596 5820 ξι
3616 5762 3698 5820 εε-

2108 5801 2398 5916 gseltiitbliis,
2418 5801 2725 5868 quae—eadem
2739 5801 2865 5857 voce
2879 5801 3026 5858 suam
3045 5806 3098 5859 in
3110 5801 3434 5871 s'ubsequenti
3452 5808 3701 5864 veniatin
