4110 6476
353 563 528 638 gloria
556 573 659 636 sua
680 557 1012 618 vestiebatur.
1044 555 1183 616 sicut
1220 566 1381 611 unum
1410 566 1478 610 ex
1513 550 1648 608 istis.
1673 548 1732 609 Si
1756 556 1934 604 autem

352 657 543 720 fenum
559 653 672 725 agri
701 652 842 725 quod
871 649 1034 726 hodie
1067 648 1124 704 in
1147 662 1272 719 agro
1297 655 1377 703 est
1394 686 1410 713 ,
1439 654 1492 700 et
1516 658 1636 700 cras
1679 643 1731 698 in
1770 641 1932 700 cliba-

351 770 484 810 num
526 753 776 817 mittitur,
807 749 948 804 Deus
972 745 1050 802 sic
1074 745 1266 810 vestit;
1294 751 1493 813 quanto
1523 743 1689 810 magis
1714 752 1810 794 vos
1835 753 1934 808 pu-

348 847 486 908 silla:
526 843 680 900 fidei?
707 843 781 898 Et
799 855 897 902 vos
935 839 1101 896 nolite
1135 851 1376 910 quaerere
1409 833 1536 907 quid
1577 831 1930 900 manducetis,

348 952 442 1000 aut
467 939 848 1014 quidbibatis;
869 945 926 994 et
956 935 1128 992 nolite.
1147 934 1206 990 in
1231 931 1458 989 sublime
1481 930 1611 987 tolli.
1639 929 1766 984 Haec
1789 927 1932 984 enim

347 1038 534 1102 omnia
568 1044 762 1107 gentes
794 1031 980 1089 mundi
1016 1029 1328 1102 inquirunt:
1350 1027 1512 1084 Pater
1549 1035 1728 1081 autem
1755 1033 1932 1080 vester

345 1132 458 1188 scit
480 1129 730 1202 quoniam
765 1128 850 1188 bis
887 1125 1154 1198 indigetis.
1178 1123 1558 1179 Verumtamen
1586 1119 1806 1192 quaerite
1844 1133 1930 1174 re-

343 1243 508 1300 gnum
549 1225 645 1282 Dei
673 1225 713 1290 ¹-,
735 1233 795 1288 et
827 1222 945 1278 haec
987 1215 1166 1280 omnia
1209 1217 1524 1288 adjicientur
1559 1214 1730 1270 vobis.
1755 1211 1930 1268 Nolite

347 1323 562 1387 timere,
584 1318 812 1392 pusillus
855 1331 1020 1387 grex;
1051 1313 1174 1385 quia
1212 1310 1531 1382 complacuit
1567 1307 1708 1364 Patri
1751 1315 1928 1362 vestro

345 1415 478 1472 dare
517 1412 674 1473 vobis
706 1426 952 1483 regnum.
982 1408 1210 1465 Vendite
1237 1422 1355 1478 quae
1384 1403 1697 1477 possidetis,
1726 1411 1780 1458 et
1805 1403 1929 1458 date

342 1510 760 1579 eleemosynam.
791 1503 974 1561 Facite
998 1503 1149 1558 vobis
1181 1501 1423 1556 sacculos
1445 1500 1533 1571 qui
1577 1514 1683 1554 non
1719 1507 1928 1553 vetera-

340 1609 532 1667 seunt,
565 1581 871 1656 thesaurum
899 1613 1005 1652 non
1031 1595 1368 1651 deficientem
1402 1594 1458 1650 in
1495 1592 1680 1682 caelis;
1709 1606 1813 1662 quo
1843 1591 1927 1646 fur

340 1709 452 1749 non
480 1693 779 1764 appmpiat,
804 1705 977 1762 neque
1006 1690 1147 1745 tinea
1170 1688 1483 1758 corrumpit.
1516 1687 1616 1743 Ubi
1639 1685 1780 1742 enim
1810 1684 1927 1741 tlte-

336 1803 529 1844 saurus
555 1795 753 1852 vester,
786 1785 856 1842 ibi
881 1793 936 1840 et
963 1799 1055 1840 cor
1083 1793 1318 1841 vestrum
1349 1784 1469 1839 erit.
1499 1783 1568 1837 Et
1591 1791 1704 1854 post
1739 1781 1926 1854 paulu-

336 1881 448 1936 lum
475 1895 494 1935 :
519 1879 588 1935 Et
614 1894 710 1934 vos
738 1885 908 1934 estote
933 1877 1130 1947 parati;
1156 1876 1276 1946 quia
1303 1891 1405 1946 qua
1435 1875 1562 1931 hora
1594 1893 1698 1932 non
1729 1877 1923 1946 putatis

338 1975 507 2030 Filius
531 1973 763 2029 hominis
781 1971 961 2029 veniet
985 1973 1027 2025 ³.
1051 1970 1139 2026 Ait
1162 1978 1338 2026 autem
1366 1971 1416 2026 ei
1437 1972 1624 2027 Petrus
1643 1989 1657 2026 :
1675 1971 1918 2038 Domine,

331 2068 404 2124 ad
433 2083 531 2125 nos
557 2067 692 2123 dicis
717 2065 853 2122 banc
875 2064 1181 2138 pa-rabolam
1201 2105 1214 2129 ,
1255 2078 1320 2117 an
1351 2070 1406 2119 et
1431 2064 1497 2119 ad
1523 2062 1751 2118 omnes?
1784 2064 1922 2118 Dixit

334 2167 514 2215 autem
539 2159 824 2214 Dominus:
844 2157 993 2225 Quis,
1019 2164 1188 2226 putas,
1213 2163 1297 2212 est
1320 2155 1490 2213 fidelis
1513 2157 1848 2227 dispensator
1868 2164 1922 2212 et

334 2249 606 2321 prudens,
646 2265 805 2320 quem
844 2248 1116 2303 constituit
1164 2247 1413 2303 dominus
1459 2263 1616 2317 supra
1666 2249 1917 2303 familiam

334 2358 510 2410 suam,
532 2351 589 2397 ιιι
608 2341 699 2398 det
724 2341 828 2395 illis
848 2341 901 2395 in
924 2349 1163 2411 tempore
1184 2341 1340 2395 tritici
1363 2343 1702 2395 mensuram?
1725 2343 1918 2396 Beatus

332 2435 426 2492 ille
453 2451 660 2502 servus,
682 2450 839 2507 quem
869 2450 990 2490 cum
1018 2435 1225 2491 venerit
1249 2435 1517 2502 dominus,
1548 2436 1808 2491 invenerit
1846 2437 1916 2491 ita

328 2526 633 2585 facientem.
655 2527 790 2584 Vere
809 2528 930 2583 dico
950 2527 1119 2593 vobis,
1143 2543 1306 2597 supra
1322 2528 1498 2583 omnia
1519 2545 1638 2600 quae
1660 2531 1913 2601 possidet,

325 2621 617 2676 constituet
646 2621 814 2676 illum.
838 2621 990 2688 Quod
1019 2621 1063 2676 si
1092 2621 1284 2678 dixerit
1325 2638 1515 2677 servus
1556 2623 1644 2678 ille
1673 2623 1724 2678 in
1753 2626 1916 2681 corde

325 2727 450 2779 suo,
491 2713 689 2768 Moram
739 2715 861 2768 facit
901 2713 1149 2768 dominus
1190 2728 1340 2769 meus
1373 2706 1584 2782 venire,
1614 2724 1668 2771 et
1695 2719 1917 2787 coeperit

326 2816 606 2877 percutere.
649 2821 844 2876 pueros
882 2814 937 2860 et
975 2807 1219 2872 ancillas,
1252 2815 1305 2862 et
1333 2808 1514 2874 edere,
1545 2818 1598 2864 et
1628 2810 1828 2877 bibere,
1862 2819 1915 2866 et

323 2898 583 2954 inebriari
609 2915 623 2953 :
651 2897 827 2954 veniet
851 2898 1102 2954 dominus
1127 2900 1265 2954 servi
1308 2899 1446 2954 illius
1483 2901 1535 2954 in
1565 2900 1652 2956 die
1679 2917 1782 2972 qua
1808 2917 1913 2958 non

321 2999 529 3061 sperat,
556 2999 611 3047 et
637 2992 766 3046 hora
796 3007 897 3062 qua
927 2992 1116 3058 nescit,
1140 3001 1194 3048 et
1218 2993 1418 3048 dividet
1436 3007 1579 3059 eum,
1604 3003 1915 3067 partemque

321 3084 443 3153 ejus
486 3099 608 3140 cum
657 3083 958 3140 infidelibus
1003 3094 1182 3155 ponet.
1218 3085 1309 3140 Ille
1348 3094 1524 3142 autem
1571 3103 1777 3154 servus,
1823 3089 1912 3160 qui

319 3177 575 3247 cognovit
600 3177 922 3232 voluntatem
953 3177 1153 3232 domini
1195 3177 1309 3244 sui,
1353 3187 1405 3233 et
1433 3194 1539 3234 non
1571 3182 1908 3250 praeparavit,

320 3278 378 3323 et
420 3283 526 3323 non
578 3266 702 3322 fecit
751 3267 1043 3324 secundum
1093 3269 1417 3326 voluntatem
1464 3271 1600 3341 ejus,
1645 3274 1913 3343 vapulabit

320 3358 545 3414 multis:
569 3358 658 3428 qui
684 3367 861 3414 autem
889 3375 994 3413 non
1023 3348 1293 3430 cognovit,
1317 3371 1370 3416 et
1390 3359 1516 3417 fecit
1537 3363 1692 3433 digna
1719 3365 1906 3434 plagis,

319 3450 592 3522 vapulabit
619 3451 822 3523 paucis.
847 3452 1207 3508 Omni-autem
1231 3455 1562 3510 cui-multum
1595 3458 1772 3513 datum
1803 3471 1903 3526 est,

317 3542 547 3598 multum
593 3538 862 3614 qnteretur
903 3544 971 3599 ab
1017 3560 1118 3609 eo;
1160 3553 1214 3601 et
1265 3547 1348 3602 cui
1400 3550 1909 3608 commendaverunt

317 3635 544 3690 multum
569 3678 584 3704 ,
639 3636 762 3706 plus
816 3646 1065 3707 repetunt
1104 3638 1171 3693 ab
1227 3653 1311 3694 eo.
1361 3638 1494 3695 Item
1539 3644 1692 3711 paulo
1736 3654 1847 3715 post
1889 3660 1907 3699 :

316 3723 624 3796 Hypocritae
643 3766 659 3792 ,
690 3725 876 3782 faciem
908 3731 1066 3782 terrae
1095 3738 1152 3784 et
1171 3731 1292 3785 coeli
1322 3732 1488 3786 nostis
1517 3733 1770 3802 probare;
1805 3736 1908 3792 hoc

317 3824 496 3872 autem
526 3826 736 3889 tempus
759 3819 1027 3890 quomodo
1055 3835 1161 3875 non
1187 3823 1422 3891 probatis
1436 3824 1470 3878 ?-
1485 3825 1618 3892 Quid
1646 3835 1823 3882 autem
1852 3836 1906 3884 et

315 3923 352 3966 ιι
377 3910 527 3966 vobis
551 3909 682 3981 ipsis
699 3925 805 3965 non
828 3911 1076 3981 iudicatis
1096 3913 1238 3982 quod
1262 3913 1464 3984 justum
1491 3923 1572 3970 est
1595 3916 1620 3970 ?

286 4074 292 4080 -
391 4000 456 4055 Et
485 4001 744 4070 aliquanto
771 4011 881 4072 post
902 4001 1068 4076 [mn]
1092 4021 1107 4059 :
1133 4004 1450 4062 Contendite
1474 4007 1673 4063 intrare
1693 4025 1790 4081 per
1810 4025 1905 4066 an-

313 4102 526 4164 gustam
557 4102 763 4164 portam
793 4112 808 4149 :
839 4095 962 4165 quia
997 4095 1171 4164 mulli,
1201 4095 1323 4153 dico
1349 4097 1519 4165 vobis,
1551 4111 1789 4170 quaerent
1816 4101 1901 4157 in-

312 4191 477 4250 trare,
499 4193 562 4241 et-
583 4201 691 4241 non
711 4195 978 4258 poterunt.

386 4277 456 4333 Et
483 4279 587 4334 alio
615 4279 724 4334 loco
753 4277 922 4353 [xm]
947 4297 959 4333 :
986 4279 1202 4336 Dicebat
1225 4290 1401 4339 autem
1434 4283 1499 4342 ad
1528 4284 1777 4346 invitatos
1803 4305 1898 4360 pa-

309 4369 578 4440 rabolam,
608 4372 887 4428 intendens
911 4375 1178 4444 quomodo
1207 4374 1406 4446 primos
1435 4381 1708 4437 accubitus
1738 4384 1900 4456 elige-

310 4471 453 4531 rent,
475 4463 659 4519 dicens
679 4465 745 4520 ad
765 4464 882 4520 illos
907 4483 919 4518 :
945 4465 1074 4522 Cum
1101 4466 1353 4526 invitatus
1381 4472 1545 4530 fueris
1570 4475 1636 4530 ad
1660 4478 1892 4546 nuptias,

309 4574 420 4616 non
450 4560 753 4618 discumbas
779 4563 831 4617 in
857 4564 1031 4635 primo
1054 4564 1206 4633 loco;
1237 4582 1304 4622 ne
1341 4567 1477 4625 forte
1513 4557 1820 4628 honoratior
1848 4582 1899 4631 te

306 4651 382 4708 sit
411 4651 663 4709 invitatus
692 4653 759 4708 ab
785 4669 870 4726 eo,
899 4663 953 4710 et
973 4656 1189 4712 veniens
1215 4659 1261 4712 is
1287 4659 1377 4728 qui
1407 4667 1456 4715 te
1484 4668 1538 4716 et
1563 4663 1707 4716 illum
1733 4679 1895 4726 voca-

307 4745 406 4813 vit,
439 4745 578 4801 dicat
621 4747 733 4815 tibi,
765 4749 838 4801 Da
871 4748 989 4803 huic
1017 4750 1221 4815 locum;
1255 4760 1309 4806 et
1352 4760 1474 4808 tunc
1511 4754 1733 4826 incipias
1771 4772 1895 4814 cum

306 4837 508 4910 rubore
536 4839 882 4894 novissimum
924 4839 1098 4894 locum
1137 4853 1337 4897 tenere.
1371 4843 1476 4898 Sed
1517 4861 1637 4902 cum
1678 4858 1894 4906 vocatus

307 4929 931 5012 fueris,vade,recumhe
957 4934 1009 4988 in
1032 4935 1319 4990 novissimo
1348 4937 1494 5003 loco;
1516 4948 1571 4992 ut
1591 4954 1712 4995 cum
1737 4958 1896 4998 vene-

304 5023 379 5079 rit
406 5023 497 5094 qui
537 5032 589 5090 te
631 5025 888 5090 invitavit,
917 5026 1060 5082 dicat
1090 5027 1203 5096 tibi,
1229 5029 1432 5096 Amice,
1469 5033 1698 5087 ascende
1731 5049 1892 5106 supe-

304 5116 454 5172 rius:
473 5124 598 5172 tunc
619 5118 720 5174 erit
742 5119 832 5174 tibi
854 5119 1020 5190 gloria
1041 5135 1220 5175 coram
1238 5121 1395 5176 simul
1417 5123 1890 5186 discumbentihus.

305 5205 442 5274 Quia
491 5209 666 5264 omnis
713 5209 803 5279 qui
849 5201 908 5265 se
956 5211 1182 5280 exaltat,
1214 5211 1609 5282 humiliabitur;
1640 5220 1804 5289 etqui
1835 5235 1893 5276 se

301 5298 572 5368 humiliat,
594 5299 928 5370 exaltabitur.
952 5303 1169 5358 Dicebat
1196 5315 1370 5360 autem
1399 5315 1452 5362 et
1481 5307 1528 5362 ei
1556 5309 1644 5378 qui
1671 5324 1729 5365 se
1759 5311 1894 5366 invi—

302 5401 514 5447 laverat
541 5410 554 5449 ε
580 5391 714 5448 Cum
742 5392 870 5449 facis
900 5395 1176 5465 prandium
1202 5397 1284 5452 vel
1307 5412 1535 5468 ccenam,
1566 5400 1674 5454 noli
1703 5417 1894 5461 vocare

301 5487 510 5540 amicos
535 5495 676 5556 tuos,
707 5502 879 5556 neque
905 5487 1094 5545 fratres
1126 5498 1260 5558 tuos,
1290 5507 1460 5563 neque
1489 5505 1764 5572 cognatos,
1794 5514 1892 5556 ne-

328 5596 1895 5673 .iVulsalahaPetnttncaWtitemimIremmbeteuusu-

441 5663 546 5736 ejus
573 5675 591 5712 :
613 5665 733 5736 alio
755 5663 964 5735 antiquis
978 5665 1113 5715 Corb.
1138 5663 1254 5716 sibi.
1274 5663 1471 5736 carebat
1495 5665 1572 5717 bis
1591 5663 1772 5736 “verbis;
1797 5663 1894 5736 ρή-

298 5733 453 5800 ma
473 5723 937 5800 metuamus.-
965 5741 1086 5800 ,ιιιιεε
1107 5740 1151 5800 ει.
1170 5742 1330 5800 stes?
1354 5731 1504 5780 etiam
1534 5737 1676 5790 ιθιιιι
1695 5723 1890 5800 esset.

299 5789 357 5833 et
365 5785 440 5854 ab
462 5785 945 5854 omnibuscodicibus
965 5785 1108 5853 HujUs
1129 5785 1334 5854 Sp'eculi.

365 5847 462 5959 2‘3.
482 5855 586 5900 Mss.
615 5851 733 5902 etin
752 5853 964 5914 antiquis
983 5847 1122 5904 Cori).
1139 5847 1316 5918 fiibliis,
1339 5851 1482 5909 venit.
1509 5862 1561 5908 In
1591 5868 1772 5932 graeco,
1810 5873 1890 5923 er-

1575 435 1664 493 DE
1701 433 1988 494 SCRIPTU
1996 433 2087 492 BA
2124 436 2364 500 saeua.

2040 567 2145 648 que
2173 555 2373 614 vicinos
2401 557 2622 632 divites;
2645 576 2718 622 ne
2744 563 2882 623 forte
2909 575 2964 625 et
2997 570 3096 644 ipsi
3129 578 3184 630 te
3214 573 3500 635 reiuviteut
3517 621 3532 648 ,
3563 591 3622 642 et
3650 614 3652 616 -

2041 645 2132 700 fiat
2178 651 2270 704 tibi
2317 655 2614 711 retributio.
2651 658 2756 714 Sed
2796 656 2918 716 cum
2964 663 3094 718 facis
3136 645 3622 740 convivium,

2041 756 2320 812 pauperes,
2339 746 2562 817 debiles,
2585 750 2819 819 claudos,
2843 770 3014 812 caecos
3034 773 3050 824 ;
3073 769 3126 814 et
3146 760 3331 818 beatus
3352 765 3476 831 eris,
3499 769 3623 836 quia

2039 849 2146 892 non
2175 837 2370 895 habent
2398 843 2692 901 retribuere
2721 846 2814 901 tibi
2845 865 2862 902 :
2893 852 3213 908 retribuetur
3243 857 3382 911 enim
3425 860 3517 914 tibi
3565 863 3619 917 in

2040 933 2390 1005 retributione
2429 937 2444 968 ¹
2471 937 2756 1008 justorum.
2781 940 2847 996 Et
2873 945 3026 1015 paulo
3051 957 3164 1018 post
3189 963 3209 1003 :
3232 949 3286 1004 Si
3325 951 3444 1022 quis
3473 955 3623 1010 venit

2037 1028 2104 1083 ad
2132 1045 2238 1098 me,
2265 1039 2320 1086 et
2344 1047 2448 1087 non
2478 1033 2588 1088 odit
2626 1044 2829 1105 patrem
2860 1053 3012 1093 suum
3042 1051 3093 1096 et
3123 1053 3376 1112 matrem,
3406 1055 3458 1099 et
3487 1061 3620 1101 uxo-

2038 1137 2174 1187 rem,
2204 1132 2257 1178 et
2284 1124 2438 1190 filios,
2470 1134 2525 1182 et
2555 1125 2764 1193 fratres,
2795 1139 2850 1185 et
2889 1145 3122 1199 sorores,
3161 1134 3335 1192 adhuc
3363 1147 3539 1192 autem
3569 1147 3624 1194 et

2037 1216 2267 1272 animam
2313 1233 2483 1286 suam,
2525 1236 2629 1275 non
2673 1230 2850 1292 potest
2890 1240 3040 1280 meus
3067 1241 3188 1281 esse
3211 1227 3520 1299 discipulus.
3555 1231 3621 1285 Et

2039 1313 2126 1384 qui
2154 1328 2260 1368 non
2289 1313 2486 1384 bajulat
2515 1330 2728 1371 crucem
2758 1331 2930 1385 suam,
2955 1327 3009 1373 et
3033 1319 3177 1374 venit
3205 1329 3328 1392 post
3367 1337 3480 1388 me,
3513 1339 3618 1378 non

2038 1414 2211 1476 potest
2249 1423 2402 1463 meus
2431 1423 2550 1465 esse
2580 1409 2890 1481 discipulus.
2918 1412 3048 1479 Quis
3073 1412 3216 1468 enim
3249 1430 3315 1469 ex
3339 1415 3490 1470 vobis
3518 1429 3620 1470 vo-

2034 1500 2150 1557 lens
2199 1504 2384 1557 turrim
2427 1502 2722 1572 aedificare,
2765 1521 2873 1561 non
2916 1507 3061 1576 prius
3109 1507 3300 1563 sedens
3347 1517 3621 1579 computat

2034 1605 2275 1666 sumptus
2305 1599 2392 1668 qui
2422 1599 2710 1655 necessarii
2739 1608 2898 1666 sunt,
2935 1600 2981 1655 si
3021 1600 3216 1656 habeat
3243 1600 3311 1656 ad
3341 1602 3620 1672 perficien-

2033 1689 2193 1756 dum;
2225 1705 2294 1746 ne
2323 1699 2666 1762 posteaquam
2701 1694 2936 1764 posuerit
2968 1693 3400 1761 fundamentum,
3431 1705 3483 1751 et
3509 1711 3618 1752 non

2032 1784 2264 1852 potuerit
2292 1783 2569 1856 perficere,
2588 1801 2778 1842 omnes
2799 1787 2889 1857 qui
2911 1785 3091 1842 vident
3116 1787 3369 1857 incipiant
3396 1787 3618 1844 illudere

2031 1876 2102 1944 ei,
2131 1876 2368 1932 dicentes
2409 1876 2530 1948 quia
2577 1877 2666 1933 hic
2710 1878 2870 1934 homo
2911 1880 3072 1949 coepit
3115 1879 3398 1946 :rdificare,
3430 1889 3483 1936 et
3509 1894 3617 1936 non

2029 1967 2201 2037 potuit
2229 1969 2636 2024 consummare?
2663 1969 2769 2024 Aut
2796 1971 2912 2041 quis
2950 1987 3042 2027 rex
3083 1971 3252 2026 iturus
3281 1972 3618 2030 committere

2029 2060 2224 2115 bellum
2251 2061 2510 2116 adversus
2535 2062 2694 2116 alium
2728 2078 2928 2133 regem,
2952 2079 3056 2117 non
3084 2063 3277 2118 sedens
3303 2064 3446 2133 prius
3467 2063 3616 2133 cogi~

2028 2158 2124 2218 tat,
2167 2152 2210 2205 si
2253 2153 2420 2221 possit
2456 2168 2576 2208 cum
2616 2154 2799 2209 decem
2842 2154 3076 2208 millibus
3109 2168 3390 2209 oecurrere
3423 2155 3494 2221 ei,
3525 2153 3618 2224 qui

2028 2257 2147 2297 cum
2187 2244 2371 2315 viginti
2421 2245 2653 2300 millibus
2703 2247 2846 2300 venit
2895 2246 2961 2301 ad
3011 2245 3102 2301 se?
3144 2245 3391 2317 Alioquin
3441 2246 3616 2306 adhuc

2026 2335 2118 2390 illo
2143 2335 2298 2407 longe
2336 2347 2524 2408 agente
2546 2379 2561 2404 ,
2597 2338 2915 2410 legationem
2946 2341 3179 2405 mittens,
3211 2349 3364 2412 rogat
3396 2356 3460 2397 ea
3496 2354 3616 2412 qua:

2026 2429 2174 2497 pacis
2223 2439 2368 2484 sunt.
2414 2431 2501 2486 Sic
2534 2446 2661 2503 ergo
2707 2433 2880 2488 omnis
2929 2449 2995 2489 ex
3039 2435 3208 2501 vobis,
3241 2436 3327 2506 qui
3371 2450 3480 2491 non
3523 2451 3614 2491 re-

2023 2523 2232 2577 nuntiat
2259 2524 2507 2580 omnibus
2531 2540 2653 2596 quae
2684 2527 2939 2596 possidet,
2971 2542 3075 2582 non
3100 2537 3276 2600 potest
3314 2544 3464 2585 meus
3494 2542 3613 2588 esse

2022 2613 2328 2684 discipulus.

2096 2707 2162 2760 Et
2189 2717 2300 2778 post
2334 2709 2645 2781 aliquantum
2677 2707 2844 2785 [xw]
2877 2729 2891 2767 :
2920 2712 2988 2768 Et
3014 2727 3114 2784 ego
3140 2713 3292 2770 vobis
3327 2712 3476 2783 dico,
3511 2714 3612 2772 Fa-

2020 2799 2125 2855 cite
2148 2801 2297 2856 vobis
2325 2803 2526 2857 amicos
2548 2803 2616 2858 de
2641 2819 2944 2860 mammona
2964 2806 3273 2877 iniquitatis,
3304 2815 3359 2861 ut
3379 2822 3497 2863 cum
3516 2807 3612 2863 de-

2021 2894 2272 2958 feceritis,
2307 2897 2566 2966 recipiant
2586 2913 2678 2953 vos
2709 2899 2761 2953 in
2791 2907 2989 2955 a-terna
3018 2900 3381 2955 tabernacula.
3410 2901 3510 2970 Qui
3544 2900 3608 2956 fi-

2021 2987 2156 3042 delis
2180 2998 2261 3044 est
2289 2992 2341 3043 in
2373 2989 2618 3056 minimo,
2647 3001 2702 3047 et
2731 2992 2782 3046 in
2815 2993 3002 3063 majori
3027 2992 3197 3048 fidelis
3227 3001 3339 3058 est;
3363 3003 3417 3049 et
3441 2993 3530 3064 qui
3555 2994 3607 3049 in

2022 3081 2232 3136 modico
2260 3083 2471 3152 iniquus
2497 3092 2579 3137 est
2599 3125 2612 3148 ,
2646 3092 2699 3138 et
2724 3084 2777 3138 in
2803 3084 2993 3152 majori
3033 3083 3246 3156 iniquus
3269 3093 3369 3142 est.
3399 3084 3454 3140 Si
3482 3099 3610 3156 ergo

2020 3173 2072 3228 in
2104 3175 2284 3244 iniquo
2315 3189 2618 3230 mammona
2639 3176 2824 3230 fideles
2844 3192 2950 3230 non
2974 3175 3178 3243 fuistis;
3205 3176 3345 3247 quod
3373 3185 3609 3238 vestrum

2019 3275 2102 3320 est
2125 3267 2244 3336 quis
2280 3266 2426 3321 dabit
2463 3265 2615 3321 vobis
2640 3267 2706 3320 '?
2746 3267 2917 3322 Nemo
2956 3282 3143 3322 servus
3184 3274 3360 3337 potest
3397 3266 3608 3322 duobus

2017 3357 2248 3412 dominis
2270 3359 2468 3413 servire
2501 3377 2514 3411 :
2546 3367 2638 3412 aut
2657 3359 2798 3413 enim
2824 3374 2987 3413 unum
3010 3359 3174 3426 odiet,
3198 3367 3250 3413 et
3271 3357 3497 3412 alterum
3519 3357 3605 3412 di-

2016 3449 2180 3519 liget;
2209 3458 2300 3504 aut
2331 3451 2422 3504 uni
2453 3449 2767 3516 adhaerebit,
2805 3461 2859 3506 et
2886 3451 3110 3506 alterum
3131 3459 3456 3519 contemnet.
3485 3449 3609 3510 Non.

2016 3546 2236 3612 potestis
2263 3543 2372 3598 Deo
2406 3543 2607 3598 servire
2641 3553 2693 3599 et
2723 3558 3059 3599 mammonae.
3088 3543 3389 3599 Audiebant
3425 3552 3603 3598 autem

2015 3631 2131 3687 lucc
2150 3634 2327 3688 omnia
2346 3633 2620 3700 Pharisati,
2650 3635 2737 3705 qui
2760 3645 2909 3690 erant
2931 3635 3103 3700 avari;
3128 3634 3507 3690 ctderidehant
3537 3634 3602 3690 il-

2013 3723 2143 3779 lum.
2193 3726 2260 3780 Et
2289 3726 2362 3780 ait
2389 3726 2492 3782 illis
2525 3743 2540 3779 :
2575 3725 2682 3780 Vos
2705 3727 2832 3782 estis
2861 3727 2949 3797 qui
2970 3726 3275 3796 justificatis
3300 3741 3395 3782 vos
3420 3740 3601 3781 coram

2013 3816 2315 3872 hominibus
2339 3835 2353 3884 ;
2375 3817 2513 3873 Deus
2534 3826 2710 3873 autem
2732 3818 2879 3873 novit
2898 3819 3058 3873 corda
3085 3825 3259 3873 vestra
3283 3836 3295 3873 :
3319 3818 3442 3888 quia
3459 3816 3602 3888 quod

2013 3906 2317 3963 hominibus
2337 3909 2502 3964 altum
2527 3919 2640 3976 est,
2673 3909 2998 3966 abominatio
3025 3919 3109 3966 est
3152 3919 3276 3966 ante
3310 3910 3498 3966 Deum.
3533 3909 3604 3963 Et

2012 4013 2124 4072 post
2156 4019 2343 4072 paucos
2368 4019 2536 4058 versus
2565 4019 2584 4058 :
2614 4004 2797 4059 Omnis
2817 4005 2907 4076 qui
2937 4004 3153 4060 dimittit
3176 4019 3397 4060 uxorem
3424 4018 3601 4071 suam,

2009 4104 2065 4150 et
2089 4095 2231 4150 ducit
2254 4097 2498 4166 alteram,
2532 4098 2851 4158 moechatur.

2081 4188 2151 4244 Et
2178 4200 2287 4261 post
2315 4191 2580 4263 paululum
2609 4190 2786 4268 [xvn.]
2811 4211 2823 4247 :
2852 4191 3184 4264 lmpossibile
3209 4199 3366 4248 estut
3388 4206 3495 4247 non
3516 4206 3602 4249 ve-

2009 4283 2158 4338 niant
2203 4285 2481 4352 scandala;
2527 4301 2608 4340 vae
2658 4296 2837 4341 autem
2883 4285 2956 4341 illi
2996 4300 3093 4356 per
3131 4300 3289 4355 quem
3335 4284 3595 4340 veniunt!

2010 4375 2202 4431 Utilius
2241 4385 2324 4431 est
2352 4376 2459 4444 illi,
2489 4377 2532 4432 si
2574 4377 2708 4447 lapis
2731 4375 2947 4431 molaris
2989 4376 3294 4445 imponatur
3318 4374 3457 4428 circa
3487 4371 3602 4428 col-

2007 4467 2115 4523 lum
2150 4470 2285 4540 ejus,
2315 4479 2369 4524 et
2393 4470 2699 4540 projiciatur
2725 4471 2775 4524 iu
2805 4484 2973 4536 mare,
3006 4484 3163 4541 quam
3194 4479 3252 4534 ut
3275 4467 3600 4530 scandalizet

2007 4576 2168 4615 unum
2194 4563 2261 4618 de
2287 4561 2492 4632 pusillis
2520 4562 2657 4617 istis.
2689 4560 2956 4620 Attendite
2996 4561 3146 4616 vobis
3177 4575 3192 4616 :
3221 4562 3264 4616 si
3299 4562 3604 4632 peccaverit,

2004 4651 2170 4724 frater
2209 4662 2350 4721 tuus,
2389 4654 2605 4723 increpa
2637 4647 2814 4717 illum;
2842 4663 2894 4708 et
2921 4652 2966 4707 si
2994 4653 3363 4722 paenitentiam
3392 4654 3595 4724 egerit,

2004 4745 2213 4802 dimitte
2252 4746 2347 4800 illi.
2378 4747 2444 4801 Et
2468 4747 2513 4801 si
2551 4745 2750 4815 septies
2775 4745 2828 4799 in
2856 4745 2944 4801 die
2979 4747 3280 4816 peccaverit
3323 4747 3376 4802 in
3420 4757 3508 4815 te,
3541 4754 3596 4814 et

2005 4841 2203 4910 septies
2226 4842 2280 4896 in
2308 4841 2395 4900 die
2415 4855 2708 4908 conversus
2741 4838 2900 4900 fuerit
2933 4840 3099 4920 adite,
3127 4841 3328 4908 dicens,
3361 4841 3594 4914 Paenitet

2003 4947 2110 4999 me,
2139 4932 2346 4993 dimitte
2372 4935 2467 4990 illi.

2077 5025 2142 5096 Et
2164 5027 2266 5090 alio
2296 5026 2406 5084 loco
2434 5024 2630 5101 [xvun]
2663 5045 2676 5081 :
2711 5026 2854 5090 Dixit
2876 5034 3054 5084 autem
3085 5025 3153 5082 ad
3193 5023 3473 5096 quosdam,
3499 5024 3595 5098 qui

2002 5117 2056 5172 in
2098 5134 2156 5175 se
2198 5120 2544 5183 confidebant
2579 5130 2831 5193 tanquam
2874 5121 3023 5190 justi,
3070 5127 3125 5176 et
3169 5117 3590 5188 aspernabantur

2001 5222 2252 5286 caeteros,
2300 5214 2605 5284 parabolam
2652 5214 2806 5268 istam
2841 5231 2853 5267 :
2889 5213 3003 5270 Duo
3043 5211 3290 5284 homines
3331 5210 3592 5270 ascende-

2000 5315 2126 5360 runt
2153 5306 2205 5360 in
2232 5306 2492 5376 templum
2509 5313 2568 5361 ut
2587 5314 2803 5362 orarent
2824 5321 2840 5372 ;
2868 5320 3010 5378 unus
3030 5304 3351 5380 Pharisaeus,
3379 5311 3434 5360 et
3451 5303 3590 5358 alter

2003 5397 2341 5458 Publicanus.
2388 5398 2692 5458 Pbarisaeus
2736 5406 2896 5456 stans.
2926 5397 3044 5458 haec
3079 5396 3221 5468 apud
3262 5411 3320 5455 se
3361 5394 3591 5452 orabat:

2002 5491 2166 5561 Deus,
2197 5492 2396 5564 gratias
2421 5507 2520 5564 ago
2549 5493 2662 5561 tibi,
2689 5494 2810 5564 quia
2842 5507 2948 5548 non
2979 5507 3097 5552 sum
3122 5492 3260 5548 sicut
3284 5490 3465 5554 θέεις)ιί
3493 5489 3593 5545 lio-

2064 5677 2081 5708 ι
2097 5677 2312 5739 Vulgata,
2331 5673 2384 5726 in
2401 5674 2765 5739 restm'ectione.
2777 5683 2948 5737 Graec,
2965 5688 3025 5728 en
3047 5673 3092 5726 ιε
3105 5678 3362 5739 constaret.

2062 5739 2083 5770 ³
2106 5733 2252 5803 ιθὼς
2276 5733 2339 5803 ex
2365 5739 2516 5788 sacris
2537 5737 2696 5788 Bibliis
2716 5733 3271 5803 redintegrandus‘hunc
3291 5737 3340 5786 in
3363 5733 3590 5803 modum:

1997 5799 2048 5851 si
2063 5813 2180 5864 ergo
2200 5800 2252 5851 in
2279 5800 2290 5812 '
2328 5799 2339 5812 '
2373 5812 2432 5850 uo
2453 5813 2724 5852 ntantmona
2758 5798 2937 5865 fideles
2956 5813 3053 5852 non
3090 5798 3255 5860 cistis;
3277 5798 3405 5863 quod
3427 5807 3593 5848 verm
3677 5804 3691 5833 κ

1997 5868 2084 5913 est.
2109 5861 2216 5913 auis
2236 5813 2402 5913 0223221,
2417 5862 2545 5913 vobis
2559 5861 2584 5913 ?
2600 5868 2655 5913 Et
2670 5860 2948 5913 siinatim
2963 5801 3133 5913 IideLs
3149 5860 3417 5913 nan-fututa
3431 5874 3449 5913 :
3462 5857 3590 5913 cum!

1996 5868 2096 5937 εει.
2109 5857 2216 5927 ciuis
2236 5857 2402 5937 στένεται
2415 5861 2655 5937 posse
3149 5857 3417 5928 nou-rm
3429 5874 3449 5927 .-
3462 5857 3600 5934 quod.

1998 5919 2207 5988 vestium
2229 5929 2316 5990 est,
2341 5923 2448 5991 quis
2468 5919 2602 5978 dabit
2623 5919 2792 5978 vobis?
