4082 6484
449 562 678 629 minam,
706 565 948 630 raptores
965 596 981 623 ,
1012 549 1195 626 injusti
1218 590 1234 617 ,
1261 542 1522 610 adulteri,
1551 541 1714 598 veluti
1752 538 1916 616 etiam
1942 535 2031 590 hic

448 627 837 714 Publicanus—z
885 646 1067 718 jejuno
1114 642 1196 697 bis
1256 639 1311 694 in
1363 635 1584 692 sabbato
1606 677 1622 699 ,
1677 631 1911 688 decimas
1964 627 2035 683 do

451 745 692 802 omnium
725 755 844 812 quae
867 735 1136 811 possideo.
1158 732 1229 788 Et
1265 729 1584 786 Publicanus
1610 741 1640 780 a
1669 725 1824 794 longe
1848 730 1996 777 stans
2017 761 2032 785 ,

451 839 668 896 nolebat
693 849 791 890 nec
818 831 1002 888 oculos
1024 828 1092 885 ad
1117 826 1311 884 omium
1337 825 1550 887 levare;
1585 819 1678 876 sed
1705 815 2038 890 percutiebat

451 939 642 1005 pectus
664 941 842 991 suum,
867 923 1052 979 dicens
1085 939 1100 976 :
1133 921 1295 985 Deus,
1321 913 1580 987 propitius
1607 920 1724 967 esto
1747 907 1876 1005 mihi
1914 920 2054 980 pec-_

453 999 642 1080 saturi.
668 1019 794 1074 Dico
816 1015 990 1080 vobis,
1014 1011 1290 1069 descendit
1308 1008 1394 1063 hic
1411 1003 1726 1077 justificatus
1746 1001 1800 1056 in
1821 999 2039 1055 domum

452 1130 606 1174 suam
647 1112 716 1168 ab
742 1110 856 1166 illo.
897 1107 1030 1175 Quia
1070 1104 1246 1162 omnis
1270 1101 1359 1173 qui
1391 1114 1450 1155 se
1476 1097 1674 1154 exaltat
1696 1137 1711 1160 ,
1743 1090 2042 1148 humiliabi—

454 1215 569 1272 tur;
601 1214 654 1260 et
676 1203 766 1274 qui
793 1217 851 1256 se
879 1198 1143 1264 humiliat,
1169 1193 1506 1252 exaltabitur.
1537 1186 1846 1244 Afferebant
1865 1191 2040 1274 autem

453 1297 523 1353 ad
550 1271 711 1351 illum—
726 1303 782 1350 et
801 1291 1052 1356 infantes,
1074 1296 1132 1344 ut
1162 1301 1256 1342 cos
1277 1289 1539 1353 tangeret.
1568 1276 1720 1346 Quod
1750 1290 1872 1331 cum
1899 1271 2044 1327 vide-

455 1396 579 1446 rent
602 1384 869 1455 discipuli,
899 1379 1245 1450 increpabant
1272 1377 1417 1432 illos.
1446 1374 1604 1429 .lesus
1645 1379 1821 1426 autem
1848 1380 2046 1422 convo-

455 1494 588 1535 cans
607 1477 746 1542 illos,
774 1473 908 1530 dixit
941 1491 954 1527 :
983 1473 1153 1528 Sinite
1181 1483 1378 1540 pueros
1403 1465 1590 1522 venire
1620 1462 1687 1518 ad
1713 1477 1818 1528 me,
1858 1467 1914 1516 et
1949 1472 2048 1512 no-

457 1571 554 1628 lite
581 1584 674 1625 eos
701 1575 902 1624 vetare.
933 1565 1140 1620 Talium
1178 1571 1260 1618 est
1302 1560 1444 1616 enim
1469 1571 1688 1628 regnum
1721 1546 1836 1609 Dei.
1876 1553 2048 1606 Amen

458 1664 581 1720 dico
609 1661 778 1727 vobis,
799 1660 1116 1732 quicumque
1138 1671 1244 1711 non
1273 1651 1543 1723 acceperit
1571 1662 1792 1719 regnum
1820 1643 1915 1701 Dei
1941 1643 2048 1699 sic-

465 1764 526 1813 ut
564 1771 699 1826 puer
721 1795 737 1821 ,
768 1769 874 1808 non
909 1749 1128 1807 intrabit
1179 1747 1234 1802 in
1271 1745 1418 1800 illud.
1452 1743 1522 1798 Et
1558 1737 1902 1810 interrogavit
1925 1751 2049 1793 eum

461 1848 675 1921 quidam
699 1845 964 1916 princeps,
991 1843 1173 1897 dicens
1203 1857 1216 1894 :
1245 1839 1494 1916 Magister
1516 1835 1674 1900 bone,
1699 1831 1824 1898 quid
1851 1830 2051 1921 faciens

461 1919 625 1995 vitam
653 1945 905 1992 mternam
935 1931 1258 2004 possidebo?
1290 1929 1435 1984 Dixit
1479 1935 1657 1982 autem
1694 1924 1846 1978 Jesus
1876 1940 1888 1974 :
1916 1919 2053 1988 Quid

464 2045 555 2085 me
590 2028 725 2084 dicis
750 2001 953 2082 bonum
969 2025 993 2077 ?
1021 2023 1185 2078 Nemo
1206 2021 1396 2086 bonus,
1429 2018 1529 2073 nisi
1555 2016 1701 2072 solus
1722 2015 1882 2070 Deus.
1911 2011 2056 2066 Man-
2085 2001 2088 2004 ’

464 2123 589 2178 data
619 2123 798 2178 nosti?
824 2121 939 2176 Non
970 2119 1203 2183 occides,
1233 2116 1350 2171 Non
1382 2111 1764 2175 mmchaberis,
1798 2108 1914 2163 Non
1943 2106 2055 2161 fur-

465 2223 579 2270 tum
621 2214 782 2269 facies
809 2254 822 2278 ,
861 2213 976 2268 Non
1013 2211 1200 2266 falsum
1244 2205 1603 2263 testimonium
1633 2203 1777 2257 dices
1799 2243 1812 2266 ,
1844 2201 2055 2255 Honora

466 2316 673 2377 patrem
705 2315 852 2361 tuum
882 2315 937 2361 et
965 2313 1213 2359 matrem.
1239 2299 1341 2368 Qui
1369 2300 1443 2354 ait
1477 2317 1488 2352 :
1523 2298 1649 2352 llzec
1673 2295 1851 2350 omnia
1875 2303 2056 2348 custo-

467 2398 578 2454 divi
607 2414 635 2452 a
659 2397 937 2467 juventute
961 2411 1098 2452 mea.
1121 2396 1236 2464 Quo
1262 2393 1464 2459 audito,
1487 2391 1642 2446 Jesus
1671 2390 1744 2443 ait
1768 2389 1838 2452 ei,
1869 2388 2060 2443 Adhuc

468 2489 563 2546 tibi
594 2505 754 2544 unum
778 2487 931 2544 deest
963 2505 976 2541 :
1009 2486 1187 2542 omnia
1214 2497 1563 2555 quaecumque
1590 2480 1755 2536 habes
1781 2477 1976 2542 vende,
2007 2486 2062 2532 et

469 2581 540 2637 da
565 2581 902 2652 pauperibus,
925 2588 981 2636 et
996 2579 1218 2636 habebis
1238 2577 1547 2632 thesaurum
1571 2574 1622 2628 in
1645 2572 1782 2629 coelo
1802 2587 1816 2638 ;
1840 2581 1894 2626 et
1916 2570 2058 2638 veni,

470 2687 697 2744 sequere
717 2688 823 2747 me.
850 2672 944 2728 His
970 2671 1058 2726 ille
1082 2670 1294 2737 auditis,
1318 2668 1660 2724 contristatus
1685 2675 1766 2722 est
1791 2681 1806 2730 ;
1834 2664 1956 2735 quia
1983 2663 2064 2718 di-

470 2777 568 2819 ves
595 2771 714 2820 erat
741 2763 915 2819 valde.
948 2762 1145 2819 Videns
1173 2774 1348 2817 autem
1380 2760 1527 2814 illum
1557 2757 1714 2813 Jesus
1745 2756 1952 2811 tristem
1981 2754 2063 2808 fa-

471 2865 616 2910 ctum
637 2896 674 2923 ,.
693 2855 827 2912 dixit
857 2873 871 2910 :
901 2855 1070 2922 Quam
1099 2853 1314 2910 difﬁcile
1353 2852 1441 2923 qui
1468 2851 1723 2922 pecunias
1747 2848 1980 2912 habent,
2009 2845 2065 2901 in

473 2960 698 3016 regnum
746 2946 842 3001 Dei
885 2945 1188 3002 intrabunt!
1233 2943 1464 3000 Facilius
1503 2951 1586 2998 est
1625 2942 1766 2996 enim
1804 2939 2067 2995 camelum

475 3051 572 3109 per
608 3037 846 3094 foramen
870 3053 998 3094 acus
1028 3037 1253 3092 transire
1272 3077 1288 3104 ,
1323 3052 1481 3106 quam
1510 3035 1727 3089 divitem
1759 3034 1960 3089 intrare
2008 3033 2066 3088 in

476 3143 699 3199 regnum
732 3129 846 3184 Dei.
873 3129 941 3183 Et
969 3128 1216 3183 dixerunt
1241 3129 1330 3198 qui
1360 3127 1646 3182 audiebant
1678 3144 1690 3180 ε
1723 3127 1790 3180 Et
1817 3127 1934 3196 quis
1962 3141 2064 3197 po-

478 3229 586 3276 test
609 3221 789 3277 salvus
810 3221 922 3276 fieri
942 3221 966 3274 ?
989 3221 1063 3274 ait
1087 3221 1194 3275 illis
1224 3237 1236 3274 :
1265 3220 1392 3288 Quae
1420 3218 1764 3288 impossibilia
1787 3226 1910 3273 sunt
1927 3218 2068 3288 apud

479 3312 746 3380 homines,
764 3313 1034 3384 possibilia
1052 3321 1174 3368 sunt
1188 3313 1326 3384 apud
1339 3313 1526 3369 Deum.
1541 3313 1628 3367 Ait
1646 3321 1823 3368 autem
1839 3312 2028 3368 Petrus
2053 3329 2069 3368 :

480 3405 624 3462 Ecce
653 3419 752 3462 nos
779 3405 1076 3461 dimisimus
1100 3407 1276 3460 omnia
1297 3446 1312 3471 ,
1343 3415 1397 3462 et
1441 3405 1609 3461 secuti
1637 3421 1819 3460 sumus
1854 3415 1925 3460 tc.
1971 3405 2072 3473 Qui

480 3496 617 3553 dixit
643 3497 722 3553 eis
753 3515 766 3550 ε
799 3498 968 3553 Amen
991 3497 1111 3553 dico
1133 3497 1304 3562 vobis,
1334 3511 1491 3552 nemo
1510 3505 1592 3552 est
1617 3497 1708 3565 qui
1735 3495 1947 3567 reliquit
1971 3495 2072 3552 do-

485 3603 655 3656 mum,
686 3596 778 3643 aut
807 3596 1054 3658 parentes
1076 3630 1091 3655 ,
1123 3597 1215 3643 aut
1242 3588 1454 3652 fratres,
1484 3599 1574 3643 aut
1602 3603 1850 3654 uxorem,
1889 3597 1980 3642 aut
2007 3589 2072 3642 li—

483 3676 608 3744 lios,
635 3687 852 3749 propter
876 3694 1096 3750 regnum
1124 3678 1253 3744 Dei,
1282 3687 1338 3734 et
1363 3693 1466 3733 non
1489 3679 1709 3748 recipiat
1730 3679 1898 3733 multo
1922 3678 2075 3748 plura

486 3767 541 3824 in
569 3768 672 3826 hoc
695 3779 953 3840 tempore,
981 3779 1035 3826 et
1060 3771 1110 3824 in
1140 3770 1335 3825 sacculo
1355 3780 1580 3826 venturo
1603 3757 1766 3825 vitam
1795 3779 2073 3825 aeternam.

559 3858 630 3914 Et
655 3859 776 3914 alibi
804 3858 966 3934 [xm.]
998 3878 1011 3914 :
1044 3861 1201 3916 Stans
1227 3871 1401 3916 autem
1421 3861 1696 3926 Zachazus,
1717 3861 1852 3916 dixit
1873 3861 1938 3916 ad
1969 3861 2075 3917 Do-

487 3952 689 4008 minum
724 3968 736 4001 :
767 3951 908 4007 Ecce
935 3951 1211 4008 dimidium
1242 3953 1502 4007 bonorum
1531 3967 1792 4017 meorum,
1828 3953 2070 4018 Domine,

488 4042 557 4098 do
591 4043 929 4114 pauperibus,
961 4051 1014 4098 et
1039 4043 1084 4097 si
1122 4043 1247 4113 quid
1275 4043 1505 4112 aliquem
1533 4042 1840 4098 defraudavi
1860 4084 1875 4109 ,
1910 4043 2078 4098 reddo

487 4134 860 4204 quadruplum.
893 4133 981 4188 Ait
999 4133 1154 4189 Jesus
1181 4133 1245 4188 ad
1273 4149 1392 4188 eum
1421 4150 1434 4187 :
1465 4134 1596 4201 Quia
1629 4133 1787 4189 hodie
1811 4134 1954 4190 salus
1981 4134 2080 4190 do-

489 4223 601 4279 mui
628 4225 748 4281 huic
779 4225 912 4280 facta
943 4232 1045 4291 est,
1077 4239 1142 4278 co
1171 4223 1314 4294 quod
1336 4233 1391 4279 et
1411 4224 1524 4295 ipse
1550 4223 1688 4279 filius
1717 4233 1800 4279 cst
1826 4224 2074 4281 Abrahae.

491 4315 644 4372 Venit
691 4317 832 4372 enim
863 4315 1029 4371 Filius
1063 4313 1296 4370 hominis
1321 4329 1560 4386 quaerere
1585 4323 1640 4370 et
1667 4315 1876 4370 salvum
1899 4313 2078 4372 facere

489 4407 630 4480 quod
658 4410 907 4480 perierat.

496 4538 504 4546 .
565 4499 632 4554 Et
679 4508 789 4571 post
825 4501 1139 4571 aliquantum
1165 4496 1301 4572 [ιι]
1334 4517 1346 4552 :
1376 4495 1604 4553 Reddite
1631 4512 1760 4568 ergo
1801 4513 1919 4567 qua:
1956 4505 2082 4553 sunt

490 4590 738 4655 Cmsaris,
767 4589 1000 4654 Caesari;
1032 4600 1086 4644 ct
1112 4605 1231 4660 quae
1257 4597 1380 4644 sunt
1402 4588 1516 4654 Dei,
1550 4589 1679 4643 Deo.
1711 4586 1778 4641 Et
1806 4588 1907 4642 alio
1929 4586 2038 4642 loco
2060 4603 2080 4642 :

493 4680 759 4740 Audiente
801 4687 978 4734 autem
1009 4680 1155 4734 omni
1191 4680 1422 4751 populo,
1455 4679 1590 4734 dixit
1619 4679 1893 4749 discipulis
1922 4678 2031 4734 suis
2063 4697 2080 4736 :

494 4771 766 4831 Attendite
794 4785 826 4824 a
853 4770 1076 4838 Scribis,
1105 4770 1194 4840 qui
1224 4771 1496 4826 ambulare
1525 4770 1710 4824 volunt
1738 4770 1791 4824 in
1831 4769 1999 4836 stolis,
2028 4777 2084 4825 et

493 4873 677 4921 amant
705 4863 1051 4918 salutationes
1091 4862 1145 4916 in
1188 4862 1342 4928 foro,
1389 4871 1443 4917 et
1483 4863 1681 4932 primas
1720 4861 2001 4916 cathedras
2029 4862 2084 4917 in

494 4957 779 5032 synagogis
798 4998 813 5024 ,
846 4964 901 5012 et
922 4955 1124 5026 primos
1147 4953 1440 5009 discubitus
1466 4955 1521 5009 in
1547 4953 1841 5020 conviviis;
1873 4953 1964 5023 qui
1992 4952 2086 5008 de-

495 5060 688 5108 vorant
724 5050 913 5106 domos
937 5049 1215 5105 viduarum
1241 5090 1257 5116 ,
1288 5048 1601 5103 simulantes
1630 5048 1842 5119 longam
1883 5046 2085 5102 oratio-

496 5158 621 5201 nem
652 5161 665 5196 :
697 5142 750 5197 hi
778 5143 1038 5212 accipient
1063 5140 1460 5198 damnationem
1485 5140 1765 5211 majorem.

570 5234 732 5310 [xm.]
757 5235 1071 5306 Respiciens
1089 5245 1267 5290 autem
1287 5233 1419 5288 vidit
1437 5248 1530 5288 eos
1554 5233 1644 5303 qui
1667 5233 1947 5288 mittebant
1970 5247 2089 5288 mu-

501 5343 630 5386 nera
673 5342 767 5382 sua
810 5327 862 5381 in
906 5325 1339 5398 gazophylacium
1383 5323 1617 5379 divites:
1648 5323 1780 5378 vidit
1819 5332 1994 5378 autem
2034 5333 2090 5378 et

500 5417 785 5490 quamdam
830 5416 1042 5472 viduam
1089 5414 1463 5486 pauperculam
1502 5414 1802 5470 mittentem
1839 5428 1946 5468 acra
1983 5413 2088 5467 mi-

501 5519 630 5567 nuto
658 5511 800 5575 duo;
833 5517 888 5565 et
913 5507 1082 5573 dixit,
1116 5504 1254 5562 Vere
1279 5505 1402 5560 dico
1426 5503 1574 5558 vobis
1597 5544 1614 5570 ,
1645 5503 1767 5574 quia
1791 5503 1948 5558 vidua
1975 5501 2092 5558 hzec

503 5615 704 5671 pauper
734 5599 850 5670 plus
878 5613 1036 5668 quam
1063 5611 1250 5652 omnes
1281 5594 1448 5650 misit.
1477 5592 1608 5649 Nam
1634 5603 1690 5650 et
1726 5609 1913 5650 omnes
1942 5593 1994 5671 hi
2025 5609 2090 5648 ex

503 5667 792 5744 abundanti
821 5667 922 5743 sibi
959 5687 1218 5742 miserunt
1260 5684 1313 5739 in
1344 5699 1563 5740 munera
1599 5684 1694 5740 Dei
1723 5703 1736 5738 :
1769 5684 1884 5740 haec
1911 5667 2092 5738 autem

504 5795 575 5836 ex
600 5795 664 5834 eo
688 5778 832 5850 quod
853 5778 1006 5835 deest
1027 5779 1122 5846 illi,
1151 5792 1365 5835 omnem
1391 5777 1588 5832 victum
1613 5791 1767 5832 suum
1807 5791 1966 5847 quem
1994 5774 2092 5829 ha-

505 5869 622 5929 buit
643 5908 661 5942 ,
685 5869 849 5930 misit.
880 5868 1014 5929 Item
1046 5869 1149 5929 alio
1177 5867 1290 5934 ιοω
1317 5882 1340 5928 .°
1360 5867 1549 5931 Ponite
1583 5881 1714 5942 ergo
1742 5867 1800 5928 in
1839 5865 2090 5927 cordibus

1651 425 1709 483 S.
1750 417 2118 482 AUGUSTINI
2154 417 2516 478 SPECULUM

2138 534 2332 591 vestris
2350 575 2364 600 ,
2391 549 2499 590 non
2527 531 2883 604 praemeditari
2918 532 3369 604 quemadmodum
3391 538 3722 610 respondea-

2139 627 2228 682 tis.
2257 627 2370 698 Ego
2397 625 2539 682 enim
2583 625 2721 682 dabo
2761 626 2913 682 vobis
2939 642 3002 683 os
3041 637 3096 684 et
3122 629 3437 700 sapientiam
3457 672 3476 699 ,
3500 633 3591 690 cui
3618 649 3727 692 non

2142 729 2392 794 poterunt
2434 719 2686 776 resistere
2719 728 2774 775 et
2808 720 3175 778 contradicere
3210 737 3401 780 omnes
3435 723 3730 783 adversarii

2143 811 2328 871 vestri.
2359 810 2662 868 Trademini
2686 818 2865 869 autem
2883 826 2914 867 a
2939 813 3271 884 parentibus,
3298 823 3355 870 et
3376 813 3653 886 fratribus,
3679 827 3736 874 et

2145 911 2385 981 cognatis
2411 953 2427 978 ,
2468 921 2524 968 et
2552 912 2774 979 amicis,
2813 923 2870 969 et
2893 922 3066 970 morte
3090 912 3324 971 affleient
3357 930 3426 972 ex
3465 915 3651 983 vobis;
3679 925 3737 972 et

2145 1005 2295 1060 eritis
2326 1005 2450 1062 odio
2474 1008 2721 1064 omnibus
2749 1016 2966 1080 propter
2990 1022 3188 1064 nomen
3227 1023 3408 1064 meum
3438 1024 3452 1062 :
3482 1016 3538 1065 et
3561 1009 3734 1079 capil-

2149 1096 2232 1153 lus
2256 1098 2324 1154 de
2354 1100 2534 1170 capite
2573 1109 2754 1157 vestro
2794 1114 2900 1156 non
2930 1100 3142 1172 peribit.
3183 1099 3242 1156 In
3273 1100 3524 1169 patientia
3555 1109 3739 1157 vestra

2149 1189 2489 1260 possidebitis
2517 1191 2722 1248 animas
2755 1201 2981 1248 vestras.
3014 1190 3082 1246 Et
3111 1200 3223 1262 post
3248 1191 3565 1265 aliquantum
3590 1207 3612 1247 :
3636 1193 3740 1248 At-

2153 1282 2352 1339 tendite
2376 1293 2553 1339 autem
2582 1284 2732 1341 vobis
2753 1325 2769 1352 ,
2801 1299 2870 1342 ne
2896 1283 3036 1342 forte
3058 1295 3347 1356 graventur
3369 1285 3534 1342 corda
3561 1293 3745 1342 vestra

2150 1389 2181 1428 a
2206 1376 2422 1444 crapula
2448 1385 2501 1431 et
2519 1375 2796 1444 ebrietate,
2819 1386 2874 1432 et
2895 1377 3037 1432 curis
3062 1375 3220 1447 hljus
3242 1376 3383 1445 vita,
3405 1385 3460 1432 et
3483 1391 3746 1448 superve-

2151 1467 2262 1522 niat
2284 1467 2339 1522 in
2362 1481 2454 1522 vos
2479 1468 2754 1538 repentina
2772 1467 2887 1524 dies
2907 1468 3017 1524 illa.
3047 1467 3321 1539 Tanquam
3361 1467 3504 1523 enim
3521 1467 3748 1538 laqueus

2153 1559 2492 1630 superveniet
2515 1560 2570 1614 in
2595 1575 2782 1615 omnes
2809 1560 2899 1630 qui
2924 1559 3115 1616 sedent
3147 1573 3312 1630 super
3333 1555 3527 1615 faciem
3562 1559 3751 1615 omnis

2080 1709 2084 1717 ,
2154 1661 2332 1708 terrae.
2368 1653 2590 1724 Vigilate
2610 1641 2789 1724 itaque
2813 1653 2959 1708 omni
2982 1661 3222 1724 tempore
3245 1659 3480 1719 orantes,
3509 1659 3571 1706 ut
3593 1650 3750 1723 digni

2156 1744 2457 1802 habeamini
2495 1745 2677 1816 fugere
2725 1745 2902 1800 omnia
2947 1745 3046 1800 ista
3069 1787 3085 1814 ,
3116 1759 3237 1815 quae
3266 1744 3441 1799 futura
3480 1750 3645 1810 sunt,
3691 1751 3752 1799 et

2156 1847 2300 1894 stare
2330 1847 2456 1893 ante
2485 1838 2676 1893 Filium
2708 1837 2958 1893 hominis.

2230 1930 2362 1987 Item
2385 1940 2496 2002 post
2513 1931 2828 2004 aliquantum
2858 1929 3039 2004 [xm.]
3067 1947 3080 1984 :
3111 1930 3273 1985 Facta
3301 1937 3386 1986 est
3409 1937 3588 1985 autem
3612 1942 3755 1984 con-

2160 2025 2326 2080 tentio
2367 2025 2508 2080 inter
2543 2039 2670 2090 eos,
2703 2025 2822 2094 quis
2851 2040 3039 2079 eorum
3076 2023 3352 2079 videretur
3393 2036 3515 2078 esse
3554 2022 3754 2092 major.

2161 2119 2302 2174 Dixit
2331 2127 2506 2174 autem
2535 2119 2616 2174 eis
2649 2135 2663 2173 :
2693 2119 2866 2188 Reges
2890 2118 3128 2188 gentium
3155 2115 3498 2172 dominantur
3525 2129 3714 2170 eorum
3737 2154 3756 2180 ,

2161 2219 2216 2266 et
2239 2211 2328 2281 qui
2349 2219 2666 2281 potestatem
2688 2210 2885 2267 habent
2903 2225 3066 2280 super
3087 2225 3202 2275 eos,
3226 2208 3448 2265 benefici
3471 2216 3758 2263 vocantur.

2162 2303 2272 2359 Vos
2296 2312 2474 2358 autem
2512 2318 2619 2358 non
2643 2303 2723 2358 sic
2755 2321 2767 2357 :
2799 2302 2895 2359 sed
2936 2303 3028 2373 qui
3052 2301 3224 2372 major
3250 2309 3334 2357 est
3363 2299 3417 2355 in
3445 2299 3597 2356 vobis
3615 2338 3633 2366 ,
3665 2299 3766 2353 fiat

2163 2395 2300 2450 sicut
2315 2394 2497 2465 junior
2523 2396 2540 2427 ί
2565 2411 2580 2461 ;
2603 2403 2658 2451 et
2672 2396 2762 2466 qui
2789 2409 3084 2466 praecessor
3108 2405 3212 2462 est,
3239 2393 3380 2451 sicut
3403 2393 3760 2448 ministrator.

2164 2484 2297 2543 Nam
2325 2488 2445 2558 quis
2473 2487 2643 2558 major
2665 2497 2768 2555 est,
2799 2487 2890 2558 qui
2915 2485 3201 2554 recumbit,
3230 2501 3298 2541 an
3325 2486 3416 2556 qui
3446 2483 3767 2539 ministrat?

2166 2594 2345 2635 nonne
2387 2580 2480 2650 qui
2520 2579 2824 2636 recumbit?
2855 2579 2968 2648 Ego
2992 2587 3171 2634 autem
3212 2577 3264 2632 in
3311 2577 3486 2633 medio
3520 2584 3768 2632 vestrum

2167 2685 2287 2726 sum
2313 2671 2448 2725 sicut
2468 2671 2558 2741 qui
2583 2671 2867 2726 ministrat.
2897 2667 2968 2724 Et
2991 2669 3097 2724 alio
3121 2669 3176 2723 in
3201 2668 3311 2724 loco
3341 2683 3361 2723 :
3387 2665 3549 2723 Orate
3573 2681 3644 2722 ne
3671 2665 3767 2722 in-

2140 2821 2146 2826 _
2171 2763 2320 2819 tretis
2347 2763 2400 2818 in
2431 2764 2798 2820 tentationem.

2318 2856 2408 2911 DE
2446 2855 2838 2912 EVANGELIO
2873 2852 3242 2912 SECUNDUM
3273 2851 3606 2908 JOANNEM.

2243 2945 2396 3021 [Cap.
2426 2946 2507 3020 v.]
2537 2947 2813 3014 Quomodo
2853 2947 3074 3018 potestis
3101 2960 3208 3002 .vos
3231 2944 3456 3002 credere
3474 2984 3492 3012 ,
3532 2944 3623 3015 qui
3645 2943 3777 3014 glo-

2171 3039 2308 3095 riam
2330 3039 2398 3094 ab
2423 3039 2646 3094 invicem
2673 3037 2933 3111 accipitis,
2961 3047 3018 3096 et
3051 3037 3274 3110 gloriam
3299 3051 3420 3108 qua:
3445 3051 3479 3092 a
3506 3035 3624 3092 solo
3649 3035 3779 3092 Deo

2172 3140 2257 3189 est
2279 3146 2384 3188 non
2411 3131 2692 3200 quaeritis?

2245 3223 2315 3277 Et
2340 3231 2452 3295 post
2477 3222 2792 3292 aliquantum
2816 3219 2978 3294 [vnn]
3008 3238 3022 3276 :
3057 3220 3200 3276 Dixit
3223 3230 3402 3277 autem
3426 3219 3584 3276 Iesus
3603 3259 3621 3286 ,
3648 3218 3772 3275 Nec

2175 3330 2276 3386 ego
2302 3325 2354 3372 te
2378 3315 2764 3371 condemnabo.
2798 3314 2946 3372 Vade
2971 3355 2988 3383 ,
3017 3322 3074 3371 et
3096 3313 3328 3385 amplius
3353 3312 3465 3384 jam
3487 3311 3600 3368 noli
3637 3313 3781 3383 pec-1

2175 3423 2322 3465 care.
2365 3408 2434 3463 Et
2460 3409 2614 3480 paulo
2653 3415 2764 3479 post
2800 3426 2814 3464 :
2847 3407 2904 3464 Si
2949 3421 3046 3464 vos
3093 3407 3396 3462 manseritis
3432 3406 3486 3461 in
3520 3419 3785 3462 sermone

2176 3489 2320 3569 meo,
2355 3515 2483 3556 vere
2509 3498 2755 3569 discipuli
2779 3497 2885 3554 mei
2914 3497 3095 3563 eritis,
3127 3506 3184 3553 et
3211 3495 3550 3568 cognoscetis
3575 3498 3787 3551 verita-

2180 3605 2320 3659 tem,
2373 3602 2426 3650 et
2482 3593 2682 3649 veritas
2731 3591 2978 3647 liberabit
3019 3605 3136 3647 vos.
3186 3589 3256 3644 Et
3302 3598 3415 3662 post
3456 3588 3725 3660 paululum
3756 3603 3783 3644 :

2177 3688 2352 3744 Amen
2372 3728 2388 3755 ,
2413 3701 2571 3742 amen
2593 3685 2714 3742 dico
2741 3685 2894 3740 vobis
2915 3727 2931 3753 ,
2961 3683 3085 3756 quia
3113 3683 3291 3740 omnis
3318 3682 3408 3753 qui
3433 3681 3557 3738 facit
3582 3695 3786 3751 pecca-

2179 3788 2314 3846 tum,
2341 3792 2529 3835 servus
2551 3787 2634 3834 est
2658 3777 2880 3848 peccati.
2911 3776 2980 3830 Et
3003 3775 3124 3830 alibi
3158 3791 3178 3830 :
3210 3777 3381 3830 Amen
3403 3815 3418 3839 ,
3458 3789 3615 3830 amen
3645 3772 3778 3828 dico

2179 3871 2356 3938 vobis,
2385 3874 2431 3927 si
2457 3870 2579 3942 quis
2607 3884 2912 3926 sermonem
2940 3884 3120 3926 meum
3148 3869 3458 3936 servaverit,
3484 3881 3595 3924 non
3620 3866 3782 3923 vidc-
3831 3921 3836 3926 .

2181 3963 2259 4019 bit
2279 3971 2504 4019 mortem
2528 3963 2580 4017 in
2608 3971 2891 4019 aeternum.

2252 4054 2321 4109 Et
2350 4064 2464 4127 post
2485 4055 2801 4126 aliquantum
2827 4051 2972 4126 [χιι]
3007 4071 3019 4107 :
3051 4052 3152 4121 Qui
3176 4059 3320 4107 amat
3343 4051 3576 4107 animam
3599 4063 3779 4118 suam,

2183 4147 2372 4218 perdet
2398 4161 2515 4201 eam
2541 4161 2555 4210 ;
2584 4155 2639 4200 et
2667 4143 2761 4215 qui
2788 4143 3151 4200 odit-animam
3174 4157 3326 4198 suam
3348 4144 3400 4196 in
3425 4140 3526 4196 hoc
3550 4139 3782 4208 mundo,

2183 4238 2239 4294 in
2268 4239 2430 4293 vitam
2469 4244 2724 4292 aeternam
2751 4234 2984 4291 custodit
3031 4248 3170 4290 eam.
3201 4232 3258 4289 Si
3296 4232 3416 4303 quis
3450 4230 3596 4286 mihi.
3621 4229 3786 4286 mini-

2182 4339 2350 4398 strat,
2380 4345 2464 4385 me
2489 4338 2783 4400 sequatur;
2811 4336 2866 4384 et
2890 4327 2981 4383 ubi
3009 4341 3130 4382 sum
3165 4341 3285 4398 ego,
3313 4325 3420 4381 illic
3455 4333 3510 4381 et
3534 4323 3788 4379 minister

2184 4438 2338 4480 meus
2379 4422 2503 4480 erit.
2547 4421 2604 4478 Si
2633 4421 2752 4492 quis
2775 4419 2906 4476 mihi
2951 4417 3368 4484 ministraverit,
3407 4414 3790 4471 honorificabit

2185 4530 2309 4572 eum
2346 4513 2505 4570 Pater
2528 4526 2699 4568 meus.
2729 4511 2799 4565 Et
2821 4511 2922 4566 alio
2952 4510 3062 4565 loco
3089 4525 3110 4565 :
3144 4507 3456 4564 Dilexerunt
3479 4505 3624 4563 enim
3658 4504 3786 4576 glo-

2185 4606 2321 4662 riam
2349 4604 2626 4661 hominum
2646 4602 2816 4674 magis
2839 4616 2996 4672 quam
3023 4599 3245 4671 gloriam
3278 4597 3394 4654 Dei.

2258 4698 2329 4753 Et
2358 4698 2479 4753 alibi
2503 4693 2673 4770 [xm.]
2705 4712 2720 4750 ς
2755 4694 2863 4750 Vos
2886 4693 3090 4750 vocatis
3117 4706 3205 4748 me
3228 4733 3243 4760 ,
3275 4689 3526 4762 Magister
3544 4730 3559 4758 ,
3586 4697 3644 4746 et
3670 4687 3786 4744 Do-

2189 4790 2365 4856 mine;
2393 4797 2448 4845 et
2474 4789 2612 4844 bene
2635 4787 2811 4842 dicitis
2831 4828 2847 4854 ,
2889 4800 3008 4841 sum
3044 4783 3244 4840 etenim
3277 4800 3293 4838 :
3321 4782 3368 4838 si
3398 4795 3527 4852 ergo
3548 4795 3649 4852 ego
3677 4779 3790 4835 lavi

2190 4883 2356 4955 pedes
2374 4891 2583 4938 vestros
2609 4879 2867 4936 Dominus
2891 4886 2946 4934 et
2969 4876 3244 4948 magister,
3275 4883 3329 4931 et
3356 4889 3452 4930 vos
3474 4873 3683 4929 debetis
3708 4873 3790 4928 al-

2193 4985 2274 5030 ter
2298 4972 2518 5028 alterius
2542 4971 2722 5026 lavare
2740 4968 2925 5041 pedes.
2954 4967 3272 5038 Exemplum
3291 4964 3435 5022 enim
3455 4963 3579 5020 dedi
3607 4962 3786 5033 vobis,

2192 5073 2251 5121 ut
2274 5061 2722 5135 quemadmodum
2752 5075 2851 5131 ego
2878 5058 2978 5115 feci
3015 5057 3167 5114 vobis
3191 5097 3208 5124 ,
3240 5057 3312 5112 ita
3339 5063 3397 5112 et
3418 5069 3515 5110 vos
3552 5053 3786 5110 faciatis.

2193 5153 2262 5210 Et
2288 5153 2442 5224 paulo
2472 5161 2584 5221 post
2613 5168 2626 5205 :
2658 5149 2959 5206 Mandatum
2986 5162 3183 5203 novum
3209 5145 3280 5202 do
3301 5146 3472 5212 vobis,
3504 5153 3564 5200 ut
3590 5144 3790 5214 diliga-

2194 5245 2264 5301 tis
2291 5243 2537 5309 invicem,
2556 5242 2693 5298 sicut
2707 5240 2865 5296 dilexi
2881 5254 2996 5307 vos,
3015 5246 3074 5295 ut
3092 5247 3146 5294 et
3162 5253 3260 5294 vos
3284 5236 3513 5308 diligatis
3535 5235 3787 5290 invicem.

2194 5333 2252 5390 In
2281 5333 2385 5390 hoc
2413 5341 2735 5405 cognoscent
2772 5346 2960 5388 omnes
2989 5331 3111 5401 quia
3141 5329 3248 5385 mei
3276 5326 3521 5399 discipuli
3547 5326 3677 5383 estis
3696 5367 3712 5393 ,
3742 5325 3791 5381 si

2195 5425 2531 5482 dilectionem
2557 5424 2854 5481 habueritis
2872 5422 2940 5478 ad
2965 5421 3219 5478 invicem.

2267 5519 2335 5573 Et
2363 5519 2518 5588 paulo
2547 5525 2658 5589 post
2681 5514 2837 5592 [xm.]
2869 5533 2882 5570 :
2909 5515 2965 5572 Si
2989 5514 3209 5586 diligitis
3237 5527 3325 5568 me
3350 5551 3365 5578 ,
3394 5508 3639 5566 mandata
3665 5522 3790 5563 mea

2197 5620 2425 5668 servate.
2463 5609 2532 5664 Et
2567 5617 2677 5681 post
2706 5608 2970 5681 paululum
2999 5623 3020 5662 :
3046 5606 3148 5674 Qut
3189 5604 3350 5660 habet
3387 5601 3634 5658 mandata
3660 5613 3786 5655 mea

2261 5749 2279 5781 ι
2304 5747 2421 5798 eum
2443 5759 2554 5798 cum
2573 5745 2774 5810 Vulgata
2791 5779 2807 5810 ,
2844 5744 2968 5810 dcta
3187 5747 3392 5810 Musa.
3423 5737 3548 5790 sicut
3570 5736 3743 5810 iw
3769 5746 3791 5810 ξ

2199 5795 3008 5928 wgmnm'mcm
3029 5806 3218 5871 Bibliis;
3241 5795 3388 5869 iuxta
3400 5795 3635 5868 arm
3649 5796 3741 5850 Ιιάσ
3759 5795 3792 5849 ο
