4082 6468
290 386 397 446 998

289 512 346 562 et
375 506 553 558 servat
574 511 661 568 ea,
691 491 782 555 ille
804 499 889 553 est
915 492 1007 567 qui
1032 490 1203 568 diligit
1224 508 1313 554 me
1340 511 1354 551 :
1386 495 1478 568 qui
1502 504 1681 554 autem
1703 497 1875 569 diligit

288 608 381 651 me
400 635 417 660 ,
445 592 695 664 diligetur
722 606 753 646 a
796 590 953 646 Patre
977 603 1127 656 meo;
1159 597 1215 645 et
1254 604 1353 661 ego
1380 588 1595 661 diligam
1630 604 1752 645 eum
1777 629 1792 653 ,
1820 598 1875 646 et

290 682 645 741 manifestabo
662 683 713 738 ei
734 681 1014 752 meipsum.
1040 680 1110 734 Et
1136 689 1246 752 post
1271 688 1370 736 tres
1388 698 1558 736 versus
1583 682 1601 713 ί
1631 696 1645 734 :
1678 680 1734 737 Si
1755 680 1875 751 quis

289 776 462 850 diligit
489 790 596 842 me,
623 788 927 831 sermonem
955 787 1134 829 meum
1160 772 1430 839 servabit;
1455 781 1510 828 et
1535 773 1694 828 Pater
1721 786 1875 828 meus

289 869 476 939 diliget
493 882 637 935 eum,
666 876 720 921 et
741 865 807 920 ad
833 880 955 920 eum
982 865 1275 930 veniemus,
1302 873 1357 919 et
1378 865 1709 920 mansionem
1734 864 1873 934 apud

289 976 414 1015 eum
435 958 707 1013 faciemus.
730 955 831 1024 Qui
853 972 959 1013 non
984 956 1153 1027 diligit
1174 970 1283 1024 me,
1303 970 1575 1012 sermones
1595 971 1743 1011 meos
1764 970 1873 1011 non

288 1057 489 1105 servat.

364 1141 429 1195 Et
446 1139 600 1211 paulo
622 1148 737 1212 post
757 1135 901 1212 [ηπ]
927 1155 941 1191 :
966 1138 1170 1194 Manete
1196 1138 1248 1193 in
1275 1152 1392 1204 me,
1420 1146 1475 1193 ct
1496 1151 1594 1209 ego
1619 1137 1671 1192 in
1699 1138 1869 1193 vobis.

289 1233 439 1289 Sicut
469 1233 673 1303 palmes
702 1247 808 1286 non
835 1238 1009 1300 potest
1032 1229 1209 1286 facere
1233 1228 1463 1285 fructum
1492 1244 1523 1283 a
1553 1230 1869 1298 semetipso,

289 1325 394 1382 nisi
420 1324 676 1380 manserit
702 1325 754 1378 in
780 1324 924 1389 vite;
951 1324 1029 1378 sic
1058 1337 1156 1377 nec
1182 1337 1298 1389 vos,
1328 1322 1429 1376 nisi
1468 1321 1525 1376 in
1553 1337 1639 1377 me
1665 1335 1875 1376 manse-

288 1418 426 1474 ritis.
454 1417 569 1488 Ego
591 1430 710 1471 sum
730 1415 874 1481 vitis,
900 1428 996 1469 vos
1021 1414 1266 1483 palmites
1294 1431 1308 1467 :
1341 1413 1429 1483 qui
1457 1422 1637 1467 manet
1666 1412 1721 1467 in
1749 1426 1834 1466 me
1852 1452 1870 1478 ,

288 1518 344 1565 et
369 1523 469 1579 ego
497 1508 549 1562 in
578 1522 674 1573 eo,
708 1507 797 1563 hic
829 1506 932 1563 fert
959 1506 1184 1562 fructum
1212 1506 1456 1561 multum.
1487 1504 1617 1573 Quia
1648 1505 1762 1560 sine
1786 1519 1874 1560 me

288 1603 424 1659 nihil
447 1603 672 1674 potestis
691 1602 887 1658 facere.
909 1601 966 1657 Si
994 1601 1113 1671 quis
1138 1601 1191 1655 in
1214 1616 1300 1655 me
1321 1614 1425 1655 non
1452 1598 1725 1665 manserit,
1750 1598 1875 1652 mit-

288 1702 433 1751 tetur
456 1694 618 1759 foras,
642 1693 778 1748 sicut
802 1692 1024 1762 palmes,
1051 1699 1105 1746 et
1122 1698 1330 1746 arescet
1350 1706 1366 1756 ;
1388 1698 1443 1745 et
1460 1689 1707 1759 colligent
1727 1702 1869 1755 eum,

288 1794 345 1842 et
365 1786 419 1841 in
448 1786 626 1855 ignem
651 1784 904 1850 mittent,
934 1792 989 1838 et
1026 1782 1197 1837 ardet.
1229 1780 1286 1836 Si
1328 1780 1628 1836 manseritis
1666 1780 1718 1833 in
1746 1793 1834 1834 me
1853 1819 1871 1846 ,

290 1887 345 1933 et
372 1877 534 1933 verba
558 1891 677 1932 mea
702 1876 756 1931 in
777 1877 928 1931 vobis
952 1875 1278 1940 manserint;
1302 1873 1671 1944 quodcumque
1694 1871 1877 1927 volue-

289 1970 409 2025 ritis
432 1968 646 2039 petetis,
672 1974 727 2022 et
744 1965 834 2022 ﬁet
861 1965 1032 2021 vobis.
1057 1965 1115 2019 In
1141 1964 1241 2020 hoc
1261 1964 1579 2019 clariﬁcatus
1606 1969 1690 2018 est
1718 1962 1876 2017 Pater

290 2074 442 2115 meus
465 2100 483 2125 ,
513 2067 572 2114 ut
596 2057 827 2113 fructum
856 2057 1143 2127 plurimum
1188 2054 1424 2111 all‘eratis
1446 2095 1462 2123 ,
1491 2064 1545 2109 et
1574 2052 1875 2109 eiﬁciamini

289 2148 400 2206 mei
424 2149 688 2219 discipuli.
727 2147 875 2204 Sicut
908 2146 1092 2202 dilexit
1124 2161 1211 2201 me
1251 2145 1408 2200 Pater
1430 2154 1451 2212 ,‘
1486 2152 1541 2199 et
1575 2158 1676 2214 ego
1713 2142 1875 2199 dilexi

289 2254 389 2297 vos
418 2259 433 2295 :
464 2248 674 2296 manete
699 2240 750 2294 in
778 2238 1061 2294 dilectione
1082 2252 1221 2293 mea.
1247 2236 1304 2291 Si
1329 2243 1591 2306 praecepta
1618 2250 1733 2290 mea
1759 2249 1876 2291 ser-

292 2332 580 2399 vaveritis,
612 2330 893 2386 manebitis
933 2332 986 2384 in
1016 2328 1303 2385 dilectione
1330 2342 1448 2383 mea
1483 2345 1496 2381 :
1528 2328 1665 2383 sicut
1699 2334 1753 2383 et
1777 2341 1876 2396 ego

293 2423 466 2481 Patris
493 2424 599 2479 mei
628 2431 891 2494 praecepta
931 2421 1177 2489 servavi,
1204 2429 1260 2475 et
1299 2434 1492 2474 maneo
1519 2420 1570 2473 in
1600 2418 1715 2489 ejus
1739 2418 1876 2474 dile-

290 2515 491 2571 ctione.
518 2515 645 2571 Haec
671 2516 879 2569 locutus
905 2529 1021 2569 sum
1050 2512 1222 2577 vobis,
1254 2522 1308 2565 ut
1334 2512 1585 2581 gaudium
1615 2525 1792 2566 meum
1822 2511 1874 2565 in

290 2607 444 2662 vobis
467 2606 557 2674 sit,
583 2614 638 2661 et
657 2605 905 2677 gaudium
925 2612 1160 2659 vestrum
1182 2604 1480 2674 impleatur.
1508 2603 1621 2658 Hoc
1637 2612 1719 2658 est
1742 2617 1877 2671 prte-

290 2706 504 2768 ceptum
531 2712 739 2762 meum,
776 2706 834 2751 ut
856 2696 1087 2765 diligatis
1114 2696 1374 2761 invicem,
1404 2694 1542 2749 sicut
1573 2694 1733 2749 dilexi
1758 2708 1873 2750 vos.

292 2788 547 2859 Majorem
570 2788 672 2843 hac
691 2787 1031 2844 dilectionem
1060 2800 1219 2842 nemo
1246 2785 1438 2852 habet,
1468 2800 1629 2855 quam
1670 2794 1728 2839 ut
1755 2785 1877 2840 ani-

297 2891 441 2933 lnam
462 2893 614 2932 suam
639 2877 760 2947 quis
789 2885 951 2947 ponat
976 2892 1070 2946 pro
1098 2875 1284 2931 amicis
1311 2874 1441 2931 suis.
1466 2875 1532 2929 Et
1552 2875 1707 2947 paulo
1727 2884 1878 2946 post:

293 2966 421 3023 Haec
447 2966 642 3023 mando
669 2967 837 3033 vobis,
867 2975 926 3021 ut
953 2966 1181 3036 diligatis
1209 2966 1455 3021 invicem.

365 3057 494 3112 Hec
518 3057 582 3112 de
603 3068 817 3130 quatuor
837 3056 1126 3128 Evangeliis
1147 3058 1199 3111 in
1226 3058 1319 3110 hoc
1340 3072 1490 3128 apere
1516 3056 1748 3125 ponenda
1771 3057 1881 3110 exi-

291 3150 492 3205 stimavi
516 3169 529 3205 :
552 3150 638 3204 ubi
656 3150 870 3221 intelligi
887 3159 1066 3219 potest,
1091 3159 1188 3203 tres
1205 3148 1553 3219 evangelistas,
1578 3146 1879 3201 Matthwum

292 3241 483 3296 scilicet
508 3250 553 3294 et
583 3239 817 3293 Marcum
848 3248 894 3293 et
922 3238 1136 3305 Lucam,
1167 3238 1279 3291 ideo
1319 3238 1459 3291 nobis
1498 3236 1646 3307 plura
1684 3237 1881 3291 dedisse

293 3332 547 3405 pftecepta
574 3332 804 3397 vivendi;
830 3332 948 3402 quia
967 3346 1077 3384 eam
1104 3330 1321 3384 maxime
1341 3331 1496 3383 secuti
1520 3337 1637 3383 sunt
1661 3340 1875 3400 partem,

291 3442 409 3496 qua:
436 3426 596 3480 activa
623 3426 826 3480 dicitur.
860 3422 1008 3490 'Quia
1046 3438 1161 3477 vero
1197 3421 1422 3476 Joannes
1448 3421 1881 3491 contemplativam

291 3518 457 3587 magis
484 3516 673 3581 tenuit,
714 3516 827 3571 ideo
883 3531 999 3568 cum
1032 3515 1142 3585 ejus
1169 3514 1479 3584 evangelium
1515 3513 1880 3584 superemineat

294 3609 487 3663 ctzteris
506 3650 521 3676 ,
551 3608 712 3661 multo
741 3607 981 3678 pauciora
1020 3617 1188 3659 tamen
1224 3605 1278 3658 in
1312 3621 1370 3660 eo
1399 3621 1597 3659 morum
1628 3616 1881 3677 praecepta

294 3700 651 3773 comperimus.
685 3698 820 3753 Hinc
839 3701 954 3772 jam
990 3697 1053 3752 de
1078 3698 1166 3753 illo
1194 3697 1322 3752 libro
1362 3698 1443 3751 cui
1486 3698 1685 3752 titulum
1723 3698 1880 3753 dede-

293 3801 435 3857 runt,
465 3791 615 3845 Actus
646 3791 1020 3863 Apostolorum,
1044 3789 1541 3845 commemorabimus
1561 3806 1674 3862 quae
1693 3792 1883 3845 inveni-

295 3900 408 3938 mus
455 3884 658 3938 omnino
699 3884 1024 3955 paucissima.
1064 3881 1143 3937 Eo
1187 3882 1375 3953 quippe
1419 3899 1585 3936 rerum
1624 3892 1881 3954 gestarum

293 3976 577 4030 continetur
612 3976 841 4045 historia,
889 3974 1067 4047 quibus
1109 3975 1393 4044 tudificatur
1429 3974 1575 4044 fides,
1622 3976 1881 4046 magisque

293 4066 363 4120 ibi
389 4067 620 4139 exempla
647 4083 799 4137 quam
827 4076 1077 4137 prwcepta
1103 4066 1388 4137 conscripta
1417 4078 1553 4121 sunt.

488 4199 577 4254 DE
612 4198 817 4255 LIBRO
854 4198 1137 4255 ACTUUM
1176 4200 1700 4258 AI’OSTOLORUM.

366 4333 517 4408 [Cap.
539 4334 656 4409 xv.]
680 4334 901 4390 Iacobus
929 4352 1046 4406 ergo
1076 4335 1281 4407 loquens
1307 4352 1327 4391 :
1351 4336 1574 4407 Propter
1597 4336 1737 4408 quod
1752 4377 1770 4405 ,
1794 4338 1879 4392 in-

292 4429 436 4500 quit,
480 4444 579 4500 ego
602 4430 783 4503 judico
810 4445 918 4485 non
958 4429 1239 4501 inquietari
1279 4445 1373 4485 eos
1411 4432 1499 4501 qui
1530 4447 1593 4486 ex
1622 4430 1881 4488 Gentibus

292 4529 675 4577 convertuntur
713 4522 777 4578 ad
819 4523 1137 4589 Dominum;
1167 4523 1261 4578 scd
1308 4524 1542 4580 scribere
1584 4525 1651 4579 ad
1691 4540 1784 4581 eos
1821 4534 1882 4581 ut

292 4611 595 4667 abstineant
620 4628 679 4668 se
706 4628 737 4669 a
769 4612 1307 4669 contaminationibus
1345 4613 1785 4680 simulacrorum,
1825 4621 1882 4670 et

292 4706 665 4774 fornicatione,
694 4714 749 4761 et
770 4705 1061 4774 sull'ocatis,
1085 4714 1139 4760 et
1162 4705 1438 4775 sanguine.
1462 4703 1530 4758 Et
1555 4704 1710 4777 paulo
1731 4714 1843 4776 post
1858 4722 1878 4760 :

290 4795 479 4852 Visum
513 4806 595 4853 est
627 4797 769 4853 enim
798 4796 1014 4866 Spiritui
1045 4803 1230 4851 sancto
1258 4804 1314 4850 et
1342 4795 1496 4851 nobis
1515 4837 1530 4861 ,
1571 4795 1704 4851 nihil
1742 4797 1879 4853 ultra

290 4887 568 4958 imponere
594 4886 744 4942 vobis
771 4888 969 4952 oneris,
987 4901 1144 4957 quam
1173 4884 1287 4941 haec
1315 4887 1644 4953 necessaria;
1675 4896 1729 4942 ut
1758 4888 1880 4944 abs-

290 4981 504 5037 tineatis
527 4995 624 5037 vos
648 4981 717 5037 ab
759 4980 1041 5036 immolatis
1073 4980 1500 5048 simulacrorum,
1530 4989 1585 5036 et
1602 4982 1875 5052 sanguine,

288 5081 346 5127 et
382 5071 675 5139 sul'l‘ocato,
722 5080 777 5128 et
818 5071 1205 5139 fornicatione,
1235 5085 1267 5126 a
1296 5070 1489 5143 quibus
1519 5072 1879 5128 custodientes

286 5177 406 5229 vos,
436 5164 573 5219 bene
599 5164 787 5235 agetis.
823 5163 1027 5219 Valete.

362 5254 431 5310 Et
457 5264 570 5326 post
598 5256 778 5320 multa,
805 5270 919 5309 cum
948 5253 1147 5309 Paulus
1173 5255 1431 5327 apostolus
1459 5255 1742 5328 praepositis
1772 5256 1877 5310 Ec-

286 5348 491 5414 clesia,
520 5364 643 5419 quos
668 5356 1056 5420 congregauerat
1087 5349 1130 5415 ²,
1163 5347 1447 5419 loqueretur
1475 5345 1614 5420 [χι]
1645 5365 1658 5402 :
1692 5348 1880 5403 Atten-

289 5438 438 5507 dite,
467 5439 662 5511 inquit,
695 5439 881 5507 vobis,
927 5447 983 5494 et
1024 5437 1275 5494 universo
1320 5440 1501 5511 gregi,
1548 5441 1599 5494 in
1638 5455 1745 5510 quo
1782 5454 1880 5497 vos

290 5530 526 5603 Spiritus
562 5542 779 5590 sanctus
814 5533 994 5605 posuit
1020 5531 1335 5603 episcopos,
1362 5548 1550 5604 regere
1588 5534 1879 5590 Ecclesium

290 5624 414 5695 Dei,
438 5641 600 5697 quam
623 5625 900 5697 acquisivit
926 5624 1181 5695 sanguine
1204 5638 1322 5681 suo.
1354 5623 1422 5679 Et
1444 5623 1599 5696 paulo
1618 5632 1731 5696 post
1747 5625 1877 5682 idem

353 5763 1262 5828 §negiuscodexzstpostnnocrsun

356 5827 381 5862 ³
400 5827 583 5893 legitis
602 5834 707 5889 Its,
733 5838 852 5890 quos
867 5829 1243 5880 commoverat.

1490 372 1583 439 DE
1617 374 2002 442 SCRIPTUM
2034 380 2281 443 SACRA.

1978 499 2047 555 ad
2073 500 2271 555 eosdem
2293 514 2316 555 :
2340 498 2660 572 Argentum,
2693 507 2787 558 aut
2806 514 2994 559 aurum
3013 499 3054 571 ⁸,
3086 507 3181 559 aut
3206 482 3408 562 vestem
3436 508 3557 562 nul-

1979 588 2082 646 lius
2109 591 2385 661 concupivi
2404 633 2420 658 ,
2452 591 2552 662 ipsi
2579 592 2763 659 scitis;
2804 595 3053 664 quoniam
3094 593 3162 671 ad
3189 610 3252 651 ea
3280 610 3398 667 qua:
3425 597 3560 653 mihi

1978 694 2111 751 opus
2137 690 2320 751 erant,
2360 690 2415 737 et
2453 681 2519 741 iis
2559 685 2648 754 qui
2686 700 2897 741 mecum
2937 688 3561 755 sunt,iministraverunt

1978 788 2168 830 manus
2193 776 2327 830 istm.
2355 774 2543 831 Omnia
2570 777 2777 832 ostendi
2807 779 2986 848 vobis,
3013 779 3263 851 quoniam
3302 780 3382 836 sic
3415 781 3561 836 labo-

1978 876 2157 922 rantes
2182 876 2389 937 oportet
2413 870 2681 939 suscipere
2705 871 2964 941 inﬁrmos,
2993 886 3058 928 ac
3080 871 3387 928 meminisse
3406 873 3561 929 verbi

1978 955 2187 1012 Domini
2216 958 2374 1027 Jesu,
2416 960 2663 1031 quoniam
2692 962 2805 1032 ipse
2832 962 2997 1031 dixit,
3028 963 3241 1021 Bestius
3279 973 3362 1021 est
3390 966 3561 1036 magis

1977 1048 2105 1104 dare
2129 1065 2285 1120 quam
2316 1052 2578 1121 accipere.

2048 1136 2120 1193 Et
2138 1139 2240 1194 alio
2264 1140 2393 1206 loco,
2420 1158 2532 1195 cum
2555 1143 2777 1198 Jacobus
2800 1154 2847 1199 et
2870 1146 2956 1216 qui
2979 1162 3095 1200 cum
3118 1163 3177 1201 eo
3198 1155 3361 1214 erant,
3391 1147 3562 1203 Paulo

1977 1231 2205 1301 apostolo
2231 1230 2570 1302 loquerentur,
2595 1235 2828 1289 dixerunt
2852 1236 2897 1290 ei
2922 1235 2978 1308 [χ
2990 1236 3090 1309 ιι.]
3120 1254 3132 1290 :
3160 1236 3341 1303 Vides,
3368 1237 3556 1305 frater,
3592 1247 3603 1255 ‘

1977 1334 2106 1394 quot
2134 1323 2297 1377 millia
2319 1333 2441 1378 sunt
2468 1325 2518 1379 in
2542 1324 2758 1392 Judmis,
2788 1328 2877 1396 qui
2902 1328 3270 1405 crediderunt;
3299 1339 3354 1385 et
3371 1344 3559 1386 omnes

1977 1414 2315 1471 temulatores
2344 1420 2466 1471 sunt
2485 1416 2662 1487 chis.
2693 1417 2989 1474 Audierant
3024 1428 3197 1475 autem
3226 1420 3293 1475 de
3321 1429 3405 1487 te,
3437 1422 3560 1491 quia

1977 1506 2358 1564 discessionem
2389 1509 2581 1565 doceas
2609 1524 2637 1563 a
2665 1509 2844 1580 Moyse
2872 1524 3055 1566 eorum
3073 1553 3088 1577 ,
3120 1511 3208 1581 qui
3240 1526 3334 1581 per
3362 1511 3561 1567 Gentes

1978 1608 2122 1668 sunt,
2150 1600 2471 1669 Iudaeorum,
2504 1602 2687 1657 dicens
2712 1618 2819 1657 non
2846 1602 3042 1658 debere
3066 1618 3159 1659 eos
3180 1604 3563 1660 circumcidere

1976 1690 2115 1747 ﬁlios
2139 1707 2297 1755 suos,
2332 1708 2503 1764 neque
2532 1694 2820 1749 secundum
2856 1694 3296 1751 consuetudinem
3334 1695 3561 1765 ingredi.

1977 1780 2113 1849 Quid
2140 1798 2267 1854 ergo
2304 1785 2425 1840 est?
2467 1784 2660 1855 Utique
2702 1794 2913 1856 oportet
2948 1787 3231 1842 convenire
3273 1788 3566 1843 multitudi-

1977 1886 2135 1937 nem;
2182 1872 2399 1927 audient
2445 1877 2585 1928 enim
2634 1883 2684 1929 te
2728 1877 3137 1946 supervenisse:
3172 1876 3273 1931 hoc
3312 1891 3438 1947 ergo
3479 1876 3564 1933 fac

1978 1963 2119 2033 quod
2144 1963 2238 2017 tibi
2265 1964 2508 2020 dicimus.
2538 1965 2674 2022 Sunt
2697 1967 2850 2023 nobis
2886 1969 2985 2023 viri
3015 1977 3240 2039 quatuor
3262 1977 3440 2024 votum
3469 1970 3565 2026 ba-

1979 2053 2171 2109 bentes'
2186 2069 2346 2125 super
2365 2072 2456 2123 se;
2486 2058 2569 2112 bis
2590 2059 2900 2128 assumptis,
2924 2060 3191 2115 sanctiﬁca
3215 2068 3268 2115 te
3291 2075 3412 2115 cum
3435 2061 3559 2127 illis,

1978 2155 2033 2201 et
2060 2146 2307 2217 impende
2333 2148 2385 2202 in
2414 2149 2517 2203 illis
2546 2160 2605 2205 ut
2632 2150 2820 2205 radant
2846 2152 3018 2220 capita
3050 2169 3063 2205 :
3094 2163 3147 2207 et
3176 2152 3347 2207 scient
3377 2166 3566 2207 omnes

1979 2241 2102 2308 quia
2132 2255 2249 2308 qum
2275 2239 2341 2294 de
2366 2248 2417 2294 te
2440 2240 2750 2308 audierunt,
2775 2241 2908 2297 falsa
2937 2250 3094 2310 sunt,
3126 2243 3221 2299 sed
3247 2243 3486 2298 ambulas
3512 2251 3569 2300 et

1980 2329 2092 2399 ipse
2120 2331 2426 2387 custodiens
2454 2332 2670 2403 Legem.
2708 2334 2781 2389 De
2807 2335 2873 2390 iis
2899 2344 3074 2390 autem
3102 2336 3194 2405 qui
3228 2335 3568 2391 crediderunt

1980 2437 2045 2477 ex
2071 2422 2351 2489 Gentibus,
2384 2441 2483 2480 nos
2509 2426 2838 2496 scripsimus,
2866 2426 3165 2496 judicantes
3190 2435 3247 2482 ut
3269 2427 3570 2483 abstineant

1980 2530 2039 2570 se
2076 2516 2143 2569 ab
2181 2516 2336 2571 idolis
2378 2519 2681 2585 immolato,
2716 2528 2769 2574 et
2797 2520 3080 2590 sanguine,
3111 2528 3165 2575 et
3192 2520 3480 2586 sulfocato,
3512 2528 3569 2576 et

1981 2604 2344 2662 fornicatione.

2055 2697 2178 2752 lltrc
2204 2699 2265 2752 de
2291 2699 2415 2753 libro
2443 2699 2656 2754 Actuum
2680 2701 3059 2770 Apostolorum,
3085 2709 3257 2756 nostro
3286 2702 3403 2755 huic
3426 2702 3569 2771 operi

1980 2795 2325 2862 congruentia,
2353 2809 2467 2863 qua:
2493 2794 2572 2847 hic
2596 2810 2910 2863 poneremus,
2937 2795 3057 2848 satis
3081 2811 3188 2849 esse
3209 2794 3569 2864 comperimus.

1986 2879 2084 2935 Ubi
2108 2882 2330 2936 videmus
2357 2883 2645 2953 Apostolos,
2673 2884 2744 2938 eis
2768 2885 2851 2947 qui
2876 2901 2939 2938 ea:
2964 2884 3203 2938 Gentibus
3228 2885 3565 2951 crediderunt,

1980 2972 2125 3026 nulla
2153 2974 2368 3027 voluisse
2410 2991 2563 3028 onera
2605 2976 2781 3029 veteris
2819 2974 2967 3045 Legis
3002 2977 3290 3046 imponere,
3326 2986 3570 3047 quantum

1981 3063 2160 3116 attinet
2201 3065 2267 3117 ad
2306 3066 2584 3135 corporalis
2632 3064 2979 3119 abstinentiam
3023 3067 3292 3136 voluptatis
3313 3082 3334 3131 ;
3379 3068 3477 3121 nisi
3511 3075 3571 3123 ut

1982 3153 2294 3209 observarent
2313 3155 2374 3209 ab
2396 3157 2473 3211 his
2493 3156 2648 3211 tribus
2664 3199 2678 3223 ,
2708 3158 2761 3209 id
2781 3166 2852 3212 est
2871 3199 2885 3223 ,
2914 3158 2975 3210 ab
2995 3159 3064 3211 eis
3088 3174 3201 3227 qua:
3219 3157 3367 3213 idolis
3390 3158 3571 3213 immo-

1982 3243 2229 3312 larentur,
2258 3255 2305 3300 et
2329 3262 2360 3299 a
2383 3248 2644 3318 sanguine,
2670 3259 2715 3302 et
2740 3265 2771 3301 a
2790 3249 3140 3320 fornicatione.
3173 3248 3321 3304 Unde
3339 3250 3571 3305 nonnulli

1982 3346 2162 3407 putant
2190 3339 2287 3391 tria
2315 3345 2509 3392 tantum
2532 3340 2741 3394 crimina
2766 3357 2869 3393 esse
2895 3341 3172 3409 mortifera,
3205 3341 3567 3408 idololatriam,

1983 3439 2029 3481 et
2066 3429 2421 3496 homicidium,
2452 3440 2499 3485 et
2532 3432 2949 3502 fornicationem;
2987 3431 3071 3485 ubi
3106 3433 3276 3502 utique
3301 3442 3347 3486 et
3375 3432 3572 3487 adulte-

1981 3524 2149 3590 rium,
2180 3533 2226 3578 et
2255 3526 2417 3578 omnis
2448 3534 2629 3595 pra’tcr
2657 3541 2863 3578 uxorem
2903 3525 3191 3579 concubitus
3231 3526 3529 3597 intelligitur
3549 3564 3565 3580 .

1981 3613 2126 3683 quasi
2155 3630 2254 3666 non
2294 3614 2393 3667 sint
2434 3615 2693 3685 mortifera
2736 3614 2946 3668 crimina
2972 3630 3293 3686 quiscumque
3319 3616 3421 3669 alia
3450 3624 3571 3671 sunt

1984 3712 2165 3773 praeter
2191 3704 2298 3757 haec
2319 3704 2415 3757 tria
2434 3746 2447 3767 ,
2474 3720 2588 3776 qute
2609 3721 2640 3756 a
2664 3720 2817 3774 regno
2844 3703 2937 3757 Dei
2960 3714 3215 3776 separant,
3244 3714 3331 3758 aut
3354 3706 3570 3761 inaniter

1983 3803 2031 3847 et
2061 3794 2309 3865 fallaciter
2338 3795 2524 3848 dictum
2547 3796 2642 3863 sit,
2671 3794 2854 3865 Neque
2882 3794 3045 3863 fures,
3079 3811 3253 3871 neque
3278 3797 3442 3862 avari,
3474 3812 3571 3854 ne-

1983 3900 2086 3955 que
2112 3885 2326 3951 ebriosi,
2360 3901 2531 3957 neque
2556 3886 2799 3942 maledici
2820 3889 2862 3953 ³,
2897 3902 3070 3957 neque
3096 3903 3314 3957 rapaces
3344 3904 3570 3960 regnum

1984 3976 2077 4031 Dei
2116 3976 2462 4046 possidebunt
2490 3976 2544 4048 (Ι
2573 3977 2688 4032 Cor.
2724 3993 2801 4045 vr,
2836 3977 2948 4049 10).
2992 3979 3098 4034 Sed
3140 3989 3335 4049 oportet
3370 3997 3462 4036 nos
3490 3997 3572 4036 re-

1983 4087 2156 4143 pressa
2185 4071 2522 4141 disputatione
2546 4082 2738 4139 nostra,
2769 4071 2836 4125 ad
2857 4071 3116 4141 Epistolas
3142 4073 3443 4144 apostolicus
3463 4075 3571 4139 iam

1982 4163 2150 4216 venire
2169 4204 2183 4229 ,
2215 4173 2263 4216 et
2303 4162 2471 4216 videre
2509 4163 2657 4217 etiam
2692 4163 2745 4216 in
2782 4162 2906 4233 ipsis
2933 4164 3055 4233 quid
3082 4164 3198 4217 huic
3225 4165 3364 4235 operi
3390 4180 3569 4220 conve-

1982 4255 2176 4308 nienter
2204 4264 2419 4325 aptetur.

1983 4346 2072 4401 DE
2094 4346 2421 4402 EPISTOLA
2451 4346 2511 4400 B.
2529 4345 2731 4402 PAULI
2752 4344 3083 4401 APOSTOLI
3101 4347 3189 4401 AD
3222 4347 3563 4405 ROMANOS.

2055 4436 2205 4509 [Cap.
2247 4437 2309 4510 1.]
2352 4437 2465 4492 Non
2509 4437 2650 4491 enim
2694 4438 2951 4492 erubesco
2988 4436 3356 4508 Evangelium.
3384 4438 3568 4497 Virtus

1982 4531 2126 4586 enim
2148 4531 2239 4584 Dei
2260 4538 2341 4584 est
2366 4531 2418 4584 in
2440 4529 2663 4585 salutem
2686 4530 2830 4584 omni
2851 4528 3109 4595 credenti,
3132 4530 3316 4587 Judaeo
3333 4531 3567 4604 primum

1983 4631 2038 4679 et
2065 4621 2273 4677 Graeco.
2301 4620 2509 4677 Justitia
2536 4622 2679 4676 enim
2706 4620 2801 4676 Dei
2829 4622 2879 4676 in
2904 4636 2969 4677 eo
2994 4623 3260 4679 revelatur
3286 4639 3351 4679 ex
3377 4624 3482 4680 ﬁde
3510 4624 3567 4682 in

1983 4714 2162 4781 ﬁdem,
2189 4713 2325 4768 sicut
2348 4714 2602 4784 scriptum
2622 4722 2723 4782 est,
2748 4713 2931 4770 Justus
2955 4724 3131 4772 autem
3156 4732 3218 4772 ex
3247 4718 3353 4774 ﬁde
3374 4717 3503 4775 vivit
3522 4719 3565 4774 ³.

1982 4808 2266 4864 Revelatur
2294 4808 2435 4863 enim
2467 4808 2545 4862 ira
2576 4808 2669 4863 Dei
2699 4808 2766 4864 de
2790 4809 2927 4865 caelo
2952 4824 3113 4880 super
3136 4825 3349 4867 omnem
3375 4813 3569 4884 impie-

1985 4911 2147 4959 tatem
2177 4912 2229 4958 et
2260 4902 2571 4973 injustitiam
2600 4902 2873 4959 hominum
2897 4918 3104 4971 eorum,
3135 4905 3225 4975 qui
3249 4904 3571 4961 veritatem‘

1982 4998 2034 5054 in
2066 4998 2317 5069 injustitia
2346 4998 2589 5054 detinent
2617 5015 2630 5052 :
2660 4997 2785 5068 quia
2814 4996 2955 5068 quod
2986 5006 3168 5053 notum
3196 5006 3280 5054 est
3304 4998 3419 5067 Dei,
3448 5014 3568 5055 ma-

1983 5093 2234 5149 nifestum
2265 5102 2348 5147 est
2385 5092 2437 5147 in
2477 5091 2617 5157 illis;
2662 5091 2805 5146 Deus
2847 5092 2988 5146 enim
3034 5091 3140 5147 illis
3184 5091 3566 5149 manifestavit.

1983 5184 2268 5240 invisibilia
2296 5184 2439 5240 enim
2468 5183 2653 5253 ipsius,
2680 5198 2710 5237 a
2737 5191 2977 5238 creatura
3004 5181 3211 5251 mundi,
3238 5198 3336 5253 per
3360 5198 3422 5239 ea
3449 5200 3569 5256 qute

1981 5275 2117 5331 facta
2145 5284 2267 5331 sunt
2286 5317 2301 5341 ,
2331 5274 2599 5331 intellecta
2624 5272 3052 5344 conSpiciuntur,
3092 5274 3413 5344 sempiterna
3438 5290 3571 5346 quo-

2049 5452 2065 5483 ³
2091 5451 2164 5501 sic
2208 5452 2353 5501 etiam
2388 5452 2441 5501 in
2482 5450 2617 5500 Corb.
2659 5447 2817 5498 Bibliis
2849 5461 2862 5497 :
2900 5453 2951 5498 at
2988 5448 3039 5497 in
3079 5446 3240 5498 Bibliis
3263 5448 3489 5508 exatsis,
3521 5450 3573 5498 et

1981 5525 2334 5647 editis,
2356 5571 2583 5638 malefici.
2609 5578 2664 5623 At
2690 5573 2742 5622 in
2762 5572 2913 5636 Regio
2931 5578 3015 5621 Ms.
3051 5576 3107 5621 ut
3144 5572 3195 5621 in
3219 5571 3368 5622 sacris
3389 5571 3570 5635 Bibliis,

1981 5636 2253 5767 malng
2278 5698 2452 5767 est.th
2475 5703 2527 5747 et
2543 5698 2715 5767 italiae.
2742 5695 2915 5767 cap..2,
2940 5710 2986 5746 v.
3013 5693 3277 5767 4,Azésetai,
3299 5694 3434 5767 vivet.

2046 5764 2070 5795 κ
2091 5763 2175 5812 Hic
2212 5762 2263 5812 in
2291 5760 2491 5825 Vulgata
2520 5760 2728 5821 additur,
2768 5759 2887 5821 Dei;
2918 5770 3029 5823 quae
3062 5764 3228 5809 tamen
3248 5759 3508 5811 voxabest
3538 5769 3572 5814 ι

1986 5836 2167 5891 graec.
