4082 6484
548 532 672 602 'que
692 526 808 601 eius
825 524 993 584 unus
1010 528 1065 583 'et
1083 520 1357 590 divinitas;
1380 520 1439 578 lit
1455 521 1563 578 sint
1575 518 1961 578 incidusabiles
1985 538 1999 578 :
2020 518 2143 593 quia

565 616 688 677 cum
717 618 1089 692 cognovissent
1114 602 1313 683 Deum,
1356 629 1464 669 non
1506 614 1643 669 sicut
1676 612 1843 669 Deum
1881 608 2145 682 glorifica-

564 708 755 769 ver‘unt
772 753 789 779 ,
814 714 904 766 aut
934 707 1131 781 gratias
1156 712 1412 777 egerunt;
1443 703 1537 760 sed
1565 708 1893 761 evanuerunt
1917 702 1970 758 in
1995 698 2145 774 co‘gl-

558 794 856 861 tationibus
872 801 1005 866 suis,
1024 802 1079 855 et
1096 799 1433 854 obscuratum
1455 784 1537 852 est
1556 796 1807 866 insipiens
1827 810 1920 851 cor
1935 810 2142 851 eorum.

564 882 811 953 Dicentes
840 895 979 951 enim
1012 902 1072 951 se
1098 900 1216 948 esse
1242 892 1542 962 sapientes,
1574 890 1719 945 stulti
1747 886 1870 945 facti
1902 896 2066 944 sunt:
2092 896 2146 944 et

562 990 893 1048 mutaverunt
937 985 1160 1059 gloriam
1197 984 1612 1055 iucorruptibiiis
1646 982 1771 1049 Dei,
1803 981 1856 1038 in
1896 980 2144 1038 similitu-

561 1084 738 1142 dinem
760 1081 1004 1153 imaginis
1024 1079 1384 1151 corruptibilis
1404 1075 1658 1142 hominis,
1688 1081 1742 1131 et
1767 1070 2061 1137 volucrum,
2091 1079 2146 1127 et

560 1164 958 1249 quadrupedum
979 1212 995 1239 ,
1026 1176 1080 1227 et
1110 1168 1457 1240 serpentium.
1496 1167 1721 1238 Propter
1748 1163 1886 1237 quod
1928 1162 2145 1219 tradidit

550 1264 680 1323 illos
698 1265 842 1320 Deus
865 1265 919 1318 in
939 1258 1205 1319 desideria
1228 1260 1405 1317 cordis
1427 1274 1631 1325 eorum,
1658 1257 1712 1311 in
1735 1253 2139 1321 immunditiam,

556 1370 613 1417 ut
638 1357 976 1415 contumeliis
1001 1352 1235 1411 afﬁciant
1260 1368 1482 1423 corpora
1506 1367 1602 1409 sua
1626 1351 1679 1405 in
1702 1348 2019 1419 semetipsis.
2042 1348 2142 1416 Qui

555 1458 1019 1507 commutaverunt
1051 1445 1327 1501 veritatem
1362 1444 1456 1500 Dci
1487 1444 1541 1498 in
1570 1439 1941 1506 mendacium;
1967 1448 2021 1495 et
2048 1450 2142 1493 co-

554 1541 784 1608 luerunt,
811 1549 866 1598 et
890 1540 1190 1596 servierunt
1212 1546 1474 1595 creatura:
1501 1536 1674 1608 potius
1698 1550 1856 1606 quam
1881 1532 2139 1600 Creatori,

553 1635 644 1715 qui
671 1642 753 1690 est
776 1628 1090 1689 benedictus
1120 1631 1172 1686 in
1196 1629 1410 1685 saecula.
1441 1622 1631 1683 Amen.
1663 1622 1949 1715 Propterea
1978 1622 2145 1680 tradi-

554 1714 634 1781 dit
662 1724 781 1779 illos
820 1722 960 1779 Deus
998 1722 1051 1778 in
1092 1721 1366 1793 passiones
1405 1719 1728 1791 ignominiaa.
1765 1716 1898 1772 Nam
1934 1714 2142 1771 femina)

550 1834 736 1878 eorum
770 1819 1181 1875 immutaverunt
1205 1816 1498 1871 naturalem
1528 1829 1713 1882 usum,
1745 1814 1801 1869 in
1823 1818 1945 1870 eum
1983 1814 2140 1868 usu‘m

532 1914 643 1985 qui
684 1917 767 1991 est
804 1920 990 1968 contra
1029 1918 1295 1965 naturam.
1340 1908 1595 1964 Similiter
1635 1914 1812 1962 autem
1842 1914 1896 1961 et
1922 1902 2141 1960 masculi

551 2005 740 2063 relicto
770 2004 993 2059 naturali
1021 2018 1119 2059 usu
1152 1998 1363 2059 femina:
1383 2043 1398 2068 ,
1430 2008 1743 2056 exarserunt
1781 1998 1834 2053 in
1864 1996 2142 2054 desideriis

548 2098 663 2157 Suis
703 2097 758 2152 in
799 2095 1062 2161 invicem,
1092 2093 1315 2152 masculi
1361 2093 1414 2148 in
1454 2091 1719 2148 masculos
1760 2088 2140 2161 turpitudinem

549 2195 871 2258 cperantes;
902 2195 957 2243 et
982 2184 1317 2253 mercedem,
1347 2199 1504 2256 quam
1534 2184 1801 2254 oportuit,
1834 2182 2031 2238 erroris
2057 2182 2140 2238 sui

547 2270 603 2339 in
632 2279 930 2350 semetipsis
972 2278 1308 2348 recipientes.
1346 2275 1418 2331 Et
1462 2276 1598 2331 sicut
1635 2291 1740 2331 non
1780 2274 2142 2346 probaverunt

547 2348 716 2445 Deum
744 2348 943 2428 habere
980 2371 1035 2427 in
1068 2371 1289 2436 notitia;
1322 2365 1531 2424 tradidit
1558 2383 1651 2424 eos
1682 2358 1822 2423 Deus
1861 2369 1915 2423 in
1953 2368 2139 2438 repro-

546 2454 675 2521 bum
696 2478 934 2529 sensum,
961 2471 1015 2517 ut
1039 2461 1230 2517 faciant
1249 2476 1368 2532 quae
1395 2475 1501 2514 non
1528 2459 1881 2524 conveniunt;
1908 2459 2140 2529 repletos

546 2553 694 2610 omni
724 2553 999 2625 iniquitate
1020 2594 1035 2619 ,
1072 2553 1269 2608 malitia
1289 2593 1306 2619 ,
1338 2551 1688 2607 fornicatione
1708 2593 1723 2617 ,
1755 2550 2004 2617 avaritia,
2038 2565 2137 2608 ue-

545 2646 747 2717 quitia;
779 2646 965 2716 plenos
991 2645 1186 2700 invidia
1206 2686 1222 2711 ,
1252 2643 1561 2710 homicidio,
1590 2644 1953 2703 contentione.
1987 2640 2135 2710 dolo,

544 2740 907 2812 malignitate;
939 2753 1293 2806 susurrones,
1335 2736 1699 2803 detractorcs,
1742 2736 1852 2792 Deo
1887 2734 2133 2805 odibiics,

543 2831 979 2893 contumeliosos,
1003 2828 1282 2899 superbos,
1310 2827 1496 2893 elatos,
1522 2825 1826 2882 inventores
1848 2824 2131 2893 malorum,

543 2921 856 2991 parentibus
883 2936 991 2976 non
1016 2920 1347 2983 obedientes,
1371 2919 1698 2989 insipientes,
1730 2919 2134 2991 incompositos,

542 3014 661 3071 sine
683 3013 985 3081 affectione,
1013 3014 1215 3084 absque
1243 3011 1461 3078 findere,
1490 3012 1606 3068 sine
1627 3012 2009 3069 misericordia.
2035 3011 2138 3081 Qui

542 3117 664 3161 cum
681 3105 945 3175 justitiam
962 3105 1055 3160 Dei
1076 3105 1470 3176 cognovissent,
1489 3119 1595 3159 non
1618 3102 1991 3159 intellexerunt
2011 3117 2138 3174 quo-

540 3200 687 3255 niam
728 3200 819 3269 qui
852 3199 973 3254 talia
1003 3206 1199 3269 agunt,
1238 3196 1384 3269 digni
1414 3205 1538 3251 sunt
1565 3205 1772 3262 morte;
1815 3211 1920 3251 non
1959 3195 2131 3251 solum

540 3292 633 3364 qui
661 3306 724 3346 ea
748 3290 986 3358 faciunt,
1017 3290 1112 3345 sed
1142 3298 1197 3345 et
1224 3289 1311 3359 qui
1340 3282 1682 3344 consentiunt
1712 3288 2043 3343 facientibus.
2082 3350 2089 3357 ο

610 3362 716 3456 [11.]
744 3383 967 3454 Propter
995 3380 1138 3452 quod
1165 3379 1538 3436 inexcusabilis
1559 3394 1619 3435 es
1637 3421 1650 3443 ,
1684 3395 1715 3434 0
1745 3378 1906 3434 homo
1933 3380 2128 3446 omnis,

536 3480 625 3546 qui
651 3474 879 3544 judicas.
925 3474 983 3529 In
1012 3489 1118 3543 quo
1156 3471 1298 3526 enim
1338 3470 1546 3540 judicas
1587 3471 1853 3537 alterum,
1902 3471 2129 3543 tcipsum

534 3564 896 3631 condemnas;
926 3554 1115 3621 eade'm
1143 3562 1284 3617 enim
1314 3562 1449 3633 agis,
1477 3579 1594 3632 qua:
1616 3561 1824 3632 judicas
1847 3563 1885 3615 ¹.
1920 3560 2130 3617 Scimus

534 3656 679 3714 enim
707 3655 959 3727 quoniam
996 3652 1254 3725 judicium
1286 3653 1377 3709 Dei
1408 3660 1492 3709 est
1528 3652 1821 3708 secundum
1851 3653 2129 3708 veritatem

535 3730 593 3809 in
619 3764 715 3804 eos
742 3749 831 3819 qui
862 3749 986 3805 talia
1016 3757 1199 3819 agunt.
1229 3746 1515 3802 Existimas
1540 3754 1717 3801 autem
1746 3747 1869 3814 hoc,
1891 3762 1923 3801 ο
1944 3747 2127 3813 homo,

534 3841 627 3911 qui
650 3841 855 3910 judicas
876 3855 978 3919 eos
1006 3842 1094 3910 qui
1128 3840 1252 3896 talia
1281 3847 1475 3912 agunt,
1507 3848 1561 3895 et
1600 3839 1730 3895 facis
1768 3856 1829 3894 ea
1850 3882 1864 3906 ,
1901 3842 2043 3911 quod
2074 3852 2129 3899 tu

532 3931 755 4001 cli‘ugies
790 3932 1047 4003 judicium
1080 3931 1212 3986 Dei?
1250 3932 1336 3989 An
1376 3931 1590 3988 divitias
1632 3930 1883 3987 bonitatis
1921 3932 2036 4003 ejus
2075 3942 2128 3989 et

529 4025 800 4098 patientiae
826 4034 880 4082 et
904 4025 1319 4105 longanimitatis
1345 4026 1683 4081 contemnis?
1713 4026 1929 4097 ignoras
1951 4028 1972 4060 ¹
1994 4042 2127 4097 quo-

531 4117 678 4174 niam
708 4117 1009 4187 benignitas
1038 4104 1133 4174 Dei
1162 4116 1229 4172 ad
1268 4117 1638 4187 paenitentiam
1665 4126 1717 4174 te
1746 4115 1997 4174 adducit?
2025 4104 2125 4175 Sé-

530 4209 764 4265 cundum
810 4208 1062 4264 duritiam
1109 4217 1288 4264 autem
1334 4217 1505 4278 tuam,
1554 4218 1609 4266 et
1643 4210 1983 4282 imptenitens
2010 4226 2121 4276 cor,

529 4301 863 4381 thesauriaas
889 4301 982 4358 tibi
1015 4302 1146 4358 iram
1177 4303 1230 4357 in
1268 4301 1356 4359 die
1393 4303 1497 4359 irae
1527 4313 1586 4359 et
1621 4304 1962 4361 revelationis
1994 4305 2122 4376 justi

526 4392 723 4469 iudicii.
757 4395 848 4451 Dei
873 4434 891 4461 ,
927 4393 1020 4467 qui
1062 4392 1248 4450 reddet
1293 4394 1575 4466 unicuique
1618 4396 1911 4452 secundum
1960 4411 2122 4464 opera

526 4488 647 4565 ejus
675 4506 690 4543 :
717 4487 805 4544 his
827 4486 1064 4560 quidem,
1090 4486 1181 4558 qui
1204 4486 1493 4544 secundum
1519 4488 1825 4558 patientiam
1852 4488 1975 4545 boni
1996 4504 2123 4560 ope-

526 4579 627 4657 gis,
655 4579 881 4651 gloriam
908 4586 964 4635 et
986 4578 1243 4635 honorem
1271 4590 1326 4636 et
1353 4580 1806 4651 incorruptionem
1836 4581 2121 4650 quaerenti-

525 4667 650 4735 bus,
677 4669 838 4725 vitam
858 4676 1112 4726 aeternam
1132 4686 1149 4737 ;
1182 4668 1264 4727 his
1285 4679 1484 4738 autem,
1512 4671 1601 4742 qui
1627 4687 1691 4728 ex
1713 4672 2052 4728 contentione
2073 4671 2116 4741 ³,

526 4768 583 4818 et
607 4760 696 4833 qui
722 4774 828 4819 non
853 4760 1195 4830 acquiescant
1222 4761 1452 4830 veritati,
1475 4763 1698 4818 credunt
1716 4772 1891 4819 autem
1921 4764 2117 4836 ἰιιίῳιι-

506 4840 644 4933 tati,
667 4853 746 4911 ira
764 4859 819 4933 et
836 4851 1145 4923 indignatio.
1174 4852 1466 4911 Tribulatio
1487 4864 1538 4917 et
1559 4856 1799 4937 angustia
1826 4857 1881 4913 in
1902 4872 2114 4915 omnem

525 4944 757 5007 animam
783 4940 1012 5001 hominis
1038 4943 1309 5014 operantis
1338 4946 1535 5009 malum
1560 4988 1577 5016 ,
1608 4945 1777 5003 Judaei
1805 4947 2033 5018 primum
2063 4956 2117 5004 et

523 5018 720 5113 Cruci.
746 5035 924 5093 Gloria
951 5044 1128 5093 autem
1151 5078 1166 5103 ,
1195 5044 1250 5093 et
1275 5036 1475 5105 honor,
1505 5028 1563 5093 et
1579 5034 1680 5110 pax
1702 5041 1846 5095 omni
1874 5040 2114 5111 operanti

521 5112 721 5205 bonum
739 5170 755 5198 ,
785 5112 971 5187 ladano
994 5129 1225 5201 primum
1253 5136 1308 5185 et
1331 5128 1537 5186 Graeco.
1570 5128 1639 5185 Et
1664 5141 1779 5202 post
1803 5132 2071 5205 paululum
2091 5150 2112 5189 :

520 5200 637 5303 Son
661 5222 804 5281 enim
832 5206 1101 5309 auditores
1129 5221 1285 5309 Legis
1308 5222 1439 5294 justi
1470 5233 1597 5309 sunt
1619 5200 1757 5296 apud
1786 5200 1986 5295 Deum,
2016 5227 2113 5307 sed

520 5300 750 5368 factores
786 5311 943 5383 Legis
977 5300 1424 5383 justilicabuntur.
1462 5300 1595 5370 litem
1623 5315 1775 5386 paulo
1810 5326 1921 5388 post
1955 5334 1976 5373 :
2010 5300 2112 5387 Qui

518 5418 650 5476 ergo
685 5404 850 5463 alium
886 5403 1082 5476 doces,
1112 5406 1339 5477 teipsum
1366 5421 1474 5463 non
1502 5406 1663 5464 doces
1689 5424 1705 5463 :
1734 5409 1823 5481 qui
1852 5410 2111 5481 praedicas

585 5560 603 5595 ⁸
645 5564 745 5612 Am.
771 5568 935 5624 ctua,
961 5561 1755 5628 qtdjudipes.(ra9c.,hom.

581 5628 613 5702 ξ.
627 5626 1060 5702 ξρηγειξιξῳιςόώ.
1085 5626 1248 5679 Bibliis
1268 5626 1569 5694 participium
1587 5640 1685 5697 est,
1704 5640 1929 5698 ignaram
1945 5636 2111 5702 nam

514 5815 816 5924 τῶςἏῇ
835 5815 1262 5939 at
1303 5815 1386 5870 tua
1427 5819 1477 5870 in
1516 5820 1725 5885 antiquis
1751 5815 1899 5874 co'rb.
1924 5824 2103 5891 nam,

1740 400 1799 465 s.
1838 378 2206 465 tuensqui
2238 384 2613 467 smmum

2250 532 2357 578 non
2385 520 2699 590 furandum,
2727 519 2952 592 feriris,
2988 514 3077 596 qui
3110 514 3250 582 'dlcis
3280 514 3394 582 hdll
3429 520 3834 600 necassem,

2250 608 2568 683 iitmchaiis;
2598 615 2690 689 qui
2726 605 3050 674 abohiinaris
3086 610 3261 687 idola;
3304 610 3639 692 δέει-Ἡἐεῖϋῶ
3670 621 3834 695 facis;

2244 704 2339 777 ’ῥυὶ
2360 706 2412 763 in
2429 708 2569 779 Lege
2588 702 2853 781 gloriaris,
2870 706 2972 780 per
2988 702 3473 782 mamma:
3484 708 3647 784 Legis
3666 708 3838 771 Deum

2248 794 2559 857 inhonoras.
2590 796 2793 856 Nomen
2817 798 2960 857 enim
2980 798 3074 857 Dei
3100 817 3196 873 per
3215 798 3311 859 vos
3324 796 3729 875 blasphematur
3752 805 3834 862 in-

2250 884 2334 947 ter
2357 892 2573 959 Gentes,
2607 893 2743 949 sicut
2771 890 3026 964 scriptum
3056 902 3157 951 est.

2320 982 2387 1040 Et
2412 984 2669 1058 aliquanto
2694 997 2805 1060 post
2826 986 2928 1063 [ἠ]
2957 1007 2970 1044 :
2996 987 3272 1046 JuStiflcati
3296 984 3456 1062 igitur
3476 1000 3544 1048 ex
3570 984 3678 1050 ﬁde
3697 1036 3712 1059 ,
3739 1006 3833 1063 pa-

2247 1091 2364 1133 cem
2386 1077 2675 1135 habeamus
2694 1080 2757 1136 ad
2782 1080 2946 1136 Deum
2968 1096 3064 1153 per
3083 1082 3363 1138 Dominum
3386 1094 3625 1139 nostrum
3646 1081 3830 1141 Iesum

2237 1164 2516 1226 'Christum
2550 1190 2565 1227 :
2597 1164 2693 1245 per
2730 1174 2887 1244 quem
2933 1180 2987 1229 et
3027 1184 3298 1231 accessum
3347 1172 3601 1232 habemus
3640 1176 3749 1233 ﬁde
3780 1177 3833 1234 in

2246 1261 2414 1331 gratia
2437 1261 2534 1317 ista
2558 1263 2595 1330 ¹,
2626 1264 2677 1318 ῖη
2705 1278 2804 1334 qua
2827 1270 3048 1331 stamus,
3076 1266 3129 1321 e't
3149 1265 3438 1336 gloriamur
3456 1267 3508 1321 in
3534 1282 3630 1337 spe
3648 1267 3835 1339 gloria:

2248 1340 2472 1408 liliorum
2508 1348 2622 1409 Dei.
2664 1344 2778 1411 Non
2814 1354 2984 1411 solum
3012 1362 3225 1424 autem,
3266 1356 3360 1413 sed
3384 1367 3439 1413 et
3460 1357 3754 1429 gloriamur
3778 1357 3832 1414 in

2248 1444 2707 1515 tribu’iationibds,
2756 1448 2984 1504 scientes
3029 1448 3153 1518 quia
3202 1446 3474 1505 tribulatio
3521 1449 3831 1520 patientiam

2248 1538 2516 1605 operatur,
2550 1538 2798 1608 patientia
2825 1547 2999 1594 autem
3027 1539 3412 1610 probationem,
3438 1534 3683 1612 p'r'obatio
3704 1548 3833 1599 vero

2247 1632 2395 1699 Spem
2416 1668 2431 1693 ,
2464 1630 2588 1698 spes
2615 1626 2791 1683 autem
2833 1642 2937 1683 non
2978 1628 3252 1686 confundit
3276 1647 3292 1684 :
3316 1632 3441 1702 ‘quia
3470 1628 3704 1688 that-itas
3736 1633 3832 1691 Dei

2246 1716 2433 1772 diffusa
2462 1726 2543 1774 est
2582 1710 2630 1773 in
2658 1716 2906 1775 cordib‘us
2933 1714 3131 1777 uestris
3158 1716 3252 1793 per
3274 1716 3528 1793 Spiritum
3558 1720 3830 1796 meum,

2230 1810 2334 1880 qui
2362 1810 2514 1865 datus
2542 1819 2624 1866 est
2652 1810 2821 1867 nobis.

2316 1898 2383 1957 Et
2412 1900 2513 1957 alio
2551 1902 2658 1958 loco
2698 1901 2819 1979 [vn]
2856 1921 2872 1959 ε
2908 1903 3024 1960 Non
3065 1914 3192 1977 ergo
3232 1900 3417 1977 regnet
3462 1900 3737 1977 peccatum
3776 1904 3833 1964 ﬁt

2244 2004 2421 2051 vestro
2464 1996 2673 2051 mortali
2715 2012 2969 2066 corpore,
3008 2007 3065 2052 ut
3100 1996 3358 2052 ob‘ediatis
3387 1994 3832 2069 Goncupiscentiis

2243 2086 2377 2157 ejus.
2410 2078 2515 2143 Sed
2546 2088 2717 2159 neque
2750 2087 3042 2145 exhibeatis
3077 2081 3315 2145 membra
3350 2086 3523 2146 véStt‘a
3552 2086 3701 2145 anna
3730 2088 3835 2145 ini-

2245 2180 2459 2252 quitatis
2488 2176 2703 2250 peccato
2730 2199 2744 2237 :
2774 2183 2866 2238 se'd
2909 2182 3154 2237 exhibete
3186 2196 3280 2238 vos
3310 2180 3449 2251 Deo,
3484 2178 3735 2254 tauquam
3764 2178 3834 2241 ἐι

2244 2274 2467 2334 mortuis
2484 2278 2744 2345 viventes,
2765 2289 2818 2334 et
2839 2279 3073 2334 membra
3096 2288 3270 2335 vestra
3293 2293 3438 2334 arma
3456 2277 3676 2349 justitia:
3697 2266 3831 2335 Dub.

2244 2358 2314 2425 Et
2347 2380 2456 2443 post
2486 2366 2750 2444 paululum
2774 2386 2795 2427 :
2824 2368 3118 2426 Humanum
3150 2370 3269 2426 dico
3299 2368 3524 2442 propter
3547 2360 3833 2426 inﬁrmita-

2246 2473 2353 2519 tem
2380 2464 2555 2519 carnis
2575 2474 2785 2519 vestrae.
2812 2462 2959 2519 Sicut
2978 2464 3117 2519 enim
3144 2461 3460 2518 exhibuistis
3480 2462 3717 2517 membra
3739 2466 3833 2518 ve-

2244 2562 2352 2611 stra
2378 2552 2578 2611 servire
2609 2552 2956 2610 immunditia:
2985 2563 3037 2610 et
3067 2553 3326 2625 iniquitati
3356 2553 3423 2609 ad
3460 2542 3830 2625 iniquitatem;

2243 2647 2314 2704 ita
2345 2664 2484 2703 nunc
2511 2646 2759 2704 exhibete
2798 2646 3040 2705 membra
3068 2657 3247 2704 vestra
3283 2646 3485 2704 Servire
3515 2646 3735 2719 justitia‘:
3775 2645 3833 2704 in

2240 2738 2732 2795 sanetilieationem.

2314 2830 2382 2884 Et
2406 2831 2507 2885 alio
2533 2824 2642 2886 loco
2669 2827 2832 2905 [vnn]
2861 2849 2875 2884 :
2906 2830 3072 2901 Ergo,
3102 2828 3317 2898 fratres,
3350 2824 3617 2886 dehitoies
3643 2823 3832 2887 s'um'us

2241 2936 2347 2977 non
2376 2920 2558 2988 carni,
2597 2930 2653 2976 ut
2687 2916 2979 2976 secundum
3023 2937 3239 2977 carnem
3279 2918 3538 2977 vivamus.
3587 2914 3641 2977 Si
3685 2918 3834 2977 enim

2240 3014 2533 3071 secundum
2559 3029 2774 3071 carnem
2804 3012 3059 3084 vixeritis,
3088 3012 3383 3070 moriemini
3411 3008 3492 3071 :Si
3520 3006 3698 3071 au't'ém
3720 3016 3833 3085 s‘pio

2239 3107 2344 3162 ritu
2383 3106 2519 3161 facta
2553 3107 2728 3163 carnis
2758 3106 3233 3176 mortificaveritis,
3262 3104 3473 3183 vivetis.
3499 3096 3835 3178 Quicumque

2240 3198 2383 3254 enim
2423 3197 2629 3281 Spiritui
2660 3198 2754 3254 Dei
2792 3208 3048 3270 aguntur,
3092 3197 3147 3254 hi
3179 3198 3270 3254 lilii
3296 3196 3421 3255 sunt
3449 3194 3562 3255 Dei.
3608 3192 3678 3252 Et
3715 3194 3837 3271 past

2239 3292 2507 3369 paululum
2546 3307 2566 3346 :
2606 3291 2855 3348 llmrcdes
2897 3292 3112 3364 quidem
3157 3294 3280 3358 Dei,
3312 3290 3620 3349 cohaeredes
3648 3286 3836 3369 angina

2238 3382 2468 3461 Christi;
2494 3383 2540 3439 si
2562 3392 2735 3439 tamen
2759 3385 3167 3454 compatiamur,
3188 3384 3248 3440 ut
3273 3378 3327 3439 et
3344 3376 3831 3455 conglorilicemur.

2238 3472 2306 3529 Ει
2334 3476 2444 3545 post
2475 3474 2737 3544 paululum
2765 3489 2784 3529 :
2814 3468 2870 3529 Si
2894 3484 3070 3529 autem
3099 3474 3242 3546 quod
3270 3489 3375 3531 non
3408 3472 3665 3542 videmus,
3700 3464 3832 3544 s‘pé-

2236 3583 2451 3634 ramus;
2483 3583 2578 3638 per
2615 3568 2920 3638 patientiam
2948 3577 3335 3637 eaSpectamus.
3376 3564 3445 3621 Et
3482 3566 3593 3637 post
3629 3564 3829 3637 paucos

2239 3673 2408 3713 versus
2447 3682 2451 3687 υ
2506 3657 2714 3713 Scimus
2759 3666 2935 3712 autem
2979 3656 3231 3727 quoniam
3273 3650 3611 3727 diligentibus
3654 3644 3830 3712 D'e‘uin

2239 3749 2417 3805 omnia
2440 3758 2793 3820 coeperantur
2817 3749 2867 3803 in
2890 3749 3108 3804 bonum.
3133 3744 3199 3802 Et
3220 3747 3370 3818 paulo
3392 3758 3503 3820 post
3530 3763 3549 3803 :
3575 3742 3707 3816 Quis
3728 3742 3831 3805 nes

2236 3842 2503 3911 separabit
2530 3856 2559 3894 a
2581 3841 2841 3897 charitate
2860 3824 3095 3896 Christi?
3122 3834 3430 3895 tribulatio?
3453 3856 3519 3895 an
3541 3832 3789 3910 angustia
3803 3838 3832 3894 2

2234 3948 2301 3989 an
2332 3933 2667 4003 persecutio?
2696 3949 2762 3986 an
2791 3931 2999 3988 fames?
3025 3949 3091 3987 an
3122 3931 3369 3987 nuditas?
3395 3948 3462 3988 an
3491 3926 3830 4004 periculurn?

2232 4039 2299 4079 an
2327 4023 2565 4095 gladius?
2592 4022 2737 4080 Sicut
2762 4022 3015 4095 scriptum
3040 4034 3141 4092 est,
3166 4022 3296 4092 Quia
3321 4033 3534 4095 prepter
3562 4033 3612 4079 te
3636 4022 3832 4081 morti-

2232 4115 2455 4170 Iicamur
2484 4124 2590 4171 tota
2618 4106 2732 4185 die,
2766 4115 3011 4171 mstimuti
3040 4130 3221 4171 sumus
3259 4126 3316 4171 ut
3349 4114 3476 4172 ores
3514 4112 3823 4173 occisionis.

2232 4207 2339 4263 Sed
2366 4209 2419 4262 in
2453 4207 2536 4263 his
2571 4209 2819 4264 omnibus
2838 4222 3188 4279 superamus,
3215 4218 3437 4282 propter
3469 4210 3593 4266 eum
3620 4210 3711 4281 qui
3740 4211 3827 4266 di-

2228 4301 2360 4359 lexit
2385 4316 2504 4357 nos.
2534 4301 2724 4357 Certus
2748 4317 2865 4357 sum
2904 4303 3045 4358 enim
3084 4302 3205 4374 quia
3236 4318 3411 4374 neque
3438 4318 3614 4372 mors,
3644 4319 3826 4377 neque

2230 4393 2355 4463 vita,
2384 4409 2558 4464 neque
2581 4395 2772 4466 angeli,
2804 4410 2975 4466 neque
3000 4394 3326 4467 principatus
3350 4400 3393 4465 ²,
3423 4413 3595 4469 neque
3616 4399 3824 4456 instano

2230 4487 2330 4556 tia,
2374 4502 2549 4558 neque
2590 4486 2797 4557 futura,
2836 4503 3011 4559 neque
3042 4488 3327 4559 fortitudo,
3358 4498 3531 4562 neque
3567 4490 3817 4561 altitudo,

2226 4593 2400 4650 neque
2439 4577 2790 4650 profundum,
2835 4595 3009 4651 neque
3051 4591 3292 4637 creatura
3330 4582 3432 4637 alia
3476 4583 3673 4653 poterit
3715 4568 3819 4667 nes

2225 4686 2475 4743 separare
2500 4687 2531 4727 a
2556 4672 2815 4731 charitate
2840 4674 2956 4744 Dei,
2987 4690 3107 4746 qua:
3132 4684 3213 4732 est
3239 4676 3295 4732 in
3319 4675 3529 4734 Christo
3548 4677 3677 4735 Jesu
3701 4666 3815 4736 Do-

2223 4766 2371 4821 mino
2401 4760 2605 4835 nostro.
2932 4812 2945 4816 -
3302 4841 3309 4847 _
3650 4844 3655 4847 _

2295 4858 2365 4914 Et
2382 4860 2486 4916 alio
2505 4862 2615 4916 loco
2636 4858 2743 4937 [x.]
2767 4878 2781 4917 :
2807 4859 2982 4919 Corde
3004 4863 3147 4920 enim
3173 4863 3407 4921 creditur
3429 4865 3497 4922 ad
3516 4848 3811 4945 justitiam:

2223 4967 2318 5010 ore
2344 4962 2523 5010 autem
2551 4956 2815 5012 confessio
2844 4954 2903 5012 fit
2930 4955 2997 5012 ad
3025 4948 3273 5014 salutem.
3310 4958 3447 5017 Dicit
3482 4960 3626 5017 enim
3660 4952 3815 5019 Scri-

2221 5054 2374 5118 ptura
2395 5086 2410 5113 ,
2439 5045 2624 5103 Onmis
2651 5047 2740 5119 qui
2769 5049 2938 5105 credit
2972 5050 3027 5104 in
3072 5050 3253 5118 illum,
3288 5067 3395 5108 non
3433 5054 3812 5112 confundetur.

2221 5137 2337 5194 Non
2376 5139 2517 5194 enim
2559 5148 2642 5194 est
2667 5139 2935 5197 distinctio
2962 5141 3128 5199 Ιυάωἱ
3167 5152 3223 5199 et
3256 5143 3448 5201 ϐαιοὶ.
3486 5145 3623 5203 Nam
3666 5147 3816 5206 idem

2221 5229 2475 5286 Dominus
2494 5230 2754 5302 omnium,
2782 5232 2932 5290 dives
2959 5233 3013 5290 in
3041 5250 3227 5293 omnes
3250 5238 3338 5308 qui
3363 5237 3612 5294 invocant
3634 5239 3811 5295 illum.

2218 5323 2407 5382 Omnis
2444 5326 2585 5382 enim
2624 5326 2946 5401 quicumque
2980 5306 3308 5389 invocaverit
3346 5348 3542 5391 nomen
3572 5306 3812 5405 Domini,

2216 5420 2397 5478 salvus
2422 5422 2541 5479 erit.

2291 5514 2479 5572 Ειαιὶο
2500 5515 2609 5574 loco
2636 5514 2758 5592 [an]
2786 5533 2801 5573 :
2832 5516 2909 5574 Tu
2935 5527 3113 5576 autem
3149 5518 3255 5577 fide
3281 5529 3363 5577 sta
3378 5521 3412 5589 ﬁ
3443 5538 3459 5577 :
3499 5520 3612 5578 noli
3637 5521 3811 5583 altum

2216 5620 2427 5679 sapere,
2457 5606 2557 5664 sed
2576 5608 2721 5671 time.
2747 5608 2804 5665 Si
2822 5609 2966 5667 enim
2986 5610 3124 5669 Deus
3147 5610 3482 5670 naturalibus
3504 5614 3673 5670 ramis
3695 5600 3812 5671 non

2280 5761 3500 5838 inﬁmatismmhmm
