4082 6494
404 475 514 536 θθῗ
962 520 965 521 ν

405 590 663 665 pepercit,
693 603 762 645 ne
774 576 914 646 (arta
931 594 1034 644 nec
1054 578 1151 644 tibi
1168 594 1372 661 parcat.
1393 578 1529 644 Vide
1545 603 1672 659 ergo
1690 588 1985 644 bonitatem

404 694 464 738 et
490 682 828 738 severitatem
856 680 952 737 Dei
977 697 991 734 :
1020 680 1077 736 in
1102 695 1197 736 eos
1222 680 1434 751 quidem
1449 681 1538 752 qui
1558 679 1880 746 ceciderunt,
1896 691 1987 735 se-

403 776 715 841 veritatem;
740 771 795 829 in
824 782 877 829 te
894 780 1071 829 autem
1096 772 1384 829 bonitatem
1412 774 1453 841 ί,
1479 773 1523 828 si
1552 772 1905 844 permanseris
1927 770 1985 827 in

400 866 663 922 bonitate.

474 958 543 1013 Et
583 956 737 1028 paulo
778 964 890 1028 post
926 955 1075 1030 [xm]
1106 975 1121 1013 :
1152 957 1389 1013 Obsecro
1415 958 1593 1027 itaque
1615 966 1731 1024 vos,
1771 956 1980 1024 fratres,

400 1064 499 1121 per
525 1050 939 1106 misericordiam
967 1050 1062 1107 Dei
1087 1090 1102 1114 ,
1147 1060 1204 1106 ut
1241 1050 1535 1106 exhibeatis
1559 1066 1782 1121 corpora
1809 1062 1983 1105 vestra

398 1144 629 1199 hostiam
657 1144 943 1209 viventem,
972 1151 1231 1211 sanctam,
1266 1144 1375 1198 Deo
1402 1144 1720 1214 placentem,
1751 1143 1985 1197 rationa-

396 1236 508 1293 bile
533 1237 845 1308 obsequium
872 1238 1124 1292 vestrum.
1176 1236 1243 1291 Et
1271 1236 1436 1292 nolite
1484 1234 1806 1291 conformari
1856 1235 1980 1289 huic

380 1328 631 1394 amento;
661 1330 756 1383 sed
780 1326 1143 1384 reformamini
1172 1327 1226 1383 in
1239 1330 1470 1383 novitate
1488 1343 1676 1385 sensus
1696 1328 1856 1384 vestri
1886 1346 1898 1381 :
1924 1336 1980 1383 ut

396 1420 638 1490 probetis
666 1436 787 1490 qua:
837 1421 907 1476 sit
947 1421 1190 1476 voluntas
1244 1421 1337 1475 Dei
1384 1420 1541 1494 bona,
1576 1430 1629 1475 et
1654 1421 1889 1491 placens,
1924 1427 1981 1475 et

392 1512 655 1583 pet-facta.
684 1511 812 1566 Dico
836 1513 977 1566 enim
1002 1527 1094 1580 per
1112 1511 1334 1582 gratiam
1365 1526 1483 1582 qute
1513 1511 1634 1566 data
1674 1519 1756 1566 est
1804 1509 1938 1565 mihi
1963 1551 1978 1577 ,

378 1603 644 1659 munibus
688 1603 779 1674 qui
830 1612 954 1658 sunt
997 1604 1134 1658 inter
1157 1618 1273 1670 vos,
1303 1616 1408 1658 non
1432 1604 1553 1675 plus
1579 1619 1766 1674 sapere
1816 1618 1977 1674 quam

392 1703 610 1765 oportet
629 1710 838 1765 sapere,
865 1695 957 1751 sed
979 1710 1167 1765 sapere
1195 1696 1260 1751 ad
1292 1696 1653 1763 sobrietatem,
1693 1696 1979 1767 unicuique

382 1788 533 1843 sicut
564 1789 704 1844 Deus
731 1788 911 1845 divisit
938 1802 1242 1845 mensuram
1270 1789 1409 1843 fidei.
1448 1787 1595 1844 Sicut
1622 1789 1764 1844 enim
1792 1788 1844 1842 in
1873 1802 1979 1842 uno

378 1890 619 1951 "corpore
644 1881 803 1935 multa
834 1881 1074 1937 membra
1104 1880 1381 1945 habemus,
1408 1881 1585 1936 omnia
1610 1890 1786 1936 autem
1804 1896 1977 1936 mem-

388 1972 491 2029 bra
521 1988 628 2028 non
677 1972 925 2029 eumdem
974 1982 1152 2028 actum
1201 1974 1397 2028 habent
1439 1991 1452 2027 :
1496 1974 1568 2028 ita
1615 1973 1763 2027 multi
1810 1987 1976 2025 unum

376 2076 589 2136 «corpus
616 2078 800 2121 sumus
827 2065 880 2120 in
910 2064 1145 2131 Christo,
1172 2065 1363 2136 singuli
1399 2072 1574 2119 autem
1601 2065 1736 2119 alter
1760 2064 1977 2118 alterius

392 2157 655 2213 membra.
696 2157 965 2213 Habentes
988 2166 1165 2213 autem
1193 2157 1507 2213 donationes
1539 2157 1829 2212 secundum
1857 2172 1977 2228 gra-

390 2248 542 2313 tiam,
566 2264 687 2320 quas
714 2249 835 2304 data
857 2258 939 2304 est
962 2248 1135 2316 nobis,
1154 2249 1491 2315 diiierentes;
1514 2250 1627 2304 sive
1644 2248 1975 2320 prophetiam

374 2342 687 2398 iocundum
730 2344 992 2399 rationem
1038 2342 1197 2411 ﬁdei;
1243 2344 1357 2401 sive
1399 2344 1770 2412 ministerium,
1796 2345 1845 2398 in
1875 2345 1976 2399 mi-

378 2434 697 2502 nistrando;
728 2437 841 2491 sive
866 2437 955 2507 qui
981 2436 1155 2503 docet,
1200 2435 1252 2490 in
1299 2436 1685 2507 doctrina;qui
1727 2434 1976 2492 exhorta-

388 2534 497 2592 tur,
530 2528 581 2582 iu
609 2528 972 2594 exhortando;
1014 2530 1104 2599 qui
1134 2529 1336 2596 tribuit,
1386 2530 1438 2584 in
1479 2529 1845 2599 simplicitate;
1886 2532 1976 2601 qui

376 2628 602 2691 ‘prmest,
632 2622 684 2675 in
707 2620 1098 2687 sollicitudine;
1129 2623 1216 2692 qui
1242 2622 1554 2689 miseretur,
1583 2621 1639 2677 in
1666 2622 1931 2678 hilaritate
1956 2641 1970 2679 :

352 2698 605 2767 "dilectio
643 2713 757 2767 sine
787 2713 1154 2779 simulatione,
1181 2714 1419 2769 odientes
1446 2715 1666 2781 malum,
1696 2714 1974 2770 adhaeren-

385 2809 472 2858 tes
492 2803 663 2869 bono;
688 2800 1003 2861 charitatem
1019 2806 1040 2837 ³
1058 2804 1399 2860 fraternitatis
1421 2807 1643 2861 invicem
1667 2808 1966 2879 diiigcntes,

386 2892 594 2951 honore
611 2896 837 2950 invicem
863 2897 1279 2967 praevenientes;
1302 2898 1657 2955 sollicitudine
1687 2914 1789 2954 non
1810 2900 1968 2970 pigri,

374 2987 577 3057 epiritu
607 2987 890 3055 ferventes,
916 2984 1140 3044 Domitio
1181 2990 1470 3045 servientes
1489 3031 1504 3057 ,
1531 3005 1627 3061 spe
1654 2992 1968 3062 gaudentes,

374 3079 792 3137 ihtribulatione
811 3082 1091 3151 patientes,
1118 3082 1346 3137 orationi
1374 3084 1651 3148 instantes,
1682 3087 1972 3141 necessita-

384 3173 530 3229 tibus
567 3185 872 3232 sanctorum
910 3178 1399 3245 communicantes,
1446 3178 1853 3249 hoSpitalitatcm
1886 3192 1971 3235 se.

383 3272 615 3323 ctantes.
648 3268 949 3325 Benedicite
976 3271 1414 3341 persequentibus
1437 3284 1553 3337 vos,
1580 3270 1896 3336 benedicite,
1918 3280 1972 3326 et

385 3358 552 3413 nolite
595 3360 935 3417 maledicere.
984 3360 1229 3417 Gaudere
1265 3378 1383 3418 cum
1417 3363 1787 3432 gaudentibus,
1841 3364 1970 3419 ﬂere
2001 3374 2011 3385 ‘

384 3462 513 3504 cum
540 3450 809 3507 ﬂentibus.
843 3452 1076 3522 ldipsum
1106 3453 1328 3507 invicem
1360 3454 1667 3509 sentientes.
1720 3455 1834 3510 Non
1862 3456 1966 3512 alta

372 3545 670 3614 sapientes,
729 3543 820 3599 sed
877 3544 1164 3600 humilibus
1192 3546 1605 3602 consentientes.
1634 3546 1810 3601 Nolite
1849 3560 1966 3603 esse

379 3636 669 3707 prudentes
698 3637 836 3706 apud
862 3639 1233 3708 vosmetipsos.
1284 3637 1421 3693 Nulli
1454 3639 1649 3693 malum
1698 3656 1796 3709 pro
1828 3642 1966 3695 malo

376 3729 698 3785 reddentes:
725 3729 1059 3800 providentes
1085 3730 1242 3795 bona,
1271 3744 1376 3785 non
1402 3740 1602 3785 tantum
1630 3747 1809 3786 coram
1833 3732 1961 3801 Deo,

379 3821 475 3877 sed
510 3822 667 3876 etiam
697 3838 875 3877 coram
902 3822 1148 3877 omnibus
1174 3822 1492 3878 hominibus.
1527 3822 1583 3880 Si
1623 3826 1735 3879 fieri
1769 3832 1962 3895 potest,

374 3913 523 3983 quod
554 3928 615 3967 ex
652 3914 799 3968 vobis
823 3924 936 3979 est,
982 3930 1103 3970 cum
1144 3917 1389 3971 omnibus
1432 3906 1733 3971 hominibus
1779 3934 1963 3989 pacem

374 4001 656 4059 habentes.
685 4005 798 4060 Non
848 4007 1203 4076 vosmetipsos
1230 4008 1594 4075 defendentes,
1628 4011 1958 4079 charissimi;

374 4096 474 4151 sed
499 4096 622 4152 date
649 4099 822 4153 locum
866 4100 975 4153 iraa.
1000 4101 1267 4170 Scriptum
1309 4110 1390 4156 est
1435 4104 1609 4165 enim,
1642 4104 1766 4158 Mihi
1794 4105 1963 4159 vindi-

377 4195 539 4255 ctam,
568 4203 664 4259 ego
704 4190 1016 4258 retribuam,
1046 4188 1173 4246 dicit
1197 4192 1471 4247 Dominus.
1504 4194 1607 4248 Sed
1645 4196 1687 4250 si
1716 4198 1961 4251 esurierit

380 4277 628 4334 inimicus
657 4289 793 4345 tuus,
825 4281 940 4336 ciba
967 4282 1143 4349 illum;
1173 4283 1219 4337 si
1245 4283 1376 4350 sitit,
1414 4293 1595 4354 potum
1625 4287 1686 4341 du
1714 4289 1785 4342 illi
1814 4306 1826 4341 :
1860 4288 1962 4343 hoc

370 4371 519 4424 enim
561 4371 792 4437 faciens,
844 4374 1103 4429 carbones
1134 4375 1268 4445 ignis
1300 4386 1555 4446 congeres
1593 4392 1751 4447 super
1800 4388 1962 4451 cupiit

372 4463 511 4535 ejus.
536 4464 650 4520 Noli
675 4466 815 4520 vinci
842 4481 869 4520 a
898 4468 1059 4534 malo,
1094 4469 1186 4523 Sed
1215 4471 1367 4524 vince
1396 4471 1446 4525 in
1474 4472 1614 4526 bono
1644 4474 1861 4528 malum.

446 4552 613 4627 [xm.‘|
643 4556 827 4611 Omnis
848 4559 1023 4612 anima
1048 4562 1392 4628 poteStatibus
1414 4564 1809 4619 Sublimioribus
1827 4566 1955 4619 sub:

371 4646 483 4704 dita
509 4651 595 4703 sit.
624 4649 739 4704 Non
768 4660 849 4705 est
876 4653 1014 4706 enim
1047 4656 1283 4722 potcStas
1305 4655 1401 4708 nisi
1424 4670 1452 4709 a
1482 4656 1607 4711 Deo.
1626 4656 1755 4723 Quze
1781 4668 1957 4713 autem

368 4750 499 4798 sunt
525 4758 553 4797 a
587 4744 981 4805 Deo,'ordinata
1002 4755 1125 4801 sunt
1154 4747 1193 4800 ³.
1214 4746 1395 4818 Itaque
1425 4749 1512 4817 qui
1539 4751 1736 4805 resistit
1776 4760 1956 4821 potes-

370 4834 487 4902 tati,
519 4836 611 4891 Dei
634 4836 949 4893 ordinationi
980 4840 1201 4895 resiStit.
1227 4840 1326 4908 Qui
1354 4851 1529 4897 autem
1560 4844 1836 4911 resistunt,
1859 4845 1957 4915 ipsi

365 4926 475 4981 sibi
490 4927 880 4984 damnationem
905 4932 1205 5001 acquirunt.
1235 4932 1365 4988 Nam
1412 4936 1673 5006 principes
1704 4952 1809 4992 non
1835 4948 1959 4995 sunt

372 5018 550 5075 timori
577 5020 702 5075 boui
751 5024 949 5093 aperis,
984 5025 1077 5079 sed
1122 5025 1269 5080 mali.
1300 5026 1392 5082 Vis
1418 5031 1594 5083 autem
1624 5045 1729 5085 non
1768 5032 1957 5089 timere

366 5114 726 5182 potestatem?
742 5114 947 5170 [timum
976 5116 1076 5183 fac,
1102 5128 1154 5173 et
1176 5118 1395 5175 habebis
1415 5121 1622 5177 laudem
1638 5136 1703 5178 ex
1733 5124 1835 5179 illa.
1860 5125 1955 5181 Dei

366 5204 513 5259 enim
536 5207 778 5264 minister
805 5217 885 5263 est
913 5210 1003 5264 tibi
1026 5211 1078 5266 in
1104 5210 1323 5267 bunum.
1352 5213 1409 5269 Si
1435 5224 1609 5269 autem
1647 5218 1840 5272 malum
1874 5215 1955 5273 fee

366 5299 530 5368 ceris,
557 5300 685 5356 time
709 5318 722 5355 :
756 5308 861 5357 non
892 5304 1036 5358 enim
1060 5304 1175 5360 sine
1201 5320 1361 5362 causa
1382 5308 1611 5378 gladium
1637 5317 1830 5378 portat.
1859 5309 1953 5365 Dei

368 5391 515 5445 enim
536 5393 779 5450 minister
803 5402 904 5462 est,
928 5396 1122 5452 vindex
1152 5397 1205 5452 in
1245 5399 1376 5453 iram
1406 5400 1455 5455 ei
1484 5399 1573 5470 qui
1604 5403 1798 5456 malum
1822 5396 1951 5474 agit.

366 5479 496 5539 Ideo
529 5487 847 5545 necessitate
877 5490 1100 5560 Subiecti
1131 5500 1331 5559 estote,
1370 5492 1476 5549 rion
1512 5494 1686 5550 solum
1737 5496 1957 5568 prOpter

432 5664 907 5737 ‘mVnIgata,p08t,
934 5665 1430 5731 mmmam,
1456 5667 1957 5737 Dd:quodagraeeo

363 5724 1685 5873 Eiﬂeietsiﬁs‘emiacereiaceres
1702 5795 1952 5873 σίιᾳῖέιαξε-

363 5850 488 5921 ιξὲῖιι
510 5854 757 5919 aliquanto
778 5856 921 5921 infra,
944 5850 1067 5918 loco,
1227 5856 1502 5921 petatem,
1526 5850 1693 5921 habet;
1715 5859 1835 5913 mihi
1856 5850 1958 5914 vita;

365 5914 527 6032 (ὕειαιέ
546 5982 697 6034 sua-is
724 5982 901 6049 Bibiiis,
924 5982 1160 6039 ordinatae
1176 5988 1320 6039 stult:
1346 5978 1549 6038 ἑαυαοῶ
1572 5971 1857 6051 poteStatcs.

1631 459 2425 533 MWBACRA.

3570 481 3678 547 998

2099 582 2259 652 iram,
2290 584 2387 641 sed
2414 593 2469 641 et
2495 588 2714 657 propter
2733 588 3136 647 conscientiam.
3175 591 3303 650 ideo
3339 595 3481 651 enim
3505 606 3559 655 et
3583 603 3680 656 tri-

2084 673 2220 731 buta
2248 678 2530 748 praestatis.
2574 679 2795 736 Ministri
2811 682 2953 737 enim
2976 682 3071 739 Dei
3109 694 3252 747 sunt,
3287 686 3341 742 in
3370 687 3470 743 hoc
3494 688 3672 760 ipsum

2093 767 2407 824 servientes.
2448 770 2675 827 Reddite
2719 773 2967 829 omnibus
2994 774 3207 844 debita;
3239 777 3325 832 cui
3374 780 3672 852 tributum,

2094 861 2382 929 tributum;
2414 864 2499 917 cui
2527 866 2767 935 vectigal,
2798 867 3059 939 vectigal;
3084 869 3167 924 cui
3215 869 3484 941 timorem,
3518 874 3673 931 timo-

2086 967 2241 1019 rem;
2271 955 2356 1009 cui
2386 953 2665 1024 honorem,
2708 957 2988 1014 honorem.
3013 960 3222 1017 Nemini
3251 963 3538 1035 quidquam
3577 967 3676 1021 dc-

2090 1043 2281 1112 beatis,
2303 1046 2401 1100 nisi
2422 1056 2481 1101 ut
2500 1048 2726 1103 invicem
2751 1050 3001 1121 diligatis.
3024 1052 3124 1120 Qui
3148 1056 3289 1109 enim
3311 1056 3482 1127 diligit
3504 1059 3676 1126 proxi-

2091 1149 2258 1199 mum,
2296 1136 2493 1206 Legem
2542 1139 2799 1208 implevit.
2841 1140 3141 1208 Nam,Non
3185 1145 3526 1212 adulterabis,
3556 1147 3673 1204 Non

2091 1226 2321 1293 occides,
2341 1228 2454 1281 Non
2474 1228 2756 1297 furaberis,
2773 1230 2890 1285 Non
2914 1231 3103 1288 falsum
3121 1236 3478 1293 testimonium
3505 1238 3670 1302 dices.

2086 1316 2204 1373 Non
2231 1322 2594 1390 concupisces,
2627 1332 2681 1377 et
2706 1325 2749 1377 si
2800 1326 2939 1394 quod
2978 1328 3226 1383 estaliud
3251 1331 3578 1399 mandatum,
3612 1334 3668 1391 in

2089 1408 2192 1465 hoc
2217 1414 2380 1466 verbo
2410 1414 2755 1481 instauratur,
2803 1416 3000 1487 Diliges
3034 1420 3334 1490 proximum
3359 1430 3507 1478 tuum
3537 1425 3673 1481 sicut

2090 1500 2335 1571 teipsum.
2371 1504 2588 1559 Dilectio
2634 1506 2861 1575 proximi
2898 1510 3095 1564 malum
3126 1527 3233 1567 non
3259 1524 3528 1583 operatur.
3549 1516 3673 1573 Ple-

2088 1593 2272 1648 nitudo
2301 1610 2426 1666 ergo
2443 1597 2598 1667 Legis
2618 1608 2701 1652 est
2728 1598 2959 1654 dilectio.
2980 1601 3047 1656 Et
3062 1602 3162 1659 hoc
3182 1606 3412 1661 scientes
3437 1616 3668 1679 tempus,

2086 1684 2209 1754 quia
2238 1684 2369 1741 hora
2393 1695 2476 1742 est
2498 1692 2607 1757 jam
2638 1704 2735 1743 nos
2780 1689 2849 1745 de
2880 1706 3067 1747 somno
3087 1708 3325 1764 surgere.
3358 1696 3507 1753 Nunc
3527 1698 3671 1753 enim

2088 1779 2301 1846 propior
2324 1788 2404 1835 est
2427 1790 2607 1835 nostra
2632 1782 2794 1849 Salus,
2837 1800 2997 1854 quam
3029 1800 3150 1841 cum
3179 1788 3521 1845 credidimus.
3554 1790 3671 1846 Nox

2086 1874 2378 1940 praecessit,
2396 1874 2508 1929 dies
2518 1884 2696 1930 autem
2714 1878 3175 1948 apprOpinquavit.
3196 1880 3524 1951 Abjiciamus
3540 1898 3670 1955 ergo

2084 1976 2245 2032 Opera
2278 1966 2615 2021 tenebrarum
2638 2009 2651 2030 ,
2673 1978 2727 2023 et
2756 1968 3037 2024 induamur
3072 1986 3221 2026 arma
3244 1973 3378 2028 lucis
3407 1991 3421 2027 :
3449 1973 3585 2029 sicut
3614 1975 3670 2030 in

2083 2053 2190 2121 die,
2234 2056 2458 2113 honeste
2498 2059 2850 2127 ambulemus,
2881 2076 2983 2115 non
3015 2063 3068 2116 in
3095 2065 3571 2121 comessationibus
3613 2073 3668 2123 et

2083 2147 2451 2214 ebrietatibus,
2483 2165 2587 2205 non
2616 2152 2670 2205 in
2702 2151 2963 2206 cubilibus
2992 2162 3047 2208 et
3071 2153 3431 2225 impudicitiis,
3465 2172 3573 2211 non
3612 2157 3667 2212 in

2082 2242 2423 2295 contentione
2448 2250 2504 2297 et
2547 2244 2916 2309 aemulatione;
2947 2244 3041 2299 sed
3082 2245 3358 2300 induimini
3386 2248 3668 2304 Dominum

2081 2332 2263 2389 Jesum
2292 2332 2582 2389 Christum.
2612 2334 2681 2390 Et
2708 2338 2886 2391 carnis
2908 2350 3091 2391 curam
3128 2351 3198 2392 ne
3222 2336 3453 2394 feceritis
3477 2337 3533 2394 in
3570 2338 3667 2395 de-

2080 2425 2310 2481 sideriis.

2155 2516 2311 2592 [xm]
2351 2518 2622 2575 lniirmum
2650 2528 2825 2575 autem
2864 2521 2920 2576 in
2946 2521 3049 2578 fide
3079 2522 3097 2555 ι
3147 2520 3433 2589 assumite,
3465 2538 3569 2578 non
3608 2520 3661 2580 in

2081 2611 2554 2682 disceptationibus
2570 2615 2969 2684 cogitationum.
3000 2615 3149 2671 Alius
3164 2616 3304 2671 enim
3324 2617 3493 2673 credit
3520 2634 3669 2674 man-

2080 2702 2281 2759 ducare
2307 2707 2484 2759 omnia
2517 2724 2530 2760 :
2561 2706 2650 2776 qui
2676 2714 2851 2760 autem
2885 2705 3124 2761 infirmus
3143 2718 3243 2773 est,
3264 2708 3409 2763 olera
3440 2709 3667 2764 mandu-

2079 2805 2185 2851 cet.
2208 2796 2255 2850 ls
2276 2798 2366 2867 qui
2397 2798 2823 2865 manducat,:ton
2850 2800 3253 2855 manducantem
3281 2817 3385 2855 non
3412 2812 3664 2874 spernat:

2080 2898 2134 2943 et
2158 2889 2247 2958 qui
2265 2904 2369 2944 non
2397 2889 2698 2955 manducat,
2714 2890 3120 2946 manducantem
3146 2907 3251 2946 non
3264 2890 3499 2962 iudicet;
3527 2894 3667 2949 Deus

2079 2980 2224 3033 enim
2252 2979 2400 3034 illum
2432 2982 2833 3051 assumpsit.Tu
2862 2983 2981 3052 quis
3001 2998 3058 3037 es
3088 2984 3174 3052 qui
3196 2983 3404 3053 judices
3432 2986 3664 3041 alienum

2079 3074 2328 3127 servum?
2355 3073 2463 3128 Suo
2501 3073 2720 3128 domino
2747 3083 2871 3141 stat,
2900 3084 2993 3129 aut
3033 3074 3175 3129 cadit
3203 3093 3215 3128 :
3258 3076 3418 3131 stabit
3446 3088 3622 3132 autem
3646 3097 3660 3145 ;

2080 3173 2268 3233 potens
2299 3172 2382 3219 est
2399 3166 2538 3219 enim
2554 3166 2692 3219 Deus
2709 3174 2942 3221 statuere
2968 3167 3136 3221 illum.
3155 3167 3286 3222 Nam
3312 3169 3446 3222 alius
3469 3170 3666 3239 iudicat

2079 3254 2218 3309 diem
2253 3255 2391 3308 inter
2416 3255 2555 3309 diem
2578 3298 2591 3318 ,
2641 3256 2779 3311 alius
2808 3256 3011 3327 judicat
3051 3273 3264 3314 onmem
3294 3260 3456 3314 diem.
3492 3258 3667 3315 Unus-

2075 3347 2300 3416 quisque
2322 3347 2374 3399 in
2402 3361 2498 3400 suo
2518 3362 2677 3401 sensu
2703 3348 2954 3402 abundet.
2979 3348 3229 3418 Quisapit
3253 3350 3415 3415 diem,
3442 3352 3662 3406 Domino

2076 3438 2215 3507 sapit
2247 3455 2261 3490 :
2306 3446 2360 3491 et
2389 3438 2481 3506 qui
2530 3439 2835 3505 manducat,
2864 3440 3090 3494 Domino
3125 3442 3406 3497 manducat
3427 3461 3441 3508 ;
3465 3445 3661 3514 gratias

2077 3529 2218 3586 enim
2255 3530 2361 3598 agit
2392 3530 2521 3585 Deo.
2552 3530 2619 3584 Et
2660 3532 2745 3601 qui
2792 3546 2897 3586 non
2938 3532 3251 3613 manducat,
3284 3535 3512 3590 Domino
3550 3551 3657 3591 non

2076 3622 2380 3689 manducat,
2412 3632 2466 3677 et
2502 3623 2697 3693 gratias
2725 3626 2983 3694 agitDeo.
3012 3625 3181 3682 Nemo
3225 3629 3367 3683 enim
3415 3639 3657 3683 nostrum

2073 3713 2175 3768 sibi
2200 3714 2343 3779 vivit,
2375 3724 2427 3768 et
2454 3730 2612 3770 nemo
2640 3714 2738 3770 sibi
2773 3717 3014 3770 moritur.
3067 3716 3189 3773 Sive
3231 3722 3373 3774 enim
3402 3720 3648 3788 vivimus,

2070 3804 2301 3858 Domino
2345 3806 2571 3859 vivimus
2600 3823 2613 3859 :
2648 3806 2760 3861 sive
2790 3808 3072 3871 morimur,
3106 3800 3335 3865 Domino
3372 3816 3654 3868 morimur.

2075 3896 2198 3951 Sive
2226 3912 2355 3966 ergo
2380 3898 2625 3961 vivimus,
2656 3898 2766 3953 sive
2797 3901 3088 3969 morimur,
3118 3903 3325 3957 Domini
3346 3919 3549 3960 sumus.
3598 3903 3657 3960 In

2072 3988 2176 4043 hoc
2205 3990 2345 4045 enim
2369 3989 2609 4046 Christus
2634 3999 2687 4044 et
2714 4003 2952 4046 mortuus
2981 4002 3082 4057 est,
3114 4005 3168 4048 et
3196 3996 3503 4061 resurrexit,
3526 4007 3648 4051 utet

2072 4089 2405 4135 mortuorum
2419 4091 2472 4135 et
2496 4083 2736 4137 vivorum
2765 4083 3085 4141 dominetur.
3108 4085 3187 4141 Tu
3208 4095 3406 4155 autem,
3430 4089 3555 4159 quid
3567 4088 3658 4159 ju-

2072 4173 2219 4229 dicas
2259 4175 2473 4229 fratrem
2526 4178 2710 4231 tuum?
2750 4186 2841 4231 aut
2890 4185 2945 4232 tu
2986 4193 3149 4249 quare
3188 4182 3396 4249 apernis
3440 4182 3657 4240 fratrem

2074 4269 2258 4323 tuum?
2286 4269 2490 4325 Omnes
2538 4272 2679 4325 enim
2728 4271 2984 4325 stabimus
3034 4279 3157 4326 ante
3202 4272 3429 4328 tribunal
3476 4273 3564 4328 Dei
3596 4275 3654 4328 ².

2070 4358 2338 4432 Scriptum
2364 4372 2440 4418 est
2473 4364 2634 4428 enim,
2666 4362 2796 4417 Vivo
2825 4378 2943 4432 ego,
2962 4363 3090 4418 dicit
3116 4364 3386 4429 Dominus,
3407 4366 3656 4434 quoniam

2071 4454 2202 4507 mihi
2233 4454 2476 4507 ﬂectetur
2501 4470 2657 4506 omne
2678 4466 2903 4523 genu,ct
2928 4453 3100 4508 omnis
3117 4455 3290 4525 lingua
3320 4456 3655 4511 conﬁtebitur

2068 4544 2199 4599 Deo.
2234 4544 2417 4613 Itaque
2470 4546 2830 4614 unusquisque
2871 4554 3111 4599 nostrum
3158 4562 3259 4616 pro
3305 4561 3364 4602 se
3392 4547 3652 4602 rationem

2067 4636 2254 4691 reddet
2284 4636 2414 4691 Deo.
2463 4636 2576 4689 Non
2628 4652 2756 4706 ergo
2793 4638 3021 4707 amplius
3070 4639 3291 4693 invicem
3330 4640 3649 4709 judiccmus.

2060 4719 2169 4784 Sed
2194 4728 2293 4782 hoc
2322 4727 2487 4799 magis
2513 4728 2768 4797 judicate,
2798 4744 2864 4783 ne
2907 4730 3115 4799 ponatis
3143 4729 3516 4787 oﬂ'endiculum
3546 4732 3651 4786 fra-

2068 4821 2239 4877 tribus
2268 4824 2349 4877 vel
2379 4820 2704 4876 scandalum.
2725 4822 2848 4877 Scio
2869 4830 2921 4878 ct
2945 4823 3155 4878 confido
3183 4823 3234 4879 in
3260 4823 3483 4880 Domino
3505 4824 3652 4894 Jesu‘,

2067 4918 2192 4988 quia
2226 4916 2352 4972 nihil
2382 4933 2665 4971 commune
2696 4932 2790 4986 per
2816 4917 3009 4987 ipsum,
3060 4918 3161 4971 nisi
3186 4916 3235 4971 ei
3262 4919 3349 4988 qui
3388 4917 3654 4975 existimat

2067 5010 2192 5080 quid
2219 5025 2499 5066 commune
2529 5024 2665 5075 esse,
2699 5009 2774 5066 illi
2815 5024 3099 5066 commune
3124 5016 3225 5065 cst.
3258 5006 3313 5066 Si
3357 5012 3497 5066 enini
3529 5024 3653 5082 pro-

2062 5110 2185 5173 pter
2211 5102 2385 5157 cibum
2409 5101 2568 5157 frater
2583 5112 2701 5156 tuus
2724 5102 3087 5169 contriStatur,
3105 5100 3213 5172 jam
3233 5118 3338 5157 non
3360 5100 3652 5160 seCundum

2059 5191 2381 5249 'charita'tcm
2407 5194 2663 5249 ambulas.
2696 5193 2812 5249 Noli
2843 5193 2963 5251 cibo
2990 5199 3081 5249 tuo
3107 5193 3255 5248 illum
3284 5194 3527 5264 perdere,
3552 5186 3648 5265 pro

2065 5292 2171 5357 Quo
2217 5285 2460 5341 Christus
2502 5293 2743 5341 mortuus
2783 5293 2883 5341 est.
2928 5274 3046 5341 Non
3081 5300 3209 5357 ergo
3256 5287 3653 5357 biasphemetur

2064 5378 2266 5435 bonum
2312 5388 2573 5435 nostrum.
2605 5378 2721 5434 Non
2768 5380 2911 5435 enim
2939 5390 3023 5436 est
3048 5392 3272 5451 regnum
3310 5382 3405 5437 Dei
3432 5398 3552 5437 esca
3601 5394 3654 5439 et

2058 5474 2259 5542 pctus,
2310 5469 2405 5526 sed
2451 5468 2653 5541 iustitia
2692 5479 2745 5525 et
2799 5486 2902 5542 pax
2961 5478 3015 5526 et
3067 5472 3315 5542 gaudium
3358 5474 3410 5527 in
3449 5470 3652 5544 Spiritu

2065 5571 2271 5619 sancto.
2294 5562 2392 5630 Qui
2418 5563 2561 5618 enim
2593 5563 2644 5617 in
2688 5562 2793 5618 hoc
2838 5564 3003 5620 servit
3029 5552 3261 5633 Christo,
3295 5567 3467 5636 placet
3519 5569 3650 5636 Deo,

2130 5676 2284 5745 fEditi
2311 5675 2577 5737 habebant,
2599 5675 2654 5745 in
2674 5670 2837 5741 ﬁdem.
2885 5684 2941 5729 At
2978 5676 3083 5731 Mss.
3124 5679 3266 5744 juxta
3293 5678 3563 5745 Vulgatam,
3603 5674 3652 5733 in

2062 5735 2193 5807 ﬁde!
2208 5747 2498 5807 Praeposttto,
2523 5735 2591 5799 ut,
2615 5735 2755 5807 abest
2777 5752 2804 5787 a

2126 5803 2146 5833 ³
2170 5792 2367 5867 Vulgata
2404 5801 2453 5850 in
2487 5792 2704 5867 excusis,
2742 5792 2857 5852 ante
2887 5802 3095 5854 tribunal
3119 5802 3331 5856 Christi:
3355 5811 3404 5855 at
3439 5804 3651 5867 tltacum

2064 5861 2155 5914 hoc
2176 5861 2377 5925 Speculo
2398 5865 2655 5925 concordat
2683 5865 2732 5913 in
2764 5867 2863 5916 anti
2899 5867 2973 5916 uis
3000 5867 3137 5915 Corb.
3179 5867 3369 5931 Bibliis;
3393 5870 3456 5931 in.
3478 5861 3653 5932 quibus

2066 5930 2211 5975 etiam
2233 5926 2553 5978 Subsequenti
2576 5927 2813 5978 versiculo
2836 5881 3003 5978 habet.
3028 5926 3149 5978 ini/ti
3168 5926 3322 5978 ﬂectet
3341 5944 3359 5978 :
3384 5929 3515 5978 iuxta
3529 5944 3650 5978 ειιιεθι

2066 5930 2211 5975 ettam
2233 5926 2813 5997 Subsequenti‘vm‘sicnlo
2836 5926 3003 5993 habet,
3028 5926 3149 5980 ini/ti
3164 5926 3362 5997 ﬂebfet,‘
3375 5926 3650 5997 iniungre-

2063 5998 2191 6051 cum,
2215 6000 2338 6039 ww:
2362 6001 2584 6053 umnpsez.
