4074 6354
489 415 599 476 999

490 546 548 592 et
577 532 839 606 probatus
877 538 961 590 est
998 528 1323 588 hominibus.
1372 527 1555 601 Itaque
1592 543 1712 601 quae
1737 530 1885 599 pacis
1924 537 2069 597 sunt,

490 635 777 695 sectemur,
805 634 859 681 et
884 640 1004 696 quae
1027 622 1390 679 :edilicationis
1416 630 1540 677 sunt
1556 622 1608 677 in
1626 621 1851 677 invicem
1884 623 1924 674 ⁸.
1948 620 2070 677 Noli

488 730 709 792 propter
738 734 915 775 escam
946 717 1223 773 destruere
1277 730 1411 787 opus
1464 716 1578 771 Dei.
1609 714 1801 771 Omnia
1850 714 2069 786 quidem

487 813 684 869 munda
714 819 870 876 sunt;
919 808 1014 865 sed
1039 808 1237 863 malum
1265 816 1348 863 est
1373 806 1577 863 homini
1605 807 1695 877 qui
1719 822 1816 877 per
1839 804 2066 862 offendi-

483 905 662 958 culum
692 901 994 957 manducat.
1010 900 1213 955 Bonum
1240 908 1449 955 estnon
1476 897 1799 954 manducare
1826 911 2062 964 carnem,

481 1005 537 1052 et
565 1011 669 1050 non
697 994 880 1048 bibere
902 993 1084 1047 vinum
1118 1010 1131 1046 :
1160 1008 1332 1064 neque
1358 992 1415 1047 in
1442 1005 1550 1061 quo
1572 989 1737 1045 frater
1761 997 1884 1045 tuus
1898 989 2068 1044 offen-

481 1088 624 1142 ditur
649 1088 691 1150 ²,
719 1093 811 1139 aut
858 1084 1262 1151 scandalizatur,
1308 1092 1400 1137 aut
1443 1082 1760 1138 inﬁrmatur.
1793 1081 1872 1136 Tu
1900 1080 2062 1138 fidem

481 1178 643 1231 habes
670 1176 690 1208 ³
715 1191 879 1246 penes
910 1175 1287 1245 temetipsum?
1314 1174 1451 1230 habe
1480 1188 1659 1228 coram
1690 1174 1817 1229 Deo.
1867 1173 2061 1229 Beatus

476 1268 565 1338 qui
595 1283 700 1323 non
725 1267 927 1338 judicat
972 1267 1313 1337 semetipsum
1364 1266 1418 1320 in
1443 1279 1509 1321 eo
1538 1264 1679 1336 quod
1719 1264 1927 1334 probat.
1956 1262 2060 1331 Qui

475 1369 653 1416 autem
678 1360 952 1427 discernit,
978 1360 1023 1414 si
1051 1356 1469 1422 manducaverit,
1491 1356 1777 1412 damnatus
1796 1363 1908 1420 est;
1936 1354 2055 1425 quia

473 1466 578 1507 non
597 1466 665 1507 ex
693 1452 817 1508 fide.
837 1452 1008 1507 Omne
1036 1458 1215 1506 autem
1233 1448 1374 1520 quod
1398 1463 1504 1505 non
1523 1456 1607 1504 est
1633 1461 1700 1503 ex
1726 1446 1849 1513 fide,
1870 1459 2056 1517 pecca-

667 1551 709 1598 t.

667 1551 709 1598 t.

471 1550 683 1707 wgf]
697 1634 964 1690 Debemus
974 1641 1148 1689 autem
1165 1645 1264 1695 nos
1279 1630 1545 1687 ﬁrmiores
1559 1630 1947 1687 imbecillitates
1968 1630 2051 1685 in-

468 1726 741 1782 firmorum
773 1726 1053 1792 sustinere,
1084 1734 1262 1780 etnon
1294 1724 1447 1779 nobis
1476 1723 1706 1793 placere.
1754 1722 2047 1792 Unusquis-

465 1834 569 1890 que
594 1828 832 1875 uostrum
861 1818 884 1851 ‘*
912 1819 1155 1889 proximo
1178 1832 1276 1873 suo
1306 1818 1509 1887 placeat
1528 1817 1580 1870 in
1598 1817 1796 1872 bonum
1822 1815 1890 1870 ad
1913 1815 2046 1870 aedi-

462 1909 785 1966 ficationem.
809 1910 1018 1966 Etenim
1045 1910 1286 1966 Christus
1302 1925 1407 1965 non
1424 1910 1523 1966 sibi
1540 1910 1756 1980 placuit,
1775 1909 1890 1977 sed,
1910 1909 2048 1965 sicut

459 2003 716 2073 scriptum
745 2012 845 2069 est,
872 2002 1190 2072 lmproperia
1214 2002 1685 2072 improperantium
1708 2001 1802 2056 tibi
1832 2000 2042 2056 occide-

459 2106 587 2151 runt
611 2111 773 2165 super
796 2110 900 2150 me.
930 2096 1287 2165 Quascnmque
1326 2103 1505 2149 autem
1550 2095 1747 2164 scripta
1797 2103 1939 2160 sunt,
1973 2093 2039 2148 ad

457 2194 694 2243 nostram
723 2187 1017 2244 doctrinam
1048 2188 1244 2259 scripta
1273 2196 1415 2254 sunt,
1448 2196 1509 2243 ut
1537 2203 1635 2259 per
1664 2188 1971 2258 patientiam
1986 2196 2041 2243 et

456 2281 879 2337 consolationem
913 2281 1303 2348 Scripturarum
1360 2295 1511 2351 apem
1542 2280 1849 2336 habeamus.
1898 2281 2036 2336 Deus

451 2383 632 2431 autem
663 2374 926 2444 patientiae
946 2383 1000 2429 et
1026 2374 1199 2428 solatii
1224 2374 1314 2429 det
1342 2373 1492 2429 vobis
1517 2374 1742 2445 idipsum
1767 2388 1955 2445 sapere
1980 2374 2037 2428 in

452 2465 766 2520 alterutrum
793 2466 1084 2520 secundum
1116 2465 1298 2521 Jesum
1352 2465 1645 2534 Christum,
1672 2476 1729 2523 ut
1756 2468 2034 2523 unanimes

452 2571 558 2611 uno
582 2572 676 2612 ore
715 2556 1070 2612 honoriﬁcetis
1098 2557 1264 2612 Deum
1290 2566 1344 2613 et
1385 2557 1596 2613 Patrem
1626 2558 1833 2613 Domini
1864 2559 2034 2614 nostri

447 2645 576 2702 Jesu
602 2645 816 2702 Christi.
847 2648 1074 2719 Propter
1116 2648 1258 2721 quod
1303 2649 1557 2718 suscipite
1599 2649 1845 2717 invicem,
1894 2651 2031 2706 sicut

446 2747 502 2792 et
527 2736 772 2793 Christus
792 2740 1024 2809 suscepit
1048 2754 1144 2795 vos
1174 2740 1229 2795 in
1259 2740 1514 2796 honorem
1535 2740 1649 2795 Dei.
1681 2739 1748 2795 Et
1771 2742 2032 2811 aliquanto

446 2838 597 2898 post:
642 2829 1010 2885 Probaverunt
1037 2833 1177 2886 enim
1214 2831 1524 2889 Macedonia
1550 2838 1606 2887 et
1639 2831 1835 2887 Achaia
1865 2834 2031 2889 colla-

443 2920 643 2975 tionem
688 2920 916 2990 aliquam
960 2921 1133 2976 facere
1173 2921 1225 2976 in
1257 2937 1516 2992 pauperes
1555 2931 1892 2991 sanctorum,
1939 2926 2030 2991 qui

444 3021 569 3068 sunt
597 3014 649 3067 in
673 3013 988 3069 Jerusalem.
1017 3014 1222 3069 Placuit
1253 3016 1395 3070 enim
1424 3015 1523 3081 eis,
1541 3024 1596 3070 et
1614 3016 1886 3071 debitores
1905 3025 2030 3072 sunt

441 3120 648 3160 eorum.
697 3105 828 3159 Nam
860 3106 907 3161 si
954 3106 1308 3177 spiritualium
1353 3121 1536 3162 eorum
1584 3109 1866 3178 participes
1903 3108 2026 3165 facti

439 3206 564 3251 sunt
588 3195 848 3262 Gentiles,
880 3195 1075 3252 debent
1101 3208 1153 3251 et
1181 3197 1232 3251 in
1262 3197 1564 3252 carnalibus
1598 3198 1899 3254 ministrare
1922 3200 2020 3254 eis.

440 3287 508 3342 Et
538 3297 648 3359 post
674 3306 863 3359 paucos
891 3306 1057 3345 verm
1078 3307 1096 3345 :
1121 3289 1354 3346 Obsecro
1380 3291 1539 3361 igitur
1551 3306 1667 3359 vos,
1702 3292 1909 3361 fratres,
1928 3309 2025 3364 per

436 3377 720 3435 Dominum
752 3390 992 3437 nostrum
1022 3382 1204 3438 Jesum
1237 3382 1543 3451 Christum,
1584 3394 1637 3439 et
1664 3399 1762 3455 per
1790 3385 2023 3441 charita-

434 3478 542 3525 tem
565 3470 792 3541 Spiritus
817 3473 862 3540 ',
891 3482 949 3528 ut
966 3473 1032 3529 ad
1052 3473 1246 3544 juvetis
1272 3488 1359 3531 me
1375 3476 1426 3530 in
1451 3476 1779 3533 orationibus
1808 3493 1904 3547 pro
1933 3492 2022 3535 me

432 3561 499 3617 ad
525 3564 712 3621 Deum.

503 3653 573 3709 Et
598 3658 750 3727 paulo
784 3656 1079 3731 posl[xv1.]
1112 3677 1125 3712 :
1155 3660 1305 3732 Rogo
1346 3670 1522 3718 autem
1549 3676 1645 3717 vos
1664 3706 1679 3731 ,
1708 3663 1929 3732 fratres,
1961 3673 2021 3723 ut

432 3745 731 3803 observetis
759 3762 854 3803 eos
880 3750 970 3819 qui
999 3748 1365 3807 dissensiones
1389 3760 1445 3809 et
1467 3753 1799 3822 offendicula,
1824 3767 2020 3826 praeter

431 3835 727 3893 doctrinam
751 3855 909 3909 quam
924 3855 1019 3895 vos
1043 3840 1322 3911 didicistis,
1339 3843 1569 3911 faciunt;
1597 3856 1651 3902 et
1667 3845 1929 3904 deelinate
1949 3848 2017 3904 ab

431 3925 533 3981 eis.
582 3926 898 3997 Hujusmodi
953 3931 1098 3985 enim
1140 3931 1357 3988 Christo
1395 3934 1621 3990 Domino
1671 3946 1855 3993 nostro
1908 3953 2015 3994 non

431 4016 691 4083 serviunt,
733 4017 828 4073 sed
857 4033 956 4074 suo
987 4022 1184 4089 ventri,
1222 4031 1277 4078 et
1308 4039 1403 4094 per
1427 4025 1617 4080 dulces
1642 4043 1917 4085 sermones
1962 4040 2016 4086 et

427 4105 830 4164 benedictiones
871 4109 1135 4166 seducunt
1181 4113 1344 4169 corda
1390 4115 1774 4172 innocentium.
1821 4118 2012 4175 Vestra

425 4198 567 4253 enim
598 4200 897 4256 obedientia
919 4202 974 4257 in
1010 4217 1222 4259 omnem
1246 4205 1418 4261 locum
1444 4206 1709 4279 divulgata
1736 4218 1835 4265 est.
1867 4211 2013 4267 Gau-

437 4290 528 4346 leo
556 4291 713 4364 igitur
754 4294 807 4349 in
843 4295 993 4350 vobis
1030 4314 1043 4349 :
1080 4296 1175 4353 sed
1204 4299 1327 4355 volo
1363 4314 1459 4355 vos
1502 4303 1769 4372 sapientes
1810 4306 2011 4362 essein

422 4384 588 4449 bono,
613 4394 668 4440 et
686 4386 954 4457 simplices
974 4388 1026 4444 in
1057 4390 1220 4445 malo.

544 4496 634 4551 DE
674 4498 1001 4556 EPISTOLA
1037 4502 1096 4557 B.
1131 4504 1333 4560 PAULI
1359 4506 1449 4561 AD
1473 4504 1898 4566 CORINTHIOS.

493 4606 645 4679 [Cap.
664 4626 702 4665 1.
721 4609 741 4683 ]
769 4612 1003 4669 Obsecro
1026 4626 1199 4695 autem
1217 4632 1331 4687 vos,
1357 4619 1569 4690 fratres,
1584 4638 1679 4693 per
1693 4639 1882 4681 nomen
1898 4625 2005 4681 Do-

423 4700 556 4757 mini
577 4701 702 4757 Iesu
742 4703 965 4771 Christi,
999 4717 1056 4762 ut
1083 4709 1308 4779 idipsum
1336 4713 1523 4769 dicatis
1562 4731 1767 4785 omnes,
1797 4728 1852 4775 et
1895 4735 2003 4776 non

416 4793 524 4849 sint
547 4793 599 4850 in
629 4796 780 4852 vobis
808 4796 1114 4854 schismata.
1133 4802 1258 4857 Sitis
1288 4813 1465 4861 autem
1489 4807 1711 4877 perfecti
1734 4811 1787 4865 in
1814 4810 2004 4868 eodem

419 4902 607 4956 sensu,
634 4897 689 4944 et
732 4890 789 4944 in
818 4891 1007 4948 eadem
1036 4897 1321 4951 sententia.
1361 4900 1723 4971 Significatum
1754 4908 1836 4961 est
1856 4907 2001 4963 enim

411 4980 545 5035 mihi
572 4980 639 5036 de
666 4982 836 5048 vobis,
866 4983 1062 5042 fratres
1112 4988 1243 5063 mei,
1267 4989 1335 5045 ab
1361 4991 1444 5047 bis
1482 4995 1571 5065 qui
1615 5006 1740 5053 sunt
1761 4996 1958 5056 Chloes
1980 5043 1997 5071 ,

412 5074 534 5143 quia
561 5077 932 5134 contentiones
972 5080 1111 5136 inter
1159 5097 1255 5137 vos
1282 5094 1423 5140 sunt.
1472 5086 1584 5141 Hoc
1635 5098 1811 5147 autem
1845 5092 1996 5164 dico,

412 5166 555 5237 quod
593 5171 957 5242 unusquisque
1001 5184 1237 5231 vestrum
1275 5178 1432 5249 dicit,
1466 5181 1578 5252 Ego
1621 5184 1835 5254 quidem
1879 5204 1997 5244 sum

477 5303 745 5384 3939‘?“
768 5313 835 5384 βι.
850 5309 899 5359 in
919 5308 1121 5384 Vulgata
1143 5322 1270 5377 post.
1293 5314 1511 5384 ὺιυερεηι,
1526 5319 1731 5384 additur»
1756 5326 1997 5378 αιεωάία-

404 5375 515 5455 “m1?
525 5368 936 5455 “verbum
957 5368 1099 5425 ab'est
1118 5368 1159 5427 a‘
1174 5368 1282 5429 Mss.
1308 5386 1360 5429 et
1376 5381 1438 5430 ab
1457 5368 1995 5455 magnifcbr'ﬂféibii,

404 5438 501 5477 nec
524 5434 669 5479 estin
691 5444 870 5493 grmco.
1573 5434 1591 5447 -
1652 5434 1655 5435 ν
1698 5434 1820 5437 θην
1856 5434 1992 5455 -κ--ι

404 5555 455 5577 .-
470 5490 1076 5577 1139'2‘13‘3‘3‘5‘32999."
1088 5500 1261 5577 ,αξάίρθ
1279 5511 1331 5577 et
1351 5505 1409 5577 is.
1422 5507 1559 5557 corh-
1584 5509 1762 5575 δίωξίς,
1778 5513 1992 5577 offendit.

404 5555 456 5601 In
470 5564 652 5664 $33011):
679 5555 945 5622 proscopta'i
964 5572 983 5610 :
1006 5562 1053 5612 id
1078 5571 1170 5622 est,
1196 5555 1519 5651 impingit.
1551 5555 1557 5556 ί
1586 5555 1799 5609 Μήτ’

467 5673 491 5695 ι
519 5652 592 5695 δέ
631 5618 904 5695 augmxen.
925 5628 1038 5695 μιν.
1060 5623 1221 5695 ferunt
1251 5664 1263 5677 .
1298 5636 1362 5678 Tu
1382 5627 1799 5695 ﬁdemquamhab

1026 5658 1038 5671 .
1060 5645 1221 5698 lerunt.
1251 5645 1269 5677 .'
1298 5645 1362 5678 lu
1382 5645 1532 5698 pacm
1549 5645 1867 5698 quamhabes.
1901 5647 1960 5693 II.

404 5673 616 5787 "Et;
630 5673 819 5742 sp'ecun
851 5682 1060 5747 codices,
1093 5673 1991 5769 juiﬁ'grébij‘WI'XiwviﬁgS‘u,

392 5775 722 5925 .zv-ggm’
744 5804 899 5857 “mea,
929 5806 1151 5879 mm.
1174 5813 1338 5881 AM
1363 5823 1535 5883 me“,
1556 5834 1585 5873 a
1607 5824 1796 5888 specu“
1815 5828 1991 5883 and“-
2041 5870 2075 5912 ἲ
2091 5790 2270 5849 natur,
2297 5792 2380 5839 est
2405 5783 2716 5914 fornicator,
2740 5798 2831 5844 aut
2858 5804 3072 5914 avarus,
3101 5802 3193 5848 aut
3222 5793 3376 5851 idolis
3411 5794 3675 5933 serviens:

496 5894 512 5926 ο
668 5876 848 5927 ετεοο.
1222 5936 1233 5941 Α
2155 5896 2175 5930 ι
2198 5904 2302 5949 ω.
2325 5903 2402 5951 Er.
2428 5904 2578 5953 etis.
2602 5907 2778 5955 nemus
2798 5910 3044 5958 omittunt.
3058 5912 3259 5959 Ialm.
3630 5950 3641 5959 ν,

496 5865 848 5927 ,etagrzeco.

1686 412 1743 468 S.
1783 404 2153 471 AUGUSTNI
2181 406 2543 478 SPECULUM

3616 435 3758 498 {000

2178 530 2350 624 Pauli,
2381 550 2479 607 ego
2503 544 2680 593 autem
2705 537 2912 611 Apollo,
2938 555 3037 614 ego
3059 556 3188 602 vero
3211 544 3426 619 Cephaz,
3442 565 3541 624 ego
3568 565 3751 614 autem

2177 622 2392 683 Christi.
2421 629 2631 687 Divisus
2659 642 2743 689 est
2763 634 3038 693 Christus?
3064 638 3330 713 Numquid
3352 622 3546 702 Paulus
3569 653 3752 703 cruci-

2175 716 2312 774 ﬁxus
2346 729 2430 777 est
2466 738 2565 793 pro
2592 724 2778 780 vobis?
2814 728 2983 783 autin
3035 730 3251 788 nomine
3299 733 3448 789 Pauli
3495 736 3749 807 baptizati

2173 812 2334 868 estis?
2383 812 2453 867 Et
2484 825 2595 886 post
2617 818 2877 888 paululum
2898 837 2919 875 :
2948 821 3028 877 Ex
3056 822 3172 892 ipso
3207 834 3383 883 autem
3411 843 3507 884 vos
3531 833 3663 887 estis
3693 833 3748 888 in

2172 900 2385 959 Christo
2407 904 2555 975 Jesu,
2582 909 2671 979 qui
2690 910 2858 967 factus
2885 919 2968 968 est
2987 915 3244 983 sapientia
3268 918 3426 974 nobis
3448 934 3480 974 a
3520 921 3648 990 Deo,
3690 932 3748 980 et

2163 992 2388 1064 justitia,
2414 1007 2467 1052 et
2492 1001 2855 1069 sanctificatio,
2878 1011 2933 1059 et
2951 1006 3281 1077 redemptio:
3314 1019 3372 1065 ut
3397 1015 3749 1083 quemadmo-

2168 1083 2295 1140 dum
2313 1086 2566 1158 scriptum
2597 1098 2698 1155 est,
2716 1092 2815 1160 Qui
2842 1092 3116 1164 gloriatur,
3136 1097 3191 1153 in
3217 1098 3440 1156 Domino
3463 1102 3746 1173 glorietur.

2238 1176 2308 1231 Et
2352 1179 2453 1235 alio
2506 1182 2615 1237 loco
2646 1182 2771 1259 [111.]
2802 1203 2815 1236 :
2853 1187 2984 1242 Cum
3037 1188 3182 1244 enim
3212 1193 3283 1246 sit
3308 1191 3448 1249 inter
3477 1210 3574 1251 vos
3596 1197 3749 1254 zelus

2165 1276 2221 1323 et
2242 1272 2532 1340 contentio,
2582 1289 2758 1331 nonne
2782 1279 3022 1334 carnales
3050 1281 3207 1349 estis,
3234 1292 3288 1338 et
3324 1285 3611 1341 secundum
3640 1286 3747 1344 ho-

2162 1361 2362 1418 minem
2382 1364 2699 1422 ambulatis?
2726 1368 2857 1423 Cum
2885 1369 3026 1426 enim
3055 1374 3173 1443 quis
3207 1373 3355 1441 dicit,
3381 1375 3493 1447 Ego
3512 1378 3741 1448 quidem

2159 1466 2277 1507 sum
2303 1452 2486 1522 Pauli;
2510 1457 2645 1514 alius
2670 1469 2869 1528 autem,
2896 1463 3009 1533 Ego
3034 1464 3223 1535 Apollo
3251 1484 3266 1521 :
3309 1470 3745 1530 nonnehomiues

2157 1542 2327 1599 estis?
2352 1544 2420 1599 Et
2458 1557 2570 1617 post
2597 1551 2863 1621 paululum
2893 1570 2913 1609 :
2939 1554 3167 1612 Nescitis
3209 1559 3331 1629 quia
3356 1562 3610 1633 templum
3640 1566 3742 1624 Dei

2156 1634 2307 1700 estis,
2343 1643 2398 1691 et
2421 1635 2649 1707 Spiritus
2678 1642 2771 1697 Dei
2799 1643 2997 1699 habitat
3024 1646 3077 1701 in
3098 1649 3281 1705 vobis?
3307 1650 3363 1707 Si
3392 1653 3510 1723 quis
3554 1663 3739 1713 autem

2157 1725 2412 1797 templum
2438 1728 2531 1784 Dei
2554 1730 2853 1801 violaverit,
2898 1734 3169 1807 disperdet
3193 1739 3342 1795 illum
3370 1742 3527 1798 Deus.
3570 1744 3740 1802 Tem-

2152 1815 2298 1885 plum
2324 1818 2467 1874 enim
2496 1820 2593 1877 Dei
2622 1833 2864 1881 sanctum
2895 1838 2977 1883 est
3004 1829 3144 1899 quod
3170 1832 3298 1887 estis
3326 1848 3440 1889 vos.
3479 1834 3650 1893 Nemo
3675 1852 3738 1895 se

2150 1906 2370 1964 seducat
2399 1927 2414 1964 :
2443 1910 2489 1966 si
2508 1913 2627 1983 quis
2650 1915 2858 1972 videtur
2880 1917 3021 1975 inter
3040 1934 3135 1975 vos
3160 1921 3372 1993 sapiens
3399 1939 3520 1981 esse
3545 1926 3600 1981 in
3630 1927 3738 1986 hoc

2147 2000 2361 2065 saeculo,
2394 2004 2586 2059 stultus
2611 2005 2702 2061 fiat
2725 2016 2783 2062 ut
2801 2010 3122 2081 sitsapieus.
3157 2013 3430 2085 Sapientia
3464 2019 3605 2074 enim
3632 2018 3738 2076 hu-

2142 2087 2230 2157 jus
2245 2092 2425 2147 mundi
2454 2096 2675 2152 stultitia
2699 2108 2783 2155 est
2806 2102 2947 2171 apud
2972 2104 3159 2160 Deum.

2216 2178 2285 2234 Et
2310 2192 2419 2252 post
2448 2201 2637 2254 paucos
2657 2205 2826 2245 versus
2851 2189 2973 2266 [1v.]
2999 2212 3012 2248 :
3046 2194 3226 2267 Itaque
3253 2198 3419 2255 nolite
3444 2210 3567 2258 ante
3590 2212 3732 2260 tem-

2144 2287 2241 2341 pus
2262 2273 2521 2343 judicare,
2546 2280 2889 2354 quoadusque
2917 2286 3093 2341 veniat
3119 2288 3392 2358 Dominus,
3420 2293 3509 2362 qui
3532 2302 3587 2349 et
3607 2295 3735 2350 illu-

2143 2367 2364 2422 minabit
2386 2370 2695 2428 abscondita
2727 2378 3099 2447 tenebrarum,
3135 2392 3189 2436 et
3218 2384 3573 2441 manifestabit
3599 2402 3733 2444 con-

2139 2456 2258 2512 silia
2287 2461 2562 2530 cordium;
2592 2474 2646 2520 et
2672 2475 2795 2522 tunc
2811 2467 2927 2524 laus
2946 2472 3046 2526 erit
3073 2473 3354 2545 unicuique
3379 2490 3410 2531 a
3440 2477 3570 2532 Deo.
3598 2477 3731 2536 Haec

2138 2558 2337 2619 autem,
2368 2553 2557 2611 fratres
2576 2597 2591 2622 ,
2623 2560 2988 2631 transfiguravi
3017 2563 3069 2618 iu
3096 2580 3183 2621 me
3208 2577 3261 2622 et
3292 2569 3479 2639 Apollo
3506 2580 3730 2642 propter

2136 2656 2261 2707 vos;
2303 2652 2361 2698 ut
2404 2644 2457 2700 in
2499 2647 2651 2703 nobis
2687 2650 2942 2721 discatis,
2986 2670 3055 2711 ne
3093 2671 3250 2727 supra
3280 2674 3436 2729 quam
3466 2662 3747 2731 scriptum'

2136 2743 2239 2803 est,
2267 2751 2404 2792 unus
2427 2737 2681 2796 adversus
2700 2743 2922 2798 alterum
2944 2745 3157 2802 inﬂetur
3173 2765 3270 2818 pro
3288 2750 3411 2806 alio.
3430 2751 3559 2818 Quis
3579 2754 3726 2810 enim

2135 2833 2188 2880 te
2225 2827 2516 2886 discernit?
2557 2832 2694 2900 Quid
2723 2844 2901 2891 autem
2937 2837 3101 2895 habes
3127 2840 3268 2910 quod
3297 2858 3403 2899 non
3430 2844 3726 2915 accepisti?

2134 2914 2192 2972 Si
2222 2928 2397 2974 autem
2436 2924 2720 2993 accepisti,
2747 2926 2873 2996 quid
2915 2928 3160 2999 gloriaris
3186 2933 3335 3003 quasi
3372 2948 3477 2989 non
3500 2914 3725 3007 accepe-

2133 3008 2245 3063 ris?
2273 3008 2342 3064 Et
2372 3022 2483 3082 post
2508 3016 2775 3085 paululum
2799 3034 2817 3072 :
2841 3018 3018 3090 Usque
3044 3022 3096 3076 in
3126 3021 3266 3081 hanc
3288 3025 3471 3083 horam
3509 3037 3568 3084 et
3591 3044 3723 3087 esu~

2130 3099 2318 3167 rimus,
2340 3112 2395 3158 et
2414 3104 2643 3174 sitimus,
2665 3115 2721 3163 et
2738 3111 2864 3165 nudi
2887 3127 3088 3182 sumus,
3111 3125 3166 3171 et
3183 3117 3422 3189 colaphis
3441 3121 3720 3193 cadimur,

2129 3199 2185 3246 et
2211 3193 2483 3250 instabiles
2512 3211 2727 3266 sumus,
2757 3211 2812 3257 et
2838 3203 3140 3261 laboramus
3164 3219 3446 3279 operantes
3474 3214 3720 3270 manibus

2070 3312 2079 3321 -
2129 3287 2345 3342 nostris.
2369 3288 2747 3361 Maledicimur,
2778 3305 2832 3351 et
2851 3296 3216 3356 benedicimus
3245 3319 3257 3356 :
3293 3307 3719 3373 persecutionem

2126 3377 2397 3447 patimur,
2432 3389 2487 3436 et
2531 3384 2901 3442 sustinemus:
2941 3389 3404 3464 blasphemamur,
3454 3405 3509 3452 et
3554 3399 3718 3457 obso-

2126 3481 2355 3525 cramus.
2385 3470 2659 3545 Tanquam
2698 3490 3042 3549 purgamenta
3072 3482 3227 3553 hujus
3256 3487 3441 3542 mundi
3470 3488 3595 3545 facti
3620 3506 3717 3547 su-

2123 3571 2245 3615 mus
2265 3562 2499 3617 omnium
2528 3567 2825 3636 peripsema
2850 3585 3016 3642 usque
3046 3574 3237 3631 adhuc.
3263 3576 3379 3633 Non
3409 3588 3466 3633 ut
3489 3580 3716 3638 confun-

2123 3651 2246 3709 dam
2284 3670 2379 3712 vos
2411 3655 2526 3714 haec
2551 3661 2762 3729 scribo,
2790 3664 2886 3721 sed
2920 3676 2977 3722 ut
3004 3667 3144 3725 ﬁlios
3177 3684 3326 3727 meos
3363 3672 3713 3734 charissimos

2123 3759 2338 3803 moneo.

2179 3838 2312 3895 Item
2330 3852 2446 3913 post
2456 3847 2720 3915 paululum
2737 3847 2837 3925 [v.]
2854 3852 3109 3911 :Omnino
3127 3857 3488 3931 auditurjinter
3498 3876 3593 3918 vos
3604 3862 3709 3919 for-

2119 3932 2334 4003 nicatio,
2354 3946 2408 3993 et
2419 3938 2539 3994 talis
2555 3939 2854 4012 fornicatio,
2873 3948 3045 4017 qualis
3060 3965 3158 4005 nec
3173 3952 3310 4007 inter
3324 3952 3538 4022 Gentes,
3562 3956 3631 4012 ita
3651 3966 3710 4013 ut

2119 4044 2337 4087 uxorem
2350 4033 2518 4104 patris
2544 4036 2736 4107 aliquis
2752 4039 2961 4097 habeat.
2981 4044 3047 4098 Et
3060 4060 3155 4099 vos
3172 4045 3335 4101 inﬂati
3351 4049 3503 4117 estis,
3521 4059 3703 4107 etnon

2118 4122 2287 4192 magis
2307 4124 2505 4181 luctum
2533 4126 2812 4196 habuistis,
2841 4141 2897 4187 ut
2920 4134 3133 4191 tollatur
3151 4136 3219 4191 de
3243 4137 3417 4193 medio
3438 4149 3699 4209 vestrum,

2114 4212 2208 4282 qui
2220 4214 2323 4269 hoc
2335 4229 2470 4284 opus
2481 4216 2624 4273 fecit.
2643 4220 2755 4291 Ego
2764 4222 2979 4293 quidem
2995 4226 3186 4281 absens
3200 4241 3445 4299 corpore,
3461 4245 3704 4301 praesens

2112 4313 2291 4358 autem
2329 4306 2537 4375 spiritu,
2564 4308 2677 4379 jam
2700 4311 2932 4381 judicavi
2961 4323 3019 4369 ut
3060 4332 3313 4386 praesens,
3345 4334 3468 4375 eum
3498 4324 3590 4392 qui
3620 4323 3705 4380 sic

2112 4402 2364 4463 operatus
2390 4406 2475 4453 est
2497 4439 2511 4463 ,
2556 4400 2609 4454 iu
2653 4403 2867 4458 nomine
2904 4405 3110 4461 Domini
3139 4410 3304 4463 nostri
3346 4410 3472 4467 Jesu
3503 4412 3703 4472 Christi

2109 4489 2445 4559 congregatis
2472 4491 2623 4547 vobis
2651 4501 2706 4548 et
2729 4509 2850 4550 meo
2878 4496 3087 4566 spiritu,
3118 4513 3239 4554 cum
3269 4502 3465 4558 virtute
3489 4503 3703 4563 Domini

2108 4574 2258 4646 Jesu,
2288 4580 2499 4637 tradere
2527 4581 2825 4652 hujusmodi
2855 4594 3054 4644 satanas
3077 4590 3094 4621 ί
3116 4589 3170 4644 in
3199 4590 3469 4647 interitum
3498 4594 3698 4663 carnis,

2108 4676 2167 4722 ut
2186 4670 2402 4740 Spiritus
2432 4673 2609 4728 salvus
2634 4675 2704 4730 sit
2724 4674 2779 4731 in
2800 4677 2887 4733 die
2911 4678 3120 4735 Domini
3142 4683 3458 4754 nostrijesu
3474 4685 3695 4743 Christi.

2105 4758 2224 4816 Non
2249 4770 2333 4818 est
2354 4763 2493 4818 bona
2516 4765 2761 4836 gloriatio
2785 4779 2980 4826 vestra.
3020 4771 3246 4829 Nescitis
3274 4774 3399 4845 quia
3425 4776 3697 4835 modicum

2105 4852 2425 4912 fermentum
2444 4866 2608 4915 totam
2628 4875 2857 4917 massam
2876 4866 3206 4937 corrumpit?
3223 4868 3522 4942 Expurgate
3542 4881 3697 4929 vetus

2106 4945 2450 5016 fermentum,
2482 4960 2541 5007 ut
2561 4951 2677 5008 sitis
2698 4970 2829 5010 nova
2847 4960 3176 5029 conspersio,
3198 4961 3336 5017 sicut
3350 4963 3478 5018 estis
3496 4968 3690 5038 azymi.

2104 5037 2314 5095 Etenim
2342 5041 2544 5099 Pascha
2571 5054 2810 5102 nostrum
2840 5048 3143 5107 immolatus
3181 5061 3265 5109 est
3289 5037 3697 5113 Christus.lta-

2102 5145 2206 5202 que
2230 5134 2507 5204 epulemur
2545 5152 2652 5193 non
2692 5139 2745 5194 in
2784 5141 3045 5199 fermento
3081 5147 3271 5215 veteri,
3304 5163 3476 5220 neque
3502 5150 3554 5205 in
3586 5150 3695 5207 fer-

2102 5233 2286 5281 mento
2312 5228 2528 5284 malitia:
2551 5239 2606 5286 et
2630 5234 2898 5304 nequitiae,
2928 5236 3022 5293 sed
3061 5238 3116 5294 in
3143 5242 3344 5312 azymis
3369 5242 3693 5303 sinceritatis

2100 5325 2156 5373 et
2180 5320 2441 5376 veritatis.
2470 5321 2675 5396 Scripsi
2700 5327 2851 5383 vobis
2876 5329 2927 5384 in
2954 5330 3180 5401 epistola
3200 5375 3215 5400 ,
3243 5351 3310 5390 ne
3334 5337 3690 5395 commiscea-

2099 5412 2229 5467 mini
2251 5412 2584 5472 fornicariis:
2609 5433 2715 5474 non
2755 5421 2936 5493 utique
2959 5420 3261 5482 fornicariis
3284 5426 3441 5498 hujus
3477 5431 3689 5501 mundi,

2098 5512 2189 5558 aut
2222 5506 2419 5574 avaris,
2464 5516 2556 5564 aut
2603 5511 2913 5581 rapacibus,
2962 5524 3054 5570 aut
3093 5515 3249 5575 idolis
3293 5519 3685 5589 servientibus;

2096 5594 2329 5667 alioquin
2350 5597 2653 5657 debueratis
2668 5601 2737 5658 de
2762 5602 2864 5659 hoc
2881 5605 3082 5662 mundo
3100 5608 3314 5665 exiisse.
3336 5609 3486 5667 Nunc
3504 5620 3685 5672 autem

2096 5689 2284 5759 scripsi
2310 5690 2484 5759 vobis,
2512 5708 2618 5748 non
2655 5696 3024 5767 commisceri,
3055 5700 3101 5755 si
3126 5700 3172 5755 is
3199 5702 3285 5772 qui
3311 5701 3477 5759 frater
3502 5701 3683 5760 nomi-

2091 5790 2270 5849 natur,
2297 5792 2380 5839 est
2405 5783 2712 5857 fornicator,
2740 5798 2831 5844 aut
2858 5804 3072 5860 avarus,
3101 5802 3193 5848 aut
3222 5793 3376 5851 idolis
3411 5794 3683 5871 serviens,
