4082 6520
372 448 507 507 1001

369 575 463 621 aut
486 563 797 631 maledicus,
819 570 910 618 aut
926 561 1189 631 ebriosus,
1220 569 1312 617 aut
1329 577 1513 633 rapax,
1539 577 1662 619 cum
1687 562 1951 635 ejusmodi

371 672 472 715 nec
497 657 674 712 cibum
710 671 939 713 sumere.
980 654 1116 724 Quid
1145 655 1289 712 enim
1316 654 1447 710 mihi
1485 655 1553 711 de
1584 656 1652 712 iis
1693 656 1781 728 qui
1822 655 1954 711 foris

369 757 496 804 sunt
516 747 793 819 judicare?
809 748 995 803 Nonne
1007 747 1075 803 de
1099 746 1164 803 iis
1191 748 1282 819 qui
1307 747 1448 803 intus
1473 757 1616 816 sunt,
1638 762 1734 803 vos
1746 747 1954 819 judica-

372 844 482 897 tis?
504 842 638 897 Nam
666 858 760 898 eos
783 842 874 914 qui
898 842 1028 897 foris
1061 849 1222 909 sunt,
1257 841 1399 898 Deus
1421 840 1697 912 judicabit.
1733 840 1954 899 Auferte

370 935 567 990 malum
599 952 663 990 ex
692 935 841 991 vobis
866 936 1012 1005 ipsis.

443 1027 565 1103 [vn]
596 1028 767 1083 Audet
786 1029 975 1099 aliquis
995 1036 1234 1084 vestrum
1259 1027 1462 1084 habens
1477 1027 1744 1099 negotium
1765 1024 1953 1083 adver-

368 1136 465 1177 sus
484 1121 711 1177 alterum
731 1161 745 1186 ,
764 1120 990 1191 judicari
1016 1120 1156 1191 apud
1180 1119 1392 1190 iniquos
1412 1161 1426 1187 ,
1448 1128 1502 1174 et
1530 1134 1635 1175 non
1662 1118 1801 1189 apud
1826 1132 1953 1172 san-

368 1214 520 1291 etes?
541 1215 622 1269 An
654 1214 867 1270 nescitis
893 1212 1141 1284 quoniam
1168 1213 1337 1268 sancti
1361 1211 1429 1268 de
1457 1212 1560 1270 hoc
1584 1210 1783 1267 mundo
1806 1209 1952 1280 judi-

368 1308 601 1365 oabunt?
644 1309 711 1364 Et
745 1308 793 1364 si
832 1308 885 1362 in
927 1306 1077 1362 vobis
1112 1305 1433 1376 judicabitur
1470 1304 1721 1371 mundus,
1752 1300 1952 1374 indigni

371 1402 503 1457 estis
530 1400 623 1471 qui
663 1400 731 1455 de
759 1399 991 1454 minimis
1013 1396 1297 1468 iudicetis?
1321 1396 1549 1453 Nescitis
1576 1395 1825 1467 quoniam
1858 1408 1954 1449 an-

367 1494 517 1565 gelos
531 1492 919 1564 jndicabimus?
938 1498 1134 1564 quanto
1149 1490 1316 1563 magis
1337 1489 1649 1546 saecularia?
1668 1486 1952 1545 Saecularia

368 1586 528 1656 igitur
550 1584 745 1656 judicia
771 1584 817 1640 si
843 1583 1155 1653 habueritis,
1181 1582 1609 1655 contemptibiles
1629 1580 1722 1654 qui
1750 1588 1875 1637 sunt
1898 1579 1953 1634 in

368 1675 629 1743 Ecclesia,
653 1674 774 1731 illos
794 1674 1098 1731 constituite
1116 1674 1183 1729 ad
1198 1673 1563 1745 judicandum.
1590 1671 1672 1728 Ad
1692 1687 1953 1729 verecun-

367 1768 509 1824 diam
545 1779 775 1826 vestram
814 1768 953 1825 dico.
1000 1768 1088 1824 Sic
1131 1783 1239 1824 non
1281 1777 1364 1824 est
1408 1768 1548 1837 inter
1592 1781 1689 1823 vos
1739 1768 1952 1838 sapiens

369 1862 682 1939 quisquam,
728 1861 817 1931 qui
862 1860 1032 1931 possit
1052 1859 1295 1931 judicare
1336 1859 1476 1916 inter
1513 1858 1730 1914 fratrem
1759 1857 1953 1913 suum?

367 1954 461 2009 sed
485 1953 650 2009 frater
689 1968 810 2009 cum
849 1951 1015 2008 fratre
1037 1951 1240 2022 judicio
1264 1950 1576 2019 contendit,
1604 1958 1660 2006 et
1684 1950 1783 2006 hoc
1812 1951 1953 2021 apud

366 2046 646 2101 inﬁdeles?
671 2044 786 2099 Jam
816 2043 1031 2115 quidem
1061 2043 1277 2099 omnino
1306 2042 1556 2098 delictum
1581 2051 1665 2098 est
1695 2041 1749 2096 in
1780 2041 1947 2108 vobis,

366 2137 508 2207 quod
537 2136 736 2207 judicia
772 2136 975 2191 habetis
1004 2128 1141 2191 inter
1166 2150 1279 2190 vos.
1308 2134 1482 2203 Quare
1509 2149 1617 2189 non
1658 2133 1828 2204 magis
1865 2133 1951 2188 in-

361 2228 558 2298 juriam
585 2227 1051 2298 accipitis?,quare
1081 2242 1188 2283 non
1218 2225 1385 2296 magis
1413 2224 1652 2280 fraudem
1679 2223 1953 2295 patimini?

366 2321 472 2376 Sed
512 2336 607 2376 vos
650 2321 893 2391 injuriam
935 2320 1124 2383 facitis,
1165 2327 1219 2375 et
1251 2318 1527 2385 fraudatis,
1550 2325 1605 2374 et
1639 2317 1743 2373 hoc
1767 2317 1952 2373 fratri-

364 2415 484 2470 bus.
510 2416 593 2470 An
620 2415 834 2471 nescitis
860 2415 981 2485 quia
1008 2414 1172 2484 iniqui
1196 2428 1419 2483 regnum
1447 2412 1542 2468 Dei
1571 2427 1679 2467 non
1708 2411 1952 2482 posside-

366 2508 532 2563 bunt?
560 2508 731 2565 Nolite
776 2523 955 2565 errare
992 2524 1005 2560 :
1038 2522 1211 2578 neque
1246 2505 1512 2560 fornicarii
1535 2546 1549 2571 ,
1587 2519 1760 2575 neque
1797 2504 1953 2560 idolis

365 2602 696 2667 servientes,
745 2616 916 2672 neque
962 2599 1185 2655 adulteri
1216 2640 1233 2668 ,
1288 2612 1461 2669 neque
1510 2597 1730 2665 molles,
1781 2611 1954 2667 neque

368 2696 727 2750 masculorum
755 2692 1154 2758 concubitores,
1188 2705 1363 2763 neque
1398 2689 1563 2755 fures,
1591 2703 1763 2761 neque
1784 2687 1950 2756 avari,

365 2802 542 2858 neque
564 2786 781 2854 ebriosi,
814 2800 983 2856 neque
1005 2783 1271 2851 maledici,
1298 2797 1470 2852 neque
1493 2796 1711 2853 rapaces
1729 2795 1954 2852 regnum

365 2880 463 2936 Dei
488 2880 849 2952 possidebunt.
880 2878 949 2933 Et
978 2888 1090 2951 post
1120 2876 1385 2949 paululum
1405 2892 1424 2931 :
1447 2874 1675 2931 Nescitis
1703 2874 1955 2946 quoniam

364 2987 592 3046 corpora
635 2981 811 3028 vestra
855 2971 1094 3028 membra
1135 2968 1335 3026 Christi
1375 2968 1531 3024 sunt?
1569 2967 1782 3023 Tollens
1827 2972 1956 3037 ergo

364 3066 606 3121 membra
644 3064 872 3131 Christi,
918 3063 1105 3118 faciam
1142 3061 1383 3119 membra
1420 3058 1752 3115 meretricis?
1778 3057 1953 3113 Absit.

364 3157 453 3212 An
482 3157 698 3214 nescitis
739 3156 988 3228 quoniam
1032 3154 1125 3227 qui
1170 3153 1409 3210 adhaeret
1453 3152 1749 3217 meretrici,
1794 3165 1955 3206 unum

366 3266 561 3323 corpus
588 3250 850 3307 efﬁcitur?
900 3250 1067 3305 Erunt
1111 3250 1277 3317 enim,
1325 3247 1513 3318 inquit,
1561 3245 1670 3301 duo
1704 3245 1761 3299 in
1794 3258 1956 3301 carne

366 3360 494 3399 una.
524 3343 624 3412 Qui
668 3352 845 3399 autem
888 3343 1125 3397 adhmret
1154 3341 1376 3396 Domino
1394 3381 1408 3406 ,
1437 3354 1574 3395 unus
1603 3338 1823 3409 Spiritus
1848 3346 1952 3394 est.

367 3433 557 3506 Fugite
602 3434 1023 3490 fornicationem.
1065 3432 1238 3489 Omne
1279 3440 1557 3504 peccatum
1585 3430 1956 3501 quodcumque

366 3526 555 3582 fecerit
580 3525 741 3581 homo
771 3536 919 3582 extra
945 3539 1141 3596 corpus
1170 3532 1289 3581 est:
1319 3523 1410 3594 qui
1435 3532 1614 3578 autem
1642 3522 1952 3591 fornicatur,

366 3620 423 3674 in
450 3635 642 3692 corpus
669 3635 825 3676 suum
855 3627 1058 3691 peccat.
1087 3619 1171 3673 An
1199 3615 1418 3673 nescitis
1440 3616 1689 3687 quoniam
1713 3615 1956 3673 membra

366 3722 545 3769 vestra
571 3714 823 3784 templum
859 3720 943 3768 est
966 3710 1197 3781 Spiritus
1220 3710 1421 3776 sancti,
1462 3708 1553 3781 qui
1596 3708 1649 3763 in
1672 3708 1823 3764 vobis
1850 3715 1951 3774 est,

365 3821 527 3877 quem
556 3805 759 3863 habetis
786 3820 817 3860 a
844 3805 988 3872 Deo;
1015 3811 1070 3861 et
1097 3818 1204 3859 non
1228 3803 1357 3860 estis
1379 3801 1575 3858 vestri?
1603 3801 1783 3873 Empti
1812 3801 1955 3857 enim

365 3897 497 3953 estis
523 3897 691 3968 pretio
718 3912 948 3969 magno:
975 3895 1268 3968 gloriﬁcate
1290 3902 1344 3951 et
1369 3901 1576 3968 portate
1599 3893 1881 3950 Dominum
1899 3894 1953 3950 in

364 4003 593 4060 corpore
618 4000 817 4047 vestro.

442 4078 584 4154 [vnn]
613 4082 689 4137 De
713 4081 903 4153 quibus
930 4089 1106 4137 autem
1139 4079 1427 4151 scripsistis
1452 4078 1605 4146 mihi,
1646 4077 1845 4135 bonum
1868 4085 1955 4134 est

368 4169 573 4227 homini
590 4174 867 4229 mulierem
889 4188 997 4229 non
1018 4180 1263 4242 tangere:
1282 4178 1498 4241 propter
1518 4169 1919 4226 fornicationem
1932 4170 1950 4203 ⁸

364 4276 543 4322 autem
565 4268 925 4339 unusquisque
951 4281 1104 4321 suam
1135 4278 1355 4320 uxorem
1382 4262 1594 4329 habeat,
1625 4271 1679 4319 et
1704 4279 1955 4334 unaquae-

364 4375 471 4429 qnc
513 4374 665 4415 suum
702 4360 875 4414 virum
908 4358 1119 4414 habeat.
1151 4356 1315 4413 Uxori
1345 4356 1425 4411 vir
1462 4355 1699 4411 debitum
1729 4355 1950 4423 reddat;

364 4450 613 4506 similiter
648 4462 824 4506 autem
851 4458 906 4507 et
929 4465 1064 4506 uxor
1086 4451 1221 4504 viro.
1252 4448 1453 4503 Mulier
1470 4448 1552 4503 sui
1577 4448 1817 4519 corporis
1858 4462 1955 4518 po-

365 4550 613 4598 testatem
656 4559 762 4599 non
792 4542 989 4607 habet,
1020 4542 1115 4599 sed
1158 4541 1259 4597 vir.
1297 4540 1551 4597 Similiter
1578 4549 1757 4596 autem
1786 4547 1840 4595 et
1869 4539 1954 4594 vir

365 4636 449 4690 sui
478 4637 717 4707 corporis
744 4643 1058 4708 potestatem
1085 4649 1191 4690 non
1218 4633 1399 4699 habet,
1426 4631 1523 4688 sed
1547 4632 1755 4688 mulier.
1778 4630 1952 4688 Nolite

366 4728 613 4786 fraudare
637 4731 861 4787 invicem
888 4770 903 4797 ,
935 4729 1037 4784 nisi
1064 4730 1199 4783 forte
1227 4742 1292 4783 ex
1322 4740 1588 4781 consensu
1611 4724 1679 4780 ad
1704 4735 1913 4795 temnis
1932 4765 1948 4792 ,

365 4832 424 4878 ut
446 4825 643 4880 vacetis
671 4823 929 4890 orationi;
957 4831 1012 4878 et
1046 4822 1241 4877 iterum
1264 4819 1590 4877 revertimini
1615 4818 1672 4875 in
1696 4817 1950 4889 idipsum,

364 4931 433 4970 ne
452 4924 621 4971 tentet
644 4930 741 4971 vos
763 4925 977 4987 satanas
1003 4922 1218 4985 propter
1236 4912 1668 4968 incontinentiam
1694 4918 1948 4966 vestram.

363 5007 477 5063 lloc
504 5016 682 5063 autem
708 5008 828 5063 dico
852 5005 1141 5063 secundum
1178 5002 1553 5072 indulgentiam
1573 5043 1587 5068 ,
1618 5017 1727 5058 non
1754 5017 1951 5059 secun-

362 5101 489 5155 dum
520 5100 822 5171 imperium.
870 5098 1000 5155 Volo
1045 5105 1223 5153 autem
1273 5111 1459 5153 omnes
1503 5096 1747 5152 homines
1772 5098 1792 5128 '
1830 5111 1952 5152 esse

361 5193 499 5247 sicut
527 5193 788 5263 meipsum
812 5208 826 5245 :
860 5191 955 5247 sed
984 5190 1343 5262 unusquisque
1366 5188 1639 5261 preprium
1662 5187 1824 5246 habet
1847 5188 1949 5244 do-

361 5299 491 5338 num
522 5299 585 5338 ex
618 5284 761 5350 Deo;
793 5283 929 5338 alius
953 5281 1168 5354 quidem
1210 5282 1324 5351 sic,
1358 5282 1492 5337 alius
1527 5295 1657 5336 vero
1690 5281 1787 5337 sic.
1819 5281 1948 5338 Dico

360 5384 544 5432 autem
569 5392 675 5432 non
701 5377 878 5448 nuptis
898 5385 954 5432 et
977 5376 1169 5443 viduis,
1197 5375 1394 5431 bonum
1422 5383 1507 5431 est
1524 5375 1628 5431 illis
1647 5376 1694 5430 si
1720 5374 1801 5430 sic
1826 5390 1945 5430 ma-

358 5478 542 5537 neant,
563 5473 705 5527 sicut
723 5480 777 5527 et
801 5485 921 5543 ego.
942 5468 1095 5540 Quod
1118 5469 1165 5523 si
1183 5483 1292 5526 non
1314 5482 1375 5526 se
1400 5468 1693 5539 continent,
1721 5467 1943 5523 nubant.

357 5563 550 5620 Melius
588 5573 670 5620 est
713 5564 857 5621 enim
891 5562 1126 5629 nubere,
1171 5576 1329 5632 quam
1375 5560 1479 5617 uri.
1518 5560 1613 5616 His
1647 5568 1826 5615 autem
1854 5558 1947 5630 qui

358 5656 699 5713 matrimonio
721 5655 893 5727 juncti
915 5663 1059 5721 sunt,
1091 5652 1361 5725 praecipio,
1393 5667 1500 5709 non
1526 5666 1626 5723 ego
1647 5691 1665 5720 ,
1708 5650 1803 5707 sed
1833 5649 1942 5707 Do-

420 5814 440 5885 ξ
466 5814 645 5885 Regi“?
663 5812 840 5885 οοᾴθῖν
1458 5812 1597 5885 ῘΨηδ
1619 5821 1847 5885 WE“:

419 5878 441 5908 ³
464 5870 707 5940 sic'euam
729 5876 779 5924 in
795 5870 1020 5940 antiquis
1037 5870 1176 5940 _Cb_rb.
1201 5874 1379 5938 Bibliis,
1397 5870 1538 5940 juita
1557 5870 1706 5938 graec.
1736 5878 1794 5923 At
1829 5870 1941 5926 vul-

334 5948 469 6019 gata
488 5951 623 5992 nunc
637 5935 761 5998 loco,
786 5935 1015 5999 homines,
1036 5937 1183 5987 habet
1222 5946 1332 5995 pos.
1365 5935 1373 5938 ⁷
1397 5935 1413 5940 ⁷
1562 5935 1584 5938 “
1665 6001 1669 6005 ,
1810 6004 1815 6019 Β
1844 6002 1847 6003 ν
1921 5959 1935 5981 Α.

575 6020 827 6113 βλακιτὲ
861 6019 1144 6101 Ancum.
1174 6020 1286 6088 III.

1614 446 1704 503 DE
1743 443 2123 506 SCRIPTURA
2161 445 2403 503 SACRA.
2461 464 2473 474 ·

2054 563 2252 632 minus,
2278 576 2500 619 uxorem
2524 577 2556 619 a
2580 561 2694 621 viro
2721 577 2832 620 non
2854 561 3170 622 discedere:
3196 565 3337 637 quod
3364 566 3411 623 si
3439 564 3642 625 disces-

2056 654 2202 724 serit,
2230 670 2450 713 manere
2476 655 2751 727 innuptam
2768 697 2784 724 ,
2811 665 2903 713 aut
2923 657 3041 714 viro
3065 673 3163 715 suo
3194 660 3543 716 reconciliari.
3570 662 3641 719 Et

2055 750 2138 804 vir
2165 765 2386 807 uxorem
2416 765 2523 807 non
2563 750 2813 807 dimittat.
2840 750 2975 807 Nam
3002 752 3211 809 caeteris
3234 768 3335 827 ego
3356 752 3501 822 dico,
3528 767 3640 812 non

2057 844 2314 900 Dominus
2333 886 2349 914 ,
2390 844 2437 900 si
2461 844 2581 915 quis
2604 845 2767 901 frater
2789 860 3010 901 uxorem
3052 844 3215 902 habet
3241 845 3509 903 infidelem
3531 887 3549 915 ,
3579 853 3640 905 et

2057 935 2172 991 huic
2198 937 2465 995 consentit
2499 937 2740 993 habitare
2762 953 2887 994 cum
2912 938 3005 994 illo
3022 979 3037 1005 ,
3066 954 3175 995 non
3198 938 3429 995 dimittat
3465 939 3635 995 illam.

2055 1029 2123 1084 Et
2144 1029 2189 1084 si
2215 1044 2317 1101 qua
2342 1029 2535 1085 mulier
2556 1030 2574 1062 ¹
2604 1029 2764 1086 habet
2783 1030 2959 1086 virum
2987 1030 3255 1088 inﬁdelem
3274 1071 3290 1098 ,
3314 1038 3371 1088 et
3393 1030 3480 1087 hic
3506 1046 3640 1088 con-

2055 1121 2220 1177 sentit
2243 1120 2482 1177 habitare
2504 1137 2625 1176 cum
2649 1122 2762 1190 illa,
2782 1137 2892 1178 non
2915 1121 3145 1177 dimittat
3169 1123 3359 1179 virum.
3387 1122 3637 1180 Sanctiﬁ-

2055 1221 2206 1268 catus
2232 1222 2315 1269 est
2336 1214 2478 1269 enim
2506 1214 2588 1271 vir
2625 1214 2853 1270 inﬁdelis
2879 1214 2934 1269 in
2971 1216 3195 1272 muliere
3223 1214 3401 1281 ﬁdeli;
3428 1224 3485 1271 et
3507 1230 3637 1271 san-

2054 1304 2281 1360 ctiﬁcata
2300 1314 2382 1361 est
2403 1305 2593 1361 mulier
2618 1305 2845 1361 inﬁdelis
2869 1306 2924 1361 in
2946 1306 3059 1363 viro
3077 1307 3241 1363 fideli.
3267 1308 3518 1379 Alioquin
3543 1307 3639 1364 ﬁlii

2053 1398 2217 1452 vestri
2240 1398 2496 1454 immundi
2519 1409 2699 1455 essent
2726 1419 2740 1454 :
2767 1415 2908 1455 nunc
2924 1409 3103 1456 autem
3127 1402 3295 1457 sancti
3317 1410 3461 1458 sunt.
3483 1400 3639 1470 Quod

2055 1488 2100 1542 si
2126 1488 2356 1545 inﬁdelis
2383 1489 2628 1559 discedit,
2659 1490 2917 1548 discedat.
2944 1491 3060 1548 Non
3100 1502 3185 1549 est
3214 1494 3359 1550 enim
3395 1495 3640 1552 servituti

2055 1578 2326 1649 subjectus
2354 1578 2518 1636 frater
2544 1590 2635 1636 aut
2657 1595 2811 1637 soror
2830 1582 2882 1637 in
2907 1582 3204 1654 ejusmodi:
3229 1584 3284 1640 in
3310 1600 3440 1656 pace
3456 1595 3640 1643 autem

2055 1672 2262 1726 vocavit
2289 1686 2388 1727 nos
2418 1673 2578 1728 Deus.
2610 1672 2759 1730 Unde
2785 1675 2927 1730 enim
2955 1675 3091 1744 scis,
3120 1676 3347 1746 mulier,
3375 1677 3422 1733 si
3464 1678 3640 1735 virum

2053 1761 2258 1818 salvum
2286 1762 2483 1820 facies?
2510 1775 2602 1820 aut
2626 1766 2767 1821 unde
2789 1768 2915 1836 scis,
2936 1768 3034 1835 vir,
3066 1767 3114 1824 si
3137 1770 3417 1827 mulierem
3436 1772 3641 1828 salvam

2054 1850 2251 1909 facies?
2280 1854 2381 1909 nisi
2411 1855 2694 1927 unicuique
2723 1856 2864 1913 sicut
2891 1857 3077 1915 divisit
3118 1859 3394 1917 Dominus.
3435 1860 3642 1919 Unum-

2054 1960 2319 2018 quemque
2359 1948 2498 2003 sicut
2542 1950 2752 2005 vocavit
2793 1949 2933 2006 Deus
2970 1950 3044 2006 ita
3090 1952 3353 2019 ambulet;
3402 1953 3539 2010 sicut
3584 1955 3642 2010 in

2054 2039 2301 2094 omnibus
2326 2038 2582 2095 Ecclesiis
2607 2039 2796 2097 doceo.
2825 2040 3182 2099 Circumcisus
3207 2044 3398 2115 aliquis
3422 2054 3642 2102 vocatus

2054 2130 2169 2185 est?
2192 2145 2299 2186 non
2326 2130 2554 2189 adducat
2581 2134 2918 2204 praeputium.
2954 2134 3012 2189 In
3040 2136 3301 2206 praeputio
3326 2136 3520 2208 aliquis
3547 2153 3645 2195 vo-

2053 2231 2204 2280 catus
2228 2223 2349 2281 est?
2382 2240 2490 2279 non
2528 2225 2955 2282 circnmcidatur.
2985 2224 3329 2285 Circumcisio
3357 2229 3493 2285 nihil
3517 2238 3602 2287 est
3621 2271 3643 2300 ,

2055 2327 2110 2374 et
2134 2318 2447 2389 praeputium
2490 2319 2621 2375 nihil
2649 2329 2733 2376 est
2764 2338 2778 2376 :
2807 2321 2902 2377 sed
2938 2320 3239 2378 observatio
3270 2322 3647 2393 mandatorum

2056 2411 2171 2467 Dei.
2201 2410 2572 2484 Unusquisque
2600 2414 2653 2469 in
2684 2430 2789 2485 qua
2811 2416 3089 2471 vocatione
3113 2424 3331 2472 vocatus
3354 2425 3471 2486 est,
3498 2418 3552 2473 in
3577 2433 3648 2475 ea

2055 2512 2383 2572 permaneat.
2414 2503 2611 2561 Servus
2632 2514 2853 2562 vocatus
2873 2506 2967 2562 es?
2994 2522 3101 2563 non
3121 2508 3193 2563 sit
3214 2507 3315 2563 sibi
3338 2524 3483 2565 curae
3506 2526 3522 2565 :
3546 2506 3647 2567 sed

2054 2603 2110 2650 et
2133 2596 2177 2650 si
2204 2604 2356 2666 potes
2375 2597 2511 2652 liber
2530 2597 2670 2665 ﬁeri,
2688 2598 2855 2669 magis
2870 2608 3041 2656 utere.
3060 2600 3163 2667 Qui
3183 2602 3325 2657 enim
3346 2602 3402 2658 in
3415 2602 3645 2660 Domino

2056 2696 2276 2744 vocatus
2302 2696 2387 2745 est
2412 2704 2621 2758 servus,
2642 2691 2863 2749 libertus
2884 2702 2968 2749 est
3000 2694 3209 2750 Domini
3236 2713 3251 2749 :
3282 2696 3530 2753 similiter
3551 2696 3644 2767 qui

2057 2778 2192 2835 liber
2205 2788 2424 2836 vocatus
2443 2790 2544 2850 est,
2568 2796 2753 2839 servus
2773 2790 2856 2839 est
2871 2784 3087 2841 Christi.
3106 2786 3283 2843 Pretio
3296 2789 3461 2859 empti
3482 2789 3644 2857 estis;

2057 2870 2222 2927 nolite
2237 2871 2351 2926 ﬁeri
2367 2872 2818 2942 servilliominum.
2834 2874 3207 2949 Unusquisque
3225 2880 3279 2935 in
3300 2894 3407 2951 quo
3426 2890 3648 2939 vocatus

2056 2963 2381 3031 est,frater’,
2396 2965 2450 3019 in
2467 2964 2569 3021 hoc
2583 2976 2891 3037 permaneat
2904 2969 3046 3040 apud
3060 2970 3249 3028 Deum.
3265 2972 3340 3027 De
3354 2972 3648 3044 virginibus

2058 3066 2233 3113 autem
2286 3068 2611 3129 praiceptnm
2665 3060 2877 3116 Domini
2930 3076 3038 3118 non
3094 3062 3299 3133 habeo;
3360 3066 3647 3123 consilium

2058 3162 2235 3210 autem
2293 3154 2394 3224 do,
2463 3164 2712 3226 tanquam
2769 3157 3188 3214 misericordiam
3239 3170 3560 3219 consecutus
3611 3177 3648 3219 a

2060 3246 2321 3316 Domino,
2371 3256 2430 3303 ut
2468 3248 2570 3304 sim
2613 3249 2803 3307 ﬁdelis.
2844 3250 3105 3309 Existimo
3139 3268 3268 3325 ergo
3299 3252 3403 3311 hoc
3441 3256 3644 3312 bonum

2058 3353 2178 3393 esse
2227 3346 2444 3409 propter
2485 3339 2769 3397 instantem
2809 3344 3182 3399 necessitatem
3203 3385 3220 3413 ,
3260 3346 3511 3416 quoniam
3539 3346 3644 3401 bo-

2059 3447 2185 3487 num
2231 3439 2316 3487 est
2359 3431 2562 3488 homini
2608 3433 2687 3489 sic
2727 3448 2869 3489 esse.
2912 3435 3170 3507 Alligatus
3212 3442 3281 3493 es'
3314 3438 3644 3494 uxori?noli

2058 3537 2301 3595 quierere
2325 3523 2667 3580 solutionem.
2694 3523 2913 3584 Solutus
2935 3541 2995 3581 es
3030 3526 3100 3583 ab
3130 3528 3333 3585 uxore?
3359 3529 3470 3585 noli
3494 3544 3646 3599 quae-

2058 3630 2180 3672 rere
2216 3631 2460 3673 uxorem.
2497 3616 2554 3672 Si
2584 3626 2764 3673 autem
2791 3620 3061 3688 acceperis
3090 3635 3309 3676 uxorem
3330 3660 3345 3686 ,
3375 3636 3483 3677 non
3517 3636 3647 3691 pec-

2057 3708 2191 3763 casti
2227 3726 2242 3764 :
2282 3715 2338 3764 et
2377 3708 2425 3763 si
2470 3709 2713 3779 nupserit
2751 3709 2901 3780 virgo
2923 3751 2938 3777 ,
2970 3725 3077 3766 non
3104 3711 3377 3781 peccavit;
3417 3711 3647 3768 tribula-

2058 3798 2255 3855 tionem
2284 3807 2458 3855 tamen
2480 3799 2656 3855 carnis
2682 3798 2952 3855 habebunt
2980 3799 3302 3870 hujusmodi.
3324 3800 3441 3873 Ego
3463 3808 3645 3857 autem

2054 3891 2208 3948 vobis
2230 3907 2412 3963 parco.
2442 3892 2556 3949 Hoc
2592 3893 2769 3964 itaque
2804 3892 2955 3963 dico,
3000 3894 3227 3951 fratres:
3252 3904 3461 3968 tempus
3482 3895 3647 3953 breve

2057 3992 2168 4051 est;
2219 3984 2485 4055 reliquum
2540 3994 2644 4054 est,
2691 3994 2748 4042 ut
2794 3995 2848 4043 et
2886 3987 2979 4058 qui
3018 3987 3218 4044 habent
3262 4004 3476 4057 uxores,
3528 3999 3649 4046 tan-

2056 4091 2217 4147 quam
2245 4091 2353 4132 non
2382 4075 2641 4134 habentes
2669 4078 2803 4144 sint;
2837 4085 2894 4135 et
2918 4079 3010 4151 qui
3048 4077 3179 4137 ﬂent
3200 4122 3218 4149 ,
3253 4091 3503 4154 tanquam
3533 4099 3645 4143 non

2057 4168 2278 4236 ﬂentes;
2306 4177 2360 4225 et
2384 4168 2474 4241 qui
2502 4169 2749 4241 gaudent,
2779 4178 3030 4242 tanquam
3057 4188 3165 4228 non
3192 4174 3486 4243 gaudentes
3508 4174 3564 4242 ⁸;
3589 4186 3648 4231 et

2057 4260 2146 4331 qui
2166 4269 2385 4315 utuntur
2401 4260 2503 4315 hoc
2522 4260 2742 4325 mundo,
2757 4271 3004 4332 tanquam
3021 4278 3128 4318 non
3146 4271 3378 4318 utantur.
3398 4264 3645 4320 Praeterit

2055 4354 2198 4408 enim
2216 4352 2380 4424 ﬁgura
2402 4352 2558 4424 hujus
2572 4351 2777 4408 mundi.
2801 4352 2931 4409 Volo
2940 4363 3121 4410 autem
3142 4369 3239 4410 vos
3253 4355 3369 4411 sine
3385 4355 3647 4411 sollicitu-

2055 4446 2180 4503 dine
2194 4462 2333 4503 esse.
2354 4446 2454 4513 Qui
2474 4447 2591 4503 sine
2612 4461 2779 4502 uxore
2802 4456 2905 4514 est,
2927 4446 3184 4505 sollicitus
3194 4456 3277 4504 est
3292 4463 3413 4520 quae
3428 4449 3645 4507 Domini

2055 4546 2200 4606 sunt,
2220 4537 2486 4609 quomodo
2505 4538 2709 4607 placeat
2733 4526 2863 4592 Deo.
2888 4537 2987 4606 Qui
3011 4546 3190 4595 autem
3209 4555 3331 4596 cum
3354 4556 3517 4597 uxore
3537 4550 3642 4610 est,

2057 4632 2314 4687 sollicitus
2341 4640 2423 4686 est
2447 4646 2565 4701 qua:
2589 4640 2712 4686 sunt
2728 4630 2887 4701 hujus
2910 4631 3116 4701 mundi,
3135 4632 3405 4703 quomodo
3432 4633 3644 4705 placeat

2055 4723 2239 4789 uxori;
2262 4732 2319 4779 et
2336 4722 2537 4778 divisus
2556 4731 2658 4778 est.
2674 4723 2739 4776 Et
2758 4722 2949 4778 mulier
2963 4723 3183 4793 innupta
3206 4733 3261 4780 et
3279 4723 3429 4796 virgo
3443 4725 3645 4797 cogitat

2055 4833 2173 4887 quae
2198 4815 2407 4872 Domini
2434 4823 2578 4881 sunt,
2605 4824 2663 4870 ut
2693 4816 2761 4871 sit
2795 4823 2979 4871 sancta
3014 4824 3069 4872 et
3102 4832 3327 4889 corpore
3349 4826 3403 4875 et
3428 4820 3639 4889 spiritu.

2056 4910 2185 4977 Quae
2208 4917 2386 4963 autem
2406 4918 2569 4978 nupta
2583 4916 2686 4975 est,
2702 4907 2899 4979 cogitat
2916 4924 3036 4980 qua:
3049 4918 3175 4965 sunt
3195 4909 3399 4979 mundi,
3416 4925 3645 4981 quomo-

2056 4998 2125 5055 do
2140 4999 2343 5070 placeat
2362 4997 2495 5054 viro.
2514 4997 2681 5053 Porro
2705 4998 2808 5053 hoc
2832 4992 2899 5054 ad
2918 4998 3197 5055 utilitatem
3227 5008 3459 5056 vestram
3486 5000 3640 5059 dico:

2054 5107 2162 5147 non
2190 5100 2245 5146 ut
2268 5091 2516 5161 laqueum
2542 5090 2693 5146 vobis
2721 5090 2984 5162 injiciam,
3009 5092 3104 5148 sed
3128 5092 3197 5147 ad
3221 5092 3275 5148 id
3302 5094 3446 5164 quod
3470 5094 3642 5151 hone-

2054 5192 2313 5247 stumcst,
2332 5191 2385 5238 et
2404 5182 2543 5253 quod
2557 5182 2859 5239 facultatem
2878 5183 3106 5254 praebeat
3123 5183 3241 5240 sine
3260 5183 3641 5256 impedimento

2054 5276 2339 5332 Dominum
2366 5274 2736 5332 obsecrandi‘.
2768 5274 2826 5333 Si
2865 5276 2984 5347 quis
3010 5288 3191 5335 autem
3231 5286 3441 5351 turpem
3468 5295 3530 5338 se
3554 5281 3639 5336 vi-

2115 5434 2134 5466 ¹
2158 5434 2240 5484 Hic
2280 5432 2333 5482 in
2348 5430 2566 5498 _Vulga_t_a
2605 5430 2812 5493 additur,
2843 5429 3005 5497 ﬁdelis
3040 5443 3061 5485 :
3089 5432 3221 5498 quod
3243 5440 3406 5489 tamen
3434 5436 3646 5490 verbum

2050 5494 2195 5547 abest
2214 5508 2245 5545 a
2262 5493 2400 5559 Corb.
2602 5500 2657 5559 et
2687 5506 2719 5544 a
2738 5492 2917 5559 gm'co.
3106 5492 3123 5498 ’
3643 5524 3651 5543 ι

2113 5559 2134 5589 ²
2157 5567 2208 5607 In
2228 5556 2377 5608 sacris
2398 5555 2573 5619 Bibliis,
2598 5555 2791 5619 fratres.
2824 5618 2833 5619 ί
3224 5560 3240 5597 ε
3646 5602 3652 5610 .

2115 5620 2137 5653 ι
2158 5627 2255 5671 Hoc
2274 5618 2381 5668 loco
2404 5618 2742 5689 desiderantur
2754 5618 2931 5672 isthtec
2948 5619 3121 5685 verba,
3138 5625 3186 5674 α
3216 5620 3303 5689 φά
3330 5629 3511 5689 munt,
3538 5629 3645 5679 ta»-

2050 5694 2195 5747 quam
2216 5694 2312 5732 ηοη
2326 5679 2634 5753 Pomm.
2731 5741 2742 5752 .
3104 5679 3117 5685 ⁷
3178 5742 3183 5747 .
3229 5679 3244 5689 ’
3493 5679 3509 5689 ⁷

2081 5744 2136 5814 ,⁸
2158 5751 2210 5814 tu
2232 5751 2382 5814 “e830.
2406 5741 2601 5814 §Pewh
2638 5741 2824 5814 φάιρθι
2852 5742 3182 5814 observandi;
3204 5748 3335 5814 quod
3358 5750 3564 5802 verbum
3584 5752 3641 5804 in

2048 5803 2481 5880 plerisque'Bib'l'iis
2502 5806 2759 5880 antehsixti
2776 5803 3133 5880 correctionem
3154 5803 3425 5880 habebatur
3447 5826 3463 5864 :
3487 5803 3635 5877 porro

2046 5865 2099 5939 in
2135 5865 2503 5939 corbeiensibus
2539 5865 2736 5939 legitur,
2765 5868 2966 5920 Domino
3007 5870 3322 5939 oliservtmdi;
3361 5865 3625 5939 fortefpro,

2049 5930 2250 5986 Domino
2278 5928 2666 5986 observiendthn
2694 5944 2856 5995 graeco
2872 5940 2968 5995 est,
2995 5933 3093 5983 αιιὰ
3114 5936 3225 5998 pros

2680 6014 3206 6101 (Tremit-deum.)
