4082 6476
478 533 2067 614 δατίοιίιιιωιιιφειὺιίιωωωνψοάιίιωμι-

474 639 683 708 adtita,
710 644 768 696 et
788 634 864 695 ita
882 638 1093 706 oportet
1114 629 1267 696 ﬁeri;
1291 628 1436 701 quod
1455 627 1566 697 vult
1591 625 1751 684 iaciat
1772 642 1789 694 ;
1813 641 1919 683 non
1945 639 2069 695 pee-

476 740 585 798 cat,
604 729 660 787 si
684 727 867 797 nubat.
889 724 1025 783 Nam
1038 722 1133 796 qui
1151 721 1335 779 statuit
1353 721 1409 778 in
1425 718 1590 777 corde
1611 733 1710 776 suo
1735 718 1939 785 ﬁrmus,
1959 733 2069 776 non

472 822 688 891 habens
728 817 1102 878 necauitaEm
1120 852 1137 882 ,
1181 820 1501 886 potestatem
1548 820 1729 875 autem
1766 810 1929 870 habet
1952 826 2066 869 suae

480 906 768 972 veluntatis
787 952 803 980 ,
828 919 883 969 et
910 908 1014 966 hoc
1030 905 1289 980 judicavit
1312 904 1369 964 in
1395 902 1560 964 corde
1587 917 1691 962 suo
1715 918 1933 962 servare
1956 904 2065 960 vir-

468 1010 656 1082 ginem
679 1020 853 1074 suam,
879 1004 1017 1060 bene
1044 1000 1192 1058 facit.
1216 999 1379 1071 igitur
1398 1006 1454 1057 et
1473 996 1561 1070 qui
1582 996 1924 1055 matrimonio
1936 996 2067 1068 jun-

474 1102 554 1174 git
570 1100 831 1173 virginem
840 1111 1017 1165 suam,
1031 1096 1171 1152 bene
1184 1093 1340 1163 facit;
1365 1100 1423 1150 et
1435 1093 1524 1165 qui
1543 1108 1649 1149 non
1661 1092 1855 1164 jungit,
1877 1092 2068 1147 melius

472 1193 620 1250 facit.
647 1191 841 1259 Mulio.
859 1190 1075 1262 alligata
1099 1196 1186 1245 est
1210 1186 1315 1259 legi
1346 1195 1551 1258 quanto
1576 1194 1821 1258 tempore
1844 1186 1927 1241 vir
1949 1185 2066 1256 ejus

470 1287 602 1343 vivit
624 1303 638 1341 :
661 1283 806 1358 quod
824 1284 871 1340 si
890 1281 1171 1339 dormierit
1188 1281 1271 1337 vir
1284 1279 1422 1352 ejus,
1441 1278 1665 1336 liberata
1686 1287 1771 1335 est
1787 1295 1802 1345 ;
1825 1279 1911 1334 cui
1932 1277 2062 1345 vult,

482 1380 669 1447 nubat,
692 1384 903 1433 tantum
924 1375 980 1431 in
1015 1374 1261 1431 nomine.
1302 1371 1515 1427 Beatior
1539 1380 1717 1427 autem
1751 1370 1885 1436 erit,
1912 1372 1957 1426 si
1988 1369 2067 1426 sic

471 1471 849 1545 permanserit,
874 1467 1169 1528 secundum
1194 1478 1377 1523 meum
1397 1464 1699 1521 consilium.
1722 1463 1858 1521 Puto
1884 1470 2065 1520 autem

469 1564 611 1638 quod
638 1573 694 1621 et
715 1578 818 1636 ego
838 1561 1096 1634 Spiritum
1122 1560 1217 1617 Dei
1241 1558 1485 1614 habeam.

543 1653 708 1729 [vnn]
736 1656 814 1710 De
832 1654 899 1710 iis
919 1661 1107 1709 autem
1124 1666 1245 1723 qum
1271 1648 1430 1705 idolis
1453 1648 1838 1714 saeriiicantur,
1865 1648 2063 1706 scimus

471 1750 595 1822 quia
619 1763 806 1804 omnes
833 1746 1114 1804 scientiam
1142 1743 1419 1800 habemus.
1458 1741 1691 1799 Scientia
1719 1739 1870 1797 inﬂat
1895 1758 1909 1795 :
1936 1741 2067 1798 cha-

468 1843 599 1899 ritas
626 1856 765 1897 vero
788 1839 1035 1895 aediﬁcat.
1066 1836 1121 1895 Si
1151 1836 1274 1910 quis
1300 1850 1360 1891 se
1382 1833 1651 1892 existimat
1676 1833 1815 1890 scire
1838 1831 2059 1904 aliquid,

466 1935 702 1992 nondum
728 1935 977 2005 cognovit
998 1929 1448 2004 quemadmedum
1475 1935 1720 2001 oporteat
1745 1942 1870 1985 eum
1897 1928 2058 1984 scire.

464 2027 523 2085 Si
550 2027 669 2099 quis
697 2036 875 2085 autem
904 2025 1074 2095 diligit
1102 2024 1292 2091 Deum,
1321 2021 1410 2077 hic
1428 2019 1671 2093 cognitus
1690 2020 1857 2076 estab
1873 2034 1959 2075 eo.
1983 2018 2061 2075 De

464 2119 606 2175 escis
633 2125 813 2181 autem
837 2131 958 2187 quae
984 2114 1142 2171 idolis
1165 2113 1527 2176 immolantur,
1558 2111 1757 2168 scimus
1776 2111 1900 2182 quia
1925 2110 2060 2165 nihil

466 2220 553 2269 est
577 2210 776 2265 idolum
809 2209 865 2264 in
893 2207 1115 2263 mundo.
1148 2205 1219 2261 Et
1243 2214 1355 2279 post
1391 2204 1658 2278 paululum
1687 2219 1707 2260 :
1735 2203 1843 2260 Sed
1871 2218 1976 2259 non
2006 2204 2060 2259 in

463 2304 713 2361 omnibus
735 2310 820 2359 est
837 2301 1079 2358 scientia.
1103 2299 1329 2369 Quidam
1351 2309 1529 2355 autem
1550 2297 1873 2355 conscientia
1890 2311 2060 2368 usque

464 2412 609 2453 nunc
651 2396 813 2466 idoli,
859 2395 1009 2468 quasi
1056 2393 1413 2465 idolothytum
1453 2391 1806 2458 manducaui;
1839 2400 1894 2447 et
1924 2405 2059 2448 con-

461 2490 687 2546 scientia
715 2489 950 2560 ipsorum
980 2502 1105 2542 cum
1142 2486 1213 2542 sit
1240 2485 1468 2552 inﬁrma,
1496 2484 1773 2556 polluitur.
1804 2483 1940 2539 Esca
1967 2496 2062 2537 au~

462 2591 572 2640 tem
615 2597 714 2637 nos
758 2596 867 2638 nou
909 2578 1250 2637 commendat
1279 2578 1409 2634 Deo.
1453 2575 1640 2648 Neque
1673 2576 1819 2632 enim
1860 2575 1907 2631 si
1951 2588 2060 2631 non

462 2674 984 2742 manducaverimus,
1013 2672 1353 2737 deiciemus;
1386 2683 1562 2741 neque
1585 2670 1632 2725 si
1657 2668 2058 2725 manducaveri-

461 2783 602 2833 ntus,
626 2766 1042 2831 abundabimus.
1063 2764 1261 2821 Videte
1281 2771 1458 2821 autem
1487 2777 1558 2819 ne
1587 2760 1727 2817 forte
1745 2762 1861 2817 haec
1887 2759 2058 2816 licen-

461 2863 535 2918 tia
564 2870 741 2917 vestra
769 2858 1147 2921 oﬁ'endiculum
1184 2860 1276 2913 ttat
1301 2856 1546 2913 inﬁrmis.
1574 2855 1631 2913 Si
1659 2855 1801 2911 enim
1823 2855 1942 2927 quis
1971 2855 2057 2911 vi-

459 2956 600 3013 derit
618 2971 740 3015 eum
762 2955 853 3029 qui
873 2954 1037 3011 habet
1053 2952 1353 3019 scientiam,
1375 2951 1428 3006 in
1444 2949 1607 3008 idolio
1624 2951 2054 3018 recumbentem;

462 3063 643 3103 nonne
667 3046 995 3105 conscientia
1039 3045 1156 3116 ejus
1179 3059 1303 3101 cum
1334 3044 1405 3099 sit
1429 3042 1640 3098 inﬁrma
1659 3083 1674 3110 ,
1708 3040 2059 3098 aediﬁcabitur

462 3139 532 3196 ad
555 3138 989 3196 manducandum
1024 3136 1357 3209 idolothyta?
1387 3136 1454 3191 Et
1496 3134 1689 3206 peribit
1724 3133 1976 3189 inﬁrmus
2001 3134 2057 3189 in

464 3246 551 3293 tua
578 3236 805 3293 scientia
830 3234 1030 3304 linter,
1075 3240 1294 3306 propter
1330 3245 1491 3302 quem
1531 3227 1779 3287 Christus
1812 3238 2059 3284 mortuus

460 3340 563 3389 est.
594 3331 686 3388 Sic
712 3337 899 3386 autem
918 3335 1204 3401 peccantes
1244 3324 1299 3382 in
1325 3324 1552 3393 iratres,
1598 3332 1652 3379 et
1698 3322 2057 3393 percutientes
2106 3396 2109 3398 ἓ

458 3425 843 3484 conscientiam
873 3437 1059 3480 eorum
1100 3420 1385 3487 inﬁrmam,
1416 3420 1467 3474 in
1504 3415 1773 3474 Christum
1800 3417 2053 3487 peccatis.

458 3520 795 3592 Quapropter
831 3517 879 3572 si
918 3528 1044 3573 esca
1077 3513 1401 3570 scandalizat
1440 3512 1656 3567 fratrem
1700 3523 1914 3577 meum,
1948 3523 2056 3565 non

460 3610 794 3668 niandueabe
837 3621 1053 3665 carnem
1096 3606 1151 3661 in
1196 3613 1487 3670 aeternum,
1518 3616 1588 3658 ne
1614 3599 1835 3657 fratrem
1873 3612 2055 3656 meum

458 3701 833 3763 scandalizem.

531 3795 603 3851 Et
626 3805 739 3867 post
759 3808 921 3867 pauca
943 3788 1072 3869 [ιι]
1102 3807 1119 3847 :
1148 3788 1421 3862 Numquid
1464 3802 1573 3844 non
1601 3785 1865 3843 habemus
1897 3793 2053 3858 pote-

461 3899 655 3949 statem
675 3886 1030 3945 manducaudi
1048 3893 1105 3942 et
1121 3882 1376 3940 bibendi?
1395 3880 1653 3953 numquid
1672 3892 1778 3936 non
1794 3878 2055 3936 habemus

460 3991 784 4056 potestatem
823 3993 1066 4037 sororem
1098 3976 1380 4034 mulierem
1414 3972 1885 4043 circumducendi,
1913 3972 2055 4030 sicut

464 4086 521 4134 et
547 4077 727 4135 caeteri
753 4073 995 4146 Apostoli
1018 4115 1032 4139 ,
1052 4082 1111 4128 et
1127 4070 1323 4128 fratres
1350 4068 1585 4137 Domini,
1616 4077 1672 4125 et
1693 4064 1940 4139 Cephas?
1965 4073 2055 4123 aut

465 4174 613 4229 solus
655 4186 755 4244 ego
790 4178 845 4227 et
879 4168 1154 4225 Barnabas
1174 4181 1281 4223 non
1322 4163 1582 4221 habemus
1604 4170 1924 4235 potestatem
1948 4160 2054 4218 hoc

468 4260 778 4338 operandi?
813 4260 944 4330 Quis
971 4259 1162 4317 militat
1200 4257 1310 4315 suis
1336 4254 1612 4328 stipendiis
1633 4253 1906 4326 unquam?
1934 4252 2054 4325 quis

464 4357 917 4439 plantatvineam,
940 4363 997 4411 et
1019 4352 1087 4410 de
1103 4352 1277 4408 fructu
1302 4350 1420 4422 ejus
1445 4364 1555 4406 non
1578 4347 1728 4406 edit?
1746 4348 1865 4422 quis
1884 4347 2054 4420 pascit

461 4466 677 4524 gregem
698 4491 719 4525 ,ν
744 4459 799 4507 et
819 4449 887 4505 de
909 4449 1047 4505 lacte
1078 4446 1258 4521 gregis
1287 4455 1394 4502 non
1422 4443 1741 4500 manducet?
1784 4442 2053 4515 Numquid

461 4542 755 4601 secundum
804 4540 1078 4598 hominem
1125 4539 1241 4595 hzec
1278 4537 1442 4596 dico?
1486 4552 1555 4594 an
1575 4544 1631 4594 et
1660 4535 1770 4594 Lex
1799 4536 1917 4594 hcce
1944 4552 2051 4593 non

461 4636 628 4692 dicit?
652 4634 919 4707 Scriptum
949 4643 1034 4690 est
1054 4633 1197 4689 enim
1220 4632 1271 4687 in
1296 4632 1439 4704 Lege
1462 4628 1650 4704 Moysi,
1674 4629 1789 4687 Non
1813 4630 2053 4703 alligabis

461 4742 526 4785 os
548 4726 671 4785 bovi
696 4726 984 4783 trituranti.
1015 4723 1287 4797 Numquid
1317 4723 1385 4780 de
1433 4723 1605 4781 bobus
1629 4738 1757 4780 cura
1796 4732 1881 4779 est
1903 4722 2054 4780 Deo?

460 4822 543 4878 An
571 4828 790 4893 propter
812 4832 914 4875 nos
937 4816 1043 4874 hoc
1069 4818 1254 4888 utique
1293 4815 1464 4872 dicit?
1506 4817 1641 4874 Nam
1694 4827 1911 4889 propter
1952 4831 2053 4874 nos

459 4915 646 4986 utique
681 4911 880 4983 scripta
914 4920 1039 4967 sunt
1073 4927 1088 4965 :
1131 4908 1381 4981 quoniam
1422 4908 1582 4967 debet
1606 4910 1662 4965 in
1689 4922 1785 4980 spe
1822 4906 1911 4981 qui
1937 4919 2055 4965 arat

459 5021 633 5073 arare,
658 5014 715 5062 et
734 5004 824 5078 qui
850 5005 1060 5060 triturat
1087 5003 1138 5058 in
1160 5015 1257 5073 Spe
1276 5002 1481 5059 fructus
1504 5000 1853 5074 percipiendi.
1875 5000 1932 5059 Si
1952 5014 2053 5059 nos

460 5100 613 5157 vobis
627 5098 918 5173 spiritualia
945 5095 1343 5162 seminavimus,
1370 5110 1620 5168 magnum
1647 5104 1731 5152 est
1756 5094 1801 5152 si
1821 5095 2053 5152 carnalia

461 5202 639 5252 vestra
684 5190 986 5250 metamus?
1029 5188 1087 5247 Si
1121 5188 1210 5245 alii
1239 5189 1520 5261 potestatis
1545 5195 1737 5245 vestra:
1765 5187 2053 5259 participes

460 5300 606 5357 sunt,
637 5301 743 5344 non
772 5284 951 5359 potius
973 5283 1116 5342 nos?
1158 5280 1267 5342 Sed
1296 5297 1404 5339 non
1443 5282 1528 5339 usi
1562 5296 1749 5339 sumus
1771 5281 1873 5339 hac
1896 5290 2053 5354 pote-

463 5390 601 5442 state
623 5398 636 5436 :
659 5380 757 5441 sed
772 5378 950 5437 crucia
973 5376 1301 5447 sustinemss
1325 5389 1396 5434 ne
1409 5374 1552 5449 quod
1568 5374 1947 5437 edendiculum
1961 5375 2054 5433 de-

458 5493 580 5534 mus
606 5473 892 5548 Evangelia
907 5471 1125 5531 Christi.
1151 5470 1382 5529 Nescitis
1403 5470 1657 5543 quispiam
1675 5469 1840 5544 quiin
1869 5484 2055 5527 sacra-

461 5568 545 5639 rio
570 5575 882 5651 operantur,
913 5570 1035 5645 quin
1062 5562 1130 5622 de
1155 5561 1393 5621 sacrario
1433 5569 1593 5631 sunt,
1642 5562 1810 5620 edunt
1840 5579 1856 5618 :
1883 5569 1937 5621 et
1960 5561 2055 5635 qui

460 5695 1333 5836 mmigmﬁiw'm
1354 5696 1728 5836 ῐεειὲῖνφεειῖιάαῗ
1736 5713 2055 5836 ίάθιιρείῶ-ἰ

458 5820 647 5891 nestum
663 5832 749 5889 est,
767 5830 814 5877 et
834 5826 1008 5879 fruente
1028 5824 1145 5891 facit
1158 5820 1740 5891 mirabundian
1757 5820 2052 5880 «(Indiam-

716 5950 847 6001 dicit.
957 5950 983 6010 ⁷,

1697 419 1757 478 8.
1796 409 2167 478 Αυθιιδτιιι
2199 410 2566 478 sulcum

3634 415 3802 485 ηοω

2174 530 2366 590 altario
2404 534 2731 605 deserviunt,
2762 546 2884 592 cum
2911 530 3102 592 altario
3124 521 3519 610 pinumpinum
3539 539 3593 595 ι.
3624 538 3775 598 itaet

2176 624 2435 689 Dominus
2460 627 2728 685 ordinavit
2754 628 2820 685 iis
2835 628 2928 700 qui
2956 626 3305 701 Evangelium
3323 629 3676 701 aunnntiaut,
3700 631 3772 689 de

2175 720 2464 793 Evangelio
2489 723 2689 780 vivere.
2719 722 2834 795 Ego
2858 732 3037 781 autem
3061 723 3209 781 nullo
3237 722 3432 782 horum
3460 739 3591 783 usus
3620 740 3771 784 sum.

2172 814 2291 872 Non
2321 817 2509 889 scripsi
2526 826 2704 874 autem
2732 816 2869 888 haec,
2906 829 2966 875 ut
2991 819 3064 876 ita
3089 819 3220 876 ﬂant
3236 820 3295 878 in
3320 836 3427 879 me.
3449 821 3665 879 Bonum
3688 830 3778 882 est

2175 910 2316 968 enim
2347 911 2477 967 mihi
2502 913 2671 981 magis
2700 912 2872 982 mori,
2905 929 3064 986 quam
3092 923 3151 972 ut
3167 915 3395 988 gloriam
3438 932 3616 975 meam
3646 918 3771 990 quis

2173 1009 2420 1060 evacuet.
2446 1001 2581 1061 Nam
2605 1013 2661 1061 et
2683 1002 2732 1060 si
2757 1006 3215 1077 evangelisavero,
3246 1022 3357 1064 non
3385 1017 3469 1066 est
3486 1008 3620 1065 mihi
3648 1009 3782 1082 glo-

2173 1094 2252 1149 ria
2283 1111 2298 1149 :
2328 1095 2620 1152 necessitas
2644 1096 2791 1153 enim
2834 1091 2966 1153 mihi
3009 1098 3304 1168 incumbit;
3352 1115 3435 1156 vae
3462 1101 3609 1157 enim
3636 1101 3781 1158 mihi

2173 1196 2281 1255 est,
2308 1188 2352 1245 si
2376 1204 2481 1246 non
2510 1190 2973 1262 evangelisuvero.
3025 1192 3081 1250 Si
3107 1192 3251 1249 enim
3286 1194 3471 1251 volens
3496 1195 3599 1252 hoc
3626 1210 3730 1267 ago
3756 1236 3775 1265 ,

2172 1283 2480 1340 mercedem
2498 1284 2684 1342 habeo
2710 1302 2725 1340 :
2754 1286 2798 1342 si
2824 1294 3003 1343 autem
3024 1287 3241 1356 invitus,
3273 1289 3604 1360 dispensatio
3632 1290 3775 1347 mihi

2172 1375 2374 1432 credita
2392 1385 2495 1432 est.
2519 1377 2650 1446 Quae
2669 1388 2753 1435 est
2769 1394 2898 1452 ergo
2921 1395 3131 1439 merces
3152 1381 3308 1438 mea?
3327 1381 3400 1439 Ut
3418 1382 3771 1456 Evangelium

2171 1469 2490 1541 praedicans,
2518 1471 2635 1528 sine
2657 1481 2870 1544 sumptu
2897 1488 3092 1545 ponam
3125 1475 3467 1546 Evangelium
3496 1475 3694 1533 Christi
3717 1478 3769 1550 ⁸,

2169 1573 2230 1621 ιιι
2250 1578 2357 1621 non
2382 1565 2574 1622 abutar
2597 1576 2857 1638 potestate
2880 1582 3000 1625 mea
3030 1569 3083 1624 in
3116 1568 3434 1642 Evangelia.
3481 1570 3614 1628 Nam
3640 1586 3773 1630 cum

2169 1653 2310 1714 liber
2333 1672 2511 1715 essem
2535 1674 2601 1715 ex
2628 1660 2895 1730 omnibus,
2927 1662 3164 1718 omnium
3194 1676 3283 1718 me
3310 1677 3524 1719 servum
3550 1662 3673 1733 feci,
3704 1671 3775 1721 ut

2166 1747 2350 1821 plures
2378 1750 2765 1809 lucrifacerem.
2796 1753 2863 1808 Et
2900 1751 3069 1811 factus
3110 1770 3231 1812 sum
3272 1754 3472 1812 ludatis
3510 1765 3771 1829 tanquam

2167 1839 2387 1917 διιὰωιιε
2405 1884 2421 1905 ,
2449 1850 2509 1898 ιιι
2535 1843 2749 1899 Judzeos
2777 1844 3016 1901 lucrarer
3042 1863 3057 1899 :
3090 1844 3155 1902 iis
3182 1846 3272 1918 qui
3300 1846 3400 1904 sub
3422 1846 3566 1919 Lege
3593 1854 3763 1917 sunt,

2165 1934 2319 2005 quasi
2348 1934 2447 1990 sub
2467 1934 2609 2007 Lege
2636 1950 2833 2004 essem,
2861 1952 2984 1993 cum
3011 1937 3126 2008 ipse
3142 1954 3248 1994 non
3269 1953 3442 1996 essem
3467 1939 3566 1996 sub
3577 1939 3725 2014 Lege
3743 1981 3766 2010 ,

2165 2028 2262 2084 sed
2292 2030 2391 2086 sub
2415 2031 2583 2100 gratia
2604 2029 2649 2100 ⁸,
2681 2040 2737 2086 ιιι
2768 2047 2861 2088 eos
2888 2030 2981 2103 qui
3005 2032 3106 2089 sub
3130 2032 3271 2105 Lege
3299 2043 3452 2089 erant
3472 2033 3766 2091 lucriface-

2164 2138 2281 2179 rem
2315 2141 2329 2177 :
2359 2123 2424 2180 iis
2444 2125 2532 2196 qui
2559 2124 2674 2181 sine
2700 2124 2841 2197 Lege
2866 2134 3020 2182 erant
3045 2135 3296 2198 tanquam
3324 2127 3442 2183 sine
3485 2128 3627 2201 Lege
3665 2142 3764 2186 es-

2164 2229 2302 2282 sem,
2321 2229 2442 2272 cum
2462 2216 2578 2272 sine
2601 2215 2743 2288 Lege
2769 2214 2859 2274 Dei
2882 2231 2989 2274 non
3010 2231 3202 2287 essem,
3228 2220 3323 2275 sed
3344 2218 3397 2276 in
3416 2219 3558 2292 Lege
3581 2234 3765 2279 essem

2163 2304 2386 2375 Christi,
2409 2315 2470 2362 ut
2495 2306 2863 2366 lucrifacerem
2892 2325 2987 2366 eos
3014 2312 3103 2381 qui
3129 2310 3246 2368 sine
3272 2310 3415 2385 Lege
3451 2320 3625 2369 erant.
3657 2311 3765 2369 Fa-

2164 2405 2282 2454 ctus
2297 2413 2413 2455 sum
2431 2398 2660 2457 inﬁrmis
2676 2410 2732 2457 ut
2745 2401 3011 2472 inﬁrmus,
3029 2413 3090 2460 ut
3101 2404 3281 2460 inﬁrm
3292 2418 3353 2462 os
3368 2404 3762 2462 iucrifacerem.

2162 2490 2426 2549 Otunibus
2450 2496 2627 2550 omnia
2652 2494 2824 2554 factus
2844 2512 2985 2566 sum,
3019 2504 3076 2553 ut
3104 2513 3296 2554 omnes
3318 2497 3683 2557 lucriihceretn
3712 2497 3762 2553 ⁵.

2163 2584 2355 2641 Omnia
2380 2594 2559 2642 autem
2588 2587 2727 2646 iacio
2754 2597 2976 2660 propter
2995 2588 3374 2661 Evangelium,
3403 2597 3461 2645 ut
3489 2588 3765 2662 particeps

2162 2676 2281 2747 ejus
2328 2676 2549 2736 ei’iiciar.
2575 2678 2804 2737 Nescitis
2845 2681 2991 2754 quod
3017 2680 3074 2736 hi
3094 2681 3184 2754 qui
3206 2682 3259 2737 in
3294 2681 3467 2739 stadio
3494 2691 3761 2751 currunt,

2164 2784 2353 2827 omnes
2382 2772 2599 2843 quidem
2627 2782 2884 2841 currunt,
2941 2771 3036 2830 sed
3073 2788 3211 2829 unus
3245 2774 3438 2846 accipit
3474 2773 3764 2831 brevium?

2161 2862 2253 2921 Sic
2279 2864 2479 2921 currite
2524 2874 2580 2920 ut
2623 2866 3111 2937 comprehendatis.
3157 2865 3344 2924 Omnis
3371 2875 3550 2924 autem
3580 2867 3763 2939 quiin

2162 2969 2335 3030 agone
2363 2957 2668 3025 contendit,
2719 2959 2787 3015 ab
2815 2959 3064 3016 omnibus
3083 2972 3144 3016 se
3164 2959 3433 3017 abstinet:
3459 2969 3514 3017 et
3532 2959 3611 3016 illi
3636 2959 3765 3033 qui-

2162 3050 2287 3107 dem
2323 3058 2384 3107 ut
2407 3052 2808 3124 corruptibilem
2837 3068 3089 3115 coronam
3114 3052 3407 3126 accipiant,
3452 3068 3552 3110 nos
3575 3060 3762 3112 autem

2158 3142 2547 3215 incorruptam.
2575 3145 2689 3218 Ego
2710 3145 2870 3219 igitur
2887 3145 2964 3202 sic
2992 3161 3172 3213 curro,
3196 3160 3305 3202 non
3323 3146 3478 3219 quasi
3498 3145 3553 3204 in
3574 3145 3760 3205 incer-

2160 3245 2308 3305 tum;
2338 3238 2413 3295 sic
2440 3253 2638 3311 pugno,
2670 3254 2775 3295 non
2801 3239 2950 3311 quasi
2975 3254 3156 3297 aerem
3184 3239 3477 3296 verberans
3502 3256 3518 3296 :
3547 3237 3646 3297 sed
3667 3252 3766 3295 ca-

2160 3330 2298 3401 stigo
2322 3344 2518 3402 corpus
2542 3346 2721 3387 meum
2752 3330 2882 3388 etin
2912 3331 3224 3388 servitutem
3254 3330 3476 3405 redigo,
3517 3347 3588 3391 ne
3614 3330 3762 3391 forte

2160 3435 2280 3478 cum
2309 3422 2427 3479 aliis
2458 3422 2880 3494 praedicaverim,
2912 3422 3029 3494 ipse
3057 3422 3318 3496 reprobus
3346 3423 3574 3483 efﬁciar.

2231 3512 2342 3592 [x.]
2366 3517 2503 3574 Nolo
2522 3519 2665 3574 enim
2690 3533 2788 3576 vos
2816 3519 3067 3591 ignorare
3084 3562 3101 3588 ,
3129 3516 3344 3588 fratres,
3374 3519 3627 3593 quoniam
3653 3533 3760 3593 pa-

2160 3616 2272 3666 tres
2319 3611 2490 3667 nostri
2530 3625 2718 3668 omnes
2758 3611 2859 3669 sub
2889 3609 3029 3668 nube
3062 3609 3297 3667 filerunt.
3336 3610 3405 3667 Et
3431 3619 3761 3685 postpaucos

2158 3717 2330 3759 uersus
2353 3720 2373 3759 :
2391 3701 2500 3760 Sed
2537 3718 2643 3760 non
2671 3705 2725 3760 in
2754 3704 2991 3776 pluribus
3011 3718 3198 3761 eorum
3221 3703 3363 3762 bene
3384 3703 3638 3779 placitum
3664 3710 3756 3762 est

2157 3791 2271 3852 beo
2302 3815 2316 3851 :
2346 3810 2469 3851 nam
2501 3795 2760 3869 prostrati
2786 3796 2991 3851 suntin
3019 3796 3258 3853 deserto.
3300 3795 3429 3854 Haec
3471 3804 3652 3853 autem
3696 3796 3756 3854 in

2158 3887 2326 3961 ﬁgura
2350 3886 2489 3945 facta
2515 3900 2636 3946 sunt
2658 3889 2827 3946 nostri
2848 3930 2865 3959 ,
2888 3899 2953 3947 ut
2981 3906 3088 3948 non
3119 3890 3290 3948 simus
3307 3890 3753 3962 concupiscentcs

2158 3983 2440 4051 malorum,
2462 3983 2603 4040 sicut
2627 3992 2681 4039 et
2703 3984 2778 4038 illi
2807 3984 3215 4056 concupierunt.
3242 3983 3428 4055 Neque
3447 3982 3749 4040 idololatrze

2161 4075 2504 4147 eiiiciamini,
2556 4077 2695 4133 sicut
2738 4077 2952 4150 quidam
2982 4094 3049 4135 ex
3086 4077 3247 4151 ipsis,
3298 4076 3755 4151 quemadmodum

2157 4173 2414 4244 scriptum
2442 4183 2562 4240 est,
2586 4172 2736 4230 Sedit
2760 4172 2988 4246 populus
3010 4171 3334 4229 manducare
3359 4180 3414 4229 et
3439 4170 3628 4229 bibere
3645 4212 3663 4239 ,
3694 4178 3753 4228 et

2157 4260 2508 4322 surrexerunt
2532 4263 2737 4321 ludere.
2764 4262 2946 4336 Neque
2967 4264 3292 4321 iornicemur
3310 4306 3327 4332 ,
3375 4263 3512 4319 sicut
3531 4260 3754 4335 quidam

2157 4369 2221 4413 ex
2250 4357 2381 4426 ipsis
2408 4353 2654 4412 fornicati
2693 4363 2851 4426 sunt,
2888 4365 2943 4413 et
2965 4355 3274 4412 ceciderunt
3315 4370 3419 4412 una
3444 4355 3533 4411 die
3558 4353 3754 4427 viginti

2158 4449 2260 4506 tria
2289 4449 2475 4505 millia.
2501 4448 2685 4521 Neque
2712 4456 2983 4505 tentemns
3008 4448 3280 4505 Christum
3300 4488 3317 4518 ,
3365 4448 3503 4505 sicut
3528 4445 3752 4518 quidam

2157 4558 2342 4600 eorum
2370 4549 2727 4609 tentaverunt,
2754 4550 2809 4598 et
2831 4556 2861 4597 a
2883 4541 3221 4612 serpentibus
3240 4540 3534 4612 perierunt.
3561 4538 3753 4610 Neque

2156 4637 2655 4705 murmuraveritis,
2704 4636 2845 4694 sicut
2892 4635 3106 4709 quidam
3144 4650 3329 4692 eorum
3375 4648 3752 4691 murmurave-

2156 4740 2302 4802 runt,
2329 4740 2383 4788 et
2411 4731 2687 4803 perierunt
2712 4730 2780 4786 ab
2809 4728 3242 4786 exterminatore.
3270 4727 3397 4797 llaec
3422 4735 3605 4783 autem
3625 4741 3754 4783 om-

2155 4824 2242 4882 nia
2269 4825 2325 4880 in
2355 4824 2523 4897 ﬁgura
2549 4822 2925 4895 contingebant
2938 4821 3043 4878 illis
3066 4839 3081 4877 :
3103 4822 3298 4892 scripta
3326 4827 3449 4876 sunt
3472 4826 3653 4875 autem
3680 4816 3756 4876 ad

2156 4908 2550 4991 correptionem
2587 4926 2851 4985 nostram,
2884 4917 2940 4973 in
2973 4931 3109 4987 quos
3137 4915 3269 4971 lines
3298 4912 3616 4970 surculorum
3644 4910 3752 4968 de-

2157 5020 2438 5071 venerunt.
2461 5012 2644 5087 Itaque
2665 5012 2757 5084 qui
2785 5025 2844 5066 se
2873 5009 3143 5066 existimat
3162 5016 3324 5074 stare,
3356 5006 3535 5063 videat
3557 5019 3629 5063 ne
3646 5019 3747 5063 ca-

2155 5106 2266 5164 dat.
2291 5105 2539 5164 Tentatio
2566 5118 2664 5161 vos
2691 5119 2798 5160 non
2822 5100 3208 5176 apprehendat,
3236 5101 3337 5158 nisi
3364 5101 3618 5160 humana.
3646 5097 3747 5160 Pis

2156 5199 2294 5259 delis
2337 5206 2514 5255 autem
2542 5196 2686 5253 Deus
2711 5203 2827 5262 est,
2873 5195 2964 5269 qui
3004 5210 3113 5257 non
3142 5193 3372 5268 patietur
3409 5208 3507 5253 vos
3553 5195 3752 5251 tentari

2155 5305 2316 5367 supra
2345 5290 2399 5347 id
2440 5288 2584 5364 quod
2623 5286 2883 5369 potestis;
2937 5286 3035 5351 sed
3076 5286 3232 5344 faciet
3281 5301 3402 5345 cum
3455 5285 3752 5343 tentaticnc

2191 5441 3757 5524 ,‘Wmmmummnﬁ-

2154 5518 2494 5691 ΕΜ
2526 5586 2726 5642 quoque
2764 5579 2929 5626 exstat
2963 5585 3087 5635 vox,
3131 5567 3313 5631 Christi
3331 5582 3351 5623 :
3374 5583 3473 5623 non
3494 5574 3661 5621 tamen
3699 5569 3754 5621 in

2220 5675 2456 5754 ἴδει-’ἕως
2477 5708 2645 5753 textus
2664 5706 2801 5752 caret
2815 5698 2954 5761 hisce
2975 5698 3159 5760 verbis,
3196 5710 3309 5749 cum
3342 5695 3448 5761 ipse
3471 5706 3572 5761 nat
3597 5707 3757 5761 essay

2154 5764 2244 5819 sub
2266 5761 2806 5840 {egmudsuhgratim

2154 5824 3416 5890 σταιαεαιιεερωιθτοιιιρθηιθφιιθιψυεπαω
3684 5831 3756 5890 οἱ

2206 5953 2482 6020 giganta,
2502 5948 2716 6015 facerent
2733 5948 2908 6019 salvos.
