4082 6464
445 431 579 490 1007

442 561 574 603 nero
592 587 609 614 ,
637 552 764 599 tunc
781 541 1018 598 collectae
1044 536 1194 592 ﬁant.
1223 533 1358 591 Cum
1382 540 1558 588 autem
1584 543 1818 601 praesens
1842 527 2024 594 fuero,

441 651 580 709 quos
606 631 957 707 probaveritis
975 671 990 696 ,
1017 644 1112 700 per
1138 625 1392 697 epistolas
1419 624 1520 680 hos
1551 623 1758 678 mittam
1791 618 2028 691 perferre

442 729 666 801 gratiam
696 734 932 782 vestram
950 722 1005 777 in
1029 719 1345 776 Jerusalem.
1376 716 1528 785 Quod
1555 715 1599 769 si
1624 714 1841 784 dignum
1872 710 2034 766 fuerit

441 830 507 879 ut
547 830 600 877 et
640 835 741 890 ego
778 832 892 873 eam
914 858 929 884 ,
957 829 1168 870 mecum
1195 812 1363 867 ibunt.
1392 809 1615 866 Veniam
1643 815 1820 862 autem
1844 804 1910 861 ad
1935 818 2032 860 vos

442 929 568 972 cum
595 911 956 970 Macedoniam
979 905 1354 979 pertransiero.
1381 902 1514 959 Nam
1532 900 1890 957 Macedoniam
1911 912 2034 968 per-

443 1006 705 1063 transibo.
757 1001 910 1073 Apud
959 1015 1054 1056 vos
1095 1007 1274 1054 autem
1317 997 1536 1051 forsitan
1583 993 1897 1058 remanebo,
1945 988 2031 1045 vel

443 1099 606 1156 etiam
627 1095 874 1152 hiemabo
891 1134 908 1162 ,
929 1103 988 1148 ut
1008 1108 1102 1147 vos
1130 1107 1218 1146 me
1245 1089 1520 1144 deducatis
1542 1100 1876 1158 quocumque
1897 1084 2032 1138 iero.

442 1189 582 1246 Nolo
605 1187 747 1244 enim
776 1201 872 1258 vas
896 1184 1056 1239 modo
1081 1182 1136 1238 in
1167 1181 1392 1236 transitu
1422 1179 1602 1234 videre
1626 1196 1640 1232 :
1669 1191 1828 1248 spero
1852 1183 2028 1230 autem

443 1299 534 1340 me
558 1281 888 1360 aliquantpm
930 1276 1183 1347 temporis
1211 1289 1430 1330 manere
1458 1271 1594 1343 apud
1623 1287 1748 1338 vos,
1778 1271 1821 1324 si
1853 1266 2036 1323 Domi-

443 1391 547 1433 nus
573 1357 892 1445 permissa-it.
933 1369 1266 1444 Permanebo
1305 1375 1482 1422 autem
1530 1363 1730 1434 Ephesi
1773 1375 1942 1431 usque
1970 1357 2037 1412 ad

444 1470 822 1526 Pentecosteu.
849 1463 1055 1522 Ostium
1086 1462 1229 1518 enim
1258 1460 1388 1515 mihi
1413 1468 1655 1529 apertum
1685 1464 1769 1530 est
1787 1466 2036 1524 magnum

443 1572 500 1618 et
525 1561 774 1628 evidens,
805 1566 860 1613 et
886 1554 1176 1612 adversarii
1210 1551 1382 1606 multi.
1427 1551 1484 1606 Si
1511 1558 1690 1603 autem
1715 1544 1921 1600 venerit
1945 1542 2039 1596 Ti—

446 1653 698 1710 motheus
717 1692 734 1720 ,
761 1650 937 1704 videte
960 1657 1018 1703 ut
1041 1647 1158 1702 sine
1184 1645 1375 1699 timore
1409 1642 1479 1696 sit
1512 1639 1654 1710 apud
1682 1653 1798 1693 vos.
1836 1630 1903 1690 Et
1931 1640 2043 1704 post

447 1747 754 1821 paululum:
781 1743 1040 1815 Vigilate,
1081 1746 1219 1794 state
1249 1737 1304 1792 in
1346 1735 1479 1803 ﬁde,
1522 1732 1748 1788 viriliter
1793 1729 1961 1801 agite,
1989 1734 2044 1782 et

449 1837 844 1897 confortamini.
873 1833 1063 1891 Omnia
1089 1839 1264 1886 vestra
1290 1830 1344 1884 in
1375 1827 1635 1883 charitate
1663 1824 1813 1878 ﬁant.

519 1932 611 1988 DE
650 1927 982 1987 EPISTOLA
1021 1925 1066 1981 ll
1099 1926 1159 1980 Β.
1181 1921 1384 1980 PAULI
1417 1922 1508 1977 AD
1545 1914 1970 1976 CORINTHIOS.

521 2023 676 2099 [Cap.
703 2019 769 2096 1.]
806 2019 939 2076 Nam
975 2004 1144 2089 gloria
1170 2023 1353 2071 nostra
1382 2013 1499 2068 haec
1521 2019 1636 2076 est,
1679 2007 2046 2064 testimonium

450 2098 794 2175 conscientia:
820 2121 1021 2168 nostrae
1042 2150 1059 2176 ,
1089 2107 1236 2180 quod
1255 2106 1311 2161 in
1336 2104 1675 2176 simplicitate
1698 2101 1717 2134 ί
1743 2109 1799 2158 et
1821 2098 2048 2156 sinceri-

457 2219 567 2268 tate
594 2209 720 2275 Dei,
747 2215 802 2264 et
823 2221 934 2262 non
952 2204 1008 2260 in
1028 2200 1289 2273 sapientia
1307 2198 1542 2266 carnali,
1571 2195 1667 2253 sed
1687 2195 1742 2250 in
1761 2193 1929 2266 gratia
1951 2190 2049 2247 Dei

453 2302 757 2362 conversati
785 2313 971 2356 sumus
996 2297 1050 2352 in
1077 2293 1297 2350 mundo.

527 2392 600 2450 Et
628 2400 739 2464 post
767 2386 1032 2463 paululum
1059 2383 1207 2460 [11.]:
1253 2382 1310 2438 Si
1339 2381 1459 2453 quis
1500 2388 1677 2435 autem
1716 2373 2053 2433 contristavit

455 2503 548 2545 me
565 2489 587 2520 ²
603 2526 622 2554 ,
654 2500 763 2540 non
787 2498 876 2539 me
903 2479 1266 2544 contristavit;
1297 2473 1393 2531 sed
1414 2489 1479 2530 ex
1503 2482 1652 2543 parte
1669 2514 1686 2541 ,
1708 2480 1768 2527 ut
1796 2486 1901 2526 non
1923 2484 2053 2524 one-

457 2595 576 2637 rem
594 2620 610 2646 ,
639 2591 828 2634 omnes
858 2588 973 2630 vos.
1003 2569 1208 2627 Sufﬁcit
1228 2567 1304 2623 illi
1323 2567 1414 2639 qui
1440 2564 1704 2637 ejusmodi
1728 2571 1844 2630 est,
1868 2560 2053 2632 objur-

459 2673 604 2745 gatio
629 2670 747 2725 haec
767 2682 889 2738 quae
913 2664 974 2720 ﬁt
992 2680 1024 2720 a
1051 2661 1327 2735 pluribus;
1357 2659 1429 2714 ita
1455 2665 1514 2714 ut
1541 2674 1572 2712 e
1598 2654 1869 2713 contrario
1889 2653 2055 2723 magis

459 2743 671 2820 donetis
691 2769 744 2816 et
761 2753 1114 2814 consolemini
1134 2795 1150 2821 ,
1175 2767 1242 2808 ne
1270 2749 1410 2806 forte
1433 2747 1820 2805 abundantiore
1841 2743 2059 2800 tristitia

463 2856 830 2914 absorbeatur.
861 2849 953 2920 qui
977 2845 1238 2919 ejusmodi
1261 2850 1363 2900 est.
1393 2843 1621 2912 Pr0ptcr
1657 2838 1802 2911 quod
1833 2837 2059 2894 obsecro

465 2964 596 3013 vos,
637 2954 698 3001 ut
736 2941 1064 3000 conﬁrmetis
1104 2938 1156 2992 in
1197 2937 1347 2991 illum
1388 2933 1722 2990 charitatem.
1767 2928 1894 2985 Ideo
1917 2928 2062 2984 enim

467 3038 693 3108 scripsi,
722 3044 780 3090 ut
804 3045 1124 3102 cognoscam
1155 3027 1577 3098 experimentum
1605 3030 1844 3079 vestrum
1862 3061 1878 3088 ,
1909 3034 1977 3073 an
2009 3018 2063 3073 in

469 3131 720 3188 omnibus
741 3126 1053 3183 obedientes
1079 3122 1214 3178 sitis.
1242 3118 1340 3175 Cui
1359 3127 1537 3172 autem
1569 3113 1768 3184 aliquid
1789 3111 2060 3179 donastis,

471 3233 528 3280 et
546 3238 666 3294 ego.
689 3219 820 3278 Nam
843 3226 898 3273 et
923 3231 1024 3287 ego
1042 3212 1186 3285 quod
1209 3207 1433 3275 donavi,
1459 3208 1504 3262 si
1523 3205 1653 3278 quid
1681 3203 1872 3273 donavi
1892 3244 1907 3270 ,
1934 3217 2064 3273 pro-

471 3325 595 3388 pter
620 3327 717 3368 vos
744 3311 801 3365 in
832 3321 1061 3379 persona
1093 3302 1321 3365 Christi;
1358 3307 1418 3355 ut
1455 3313 1562 3353 non
1582 3294 2068 3361 circumveniamur

473 3387 505 3462 a
535 3415 756 3462 satana:
785 3415 893 3456 non
917 3399 1060 3455 enim
1088 3395 1394 3467 ignoramus
1418 3389 1767 3461 cogitationes
1786 3387 1923 3458 ejus.

548 3497 618 3552 Et
644 3496 747 3550 alio
776 3493 887 3548 loco
913 3488 1036 3565 [1v.]
1062 3507 1076 3545 :
1118 3487 1244 3544 Ideo
1277 3484 1536 3543 habentes
1559 3481 1700 3537 hanc
1727 3479 2069 3534 administra-

478 3593 680 3648 tionem
701 3587 754 3654 ⁸,
779 3587 928 3657 juxta
955 3583 1098 3654 quod
1125 3576 1545 3636 misericordiam
1573 3573 1842 3630 consecuti
1864 3586 2069 3639 sumus,

478 3701 589 3740 non
609 3681 920 3743 deﬁcimus;
952 3676 1045 3732 sed
1071 3673 1382 3729 abdicamus
1405 3669 1613 3724 occulta
1637 3665 1942 3730 dedecoris,
1963 3658 2074 3718 non

481 3775 816 3832 ambulantes
856 3772 910 3825 in
955 3768 1184 3832 astutia,
1231 3777 1408 3834 neque
1449 3760 1811 3816 adulterantes
1850 3756 2073 3812 verbum

483 3869 614 3933 Dei,
659 3865 751 3922 sed
793 3865 846 3919 in
891 3858 1318 3917 manifestatione
1360 3853 1599 3910 veritatis
1637 3848 2074 3906 commendantes

484 3957 844 4027 nosmetipsos
867 3953 934 4010 ad
953 3967 1166 4013 omnem
1189 3946 1569 4006 conscientiam
1597 3943 1871 3998 hominum
1893 3955 2076 3996 coram

483 4054 617 4108 Deo.
665 4048 733 4104 Et
757 4056 867 4121 post
896 4061 1083 4118 paucos
1114 4059 1284 4099 versus
1318 4057 1338 4097 :
1379 4040 1494 4095 Non
1537 4037 1682 4094 enim
1721 4037 2078 4106 nosmetipsos

484 4141 866 4216 praedicamus,
891 4137 987 4193 sed
1005 4135 1187 4192 Jesum
1214 4133 1482 4190 Christum
1506 4130 1789 4185 Dominum
1813 4135 2074 4195 nostrum,

485 4252 586 4292 nos
612 4242 788 4290 autem
825 4245 1010 4287 servos
1047 4237 1256 4284 vestros
1279 4241 1374 4296 per
1400 4223 1605 4280 lesum.
1653 4220 1722 4276 Et
1749 4220 1902 4291 paulo
1927 4228 2036 4290 post
2059 4234 2079 4275 :

487 4329 758 4386 Habemus
785 4331 962 4380 autem
993 4321 1302 4396 thesaurum
1331 4319 1490 4373 istum
1531 4316 1584 4368 in
1625 4314 1764 4368 vasis
1792 4312 2074 4379 fictilibus,

487 4432 548 4475 ut
567 4417 866 4475 sublimitas
885 4416 955 4469 sit
977 4412 1188 4468 virtutis
1217 4410 1330 4476 Dei,
1346 4418 1520 4464 etnon
1543 4421 1612 4461 ex
1631 4405 1802 4459 nobis.
1834 4404 1888 4458 In
1909 4403 2081 4459 omni-

487 4512 588 4566 bus
628 4507 1024 4564 tribulationem
1076 4503 1343 4574 patimur,
1388 4499 1485 4556 scd
1525 4513 1632 4552 non
1685 4497 2077 4568 angustiamur;

489 4602 814 4673 aporiamur,
841 4598 936 4652 sed
965 4612 1068 4651 non
1106 4593 1473 4658 destituimur;
1518 4589 1943 4660 persecutionem
1983 4603 2081 4658 pa-

493 4697 676 4760 timur,
705 4693 799 4749 sed
834 4707 941 4748 non
977 4690 1396 4760 derelinquimur
1419 4687 1470 4754 ⁸’;
1519 4689 1822 4759 dejicimur,
1854 4683 1948 4740 sed
1974 4698 2080 4739 non

492 4786 776 4860 perimus:
826 4799 1040 4854 semper
1085 4781 1545 4838 mortificationem
1591 4780 1718 4836 Jesu
1761 4778 1817 4832 in
1856 4791 2084 4846 corpore

493 4887 678 4936 nostro
717 4877 1181 4940 circumferentes,
1209 4882 1270 4930 ut
1311 4881 1366 4929 et
1397 4873 1502 4926 vita
1527 4871 1654 4927 Jesu
1690 4871 1742 4925 in
1770 4867 2084 4938 corporibus

493 4971 693 5026 nostris
736 4967 1121 5025 manifestetur.
1158 4965 1382 5035 Semper
1421 4964 1562 5019 enim
1590 4978 1688 5018 nos
1712 4961 1803 5033 qui
1823 4960 2080 5028 vivimus,

559 5102 657 5170 tum
674 5099 973 5170 BlblllSHSiXti
996 5099 1187 5170 v_j_ussu
1206 5096 1498 5170 recognitis,
1521 5102 1651 5170 post,
1662 5093 1722 5169 .in
1748 5091 2081 5170 simplicitate,

493 5162 701 5224 additur,
730 5160 928 5212 cordis:
951 5161 1040 5211 sed
1049 5156 1169 5224 haec
1187 5172 1284 5211 vox
1306 5156 1556 5224 abet-etab
1577 5158 1790 5224 antiquis
1808 5156 1947 5224 (garb.
1983 5163 2036 5207 et
2057 5168 2088 5206 θ

497 5236 677 5288 graeco,
691 5218 893 5288 necnon
919 5223 982 5273 ab
1001 5222 1225 5288 omnibus
1245 5220 1487 5288 codicibus
1507 5221 1652 5288 hujus
1673 5218 1878 5288 speculi.

563 5288 584 5318 ²
605 5282 952 5348 neclocomte,
979 5298 1077 5335 non
1101 5285 1250 5334 estin
1287 5283 1434 5348 Regio
1466 5282 1651 5342 codice,
1676 5294 1788 5348 nec
1807 5282 1856 5348 in
1899 5293 2087 5348 graeco;

497 5345 690 5410 fuitque
717 5342 916 5399 (ternum
937 5342 1240 5410 expunctum?
1255 5357 1286 5394 e
1306 5342 1523 5410 vulgata,
1541 5356 1651 5407 quae
1673 5342 1792 5393 illud
1812 5343 1861 5392 in
1880 5344 2090 5393 vetustis

495 5405 663 5460 Iiblﬁs
680 5411 816 5460 Corb.
841 5417 893 5460 et
920 5411 970 5460 in
992 5405 1098 5459 aliis
1121 5408 1370 5470 plerisque
1385 5405 1608 5470 addebat.

565 5472 587 5504 '
605 5471 800 5537 Vulgata
814 5485 942 5537 nunc
961 5472 1013 5521 in
1028 5466 1188 5537 editis
1205 5466 1432 5537 Ιιαδρηιεβ
1449 5466 1912 5537 umerum
1927 5477 1947 5537 ἐ
1964 5477 2090 5537 βεδε·

499 5525 729 5596 ιθιιηιὶεέἕι
749 5549 896 5596 voce,
914 5533 1055 5596 lianc.
1083 5539 1138 5582 At
1160 5525 1210 5582 in
1231 5531 1446 5596 antiquis
1465 5532 1605 5580 Corb.
1631 5525 1976 5596 Bibl._ferebat,
1998 5525 2089 5596 {ta-

501 5593 662 5648 bentes
684 5607 807 5648 nunc
829 5587 1222 5648 ministrme
1241 5607 1259 5658 ;
1277 5587 1418 5657 juxta
1441 5604 1680 5657 graecum,
1715 5590 1794 5641 tén
1831 5587 2090 5640 diaconian

565 5720 589 5752 δ
612 5722 742 5784 Apud
765 5728 873 5784 ch.
899 5722 1237 5784 interpositum
1257 5719 1338 5784 hic
1352 5716 1512 5784 fuerat
1550 5729 1614 5766 ex
1649 5713 1982 5784 Gemblacensi
2005 5725 2090 5765 oo-

565 5736 589 5752 ’
612 5736 642 5769 Α
663 5736 742 5772 ma
765 5736 873 5778 ων.
899 5736 1237 5784 ωῐθΐροϐιωω
1259 5736 1512 5769 maluerat
1550 5736 1614 5766 ex
1649 5736 1982 5766 uerlmtaccust
2005 5736 2088 5765 υυ-

500 5736 1600 5857 ἀίοςνῖιηηηὲιίαηιαζε,δεέηοηλεοηῑιιῖέάξιηαίξ
1630 5779 1756 5853 quos!
1790 5778 1961 5857 esse
1980 5783 2088 5857 es:

503 5838 681 5905 nostris
700 5845 868 5897 aliisve
893 5838 1183 5896 edi'tionihus
1203 5838 1409 5905 Speculi,
1430 5856 1524 5905 nec
1554 5838 1603 5890 in
1633 5838 1782 5893 sacris
1802 5838 1964 5890 Bibliis
1994 5838 2090 5893 nisi

503 5904 629 5958 forte
645 5909 934 5969 quibusdam
949 5904 1272 5970 interpolatis,
1294 5904 1655 5967 reperiebatur.

1635 415 1692 471 S.
1731 405 2099 471 AUGUSTINI
2135 407 2499 471 SPECULUH

3592 402 3735 464 1001

2139 527 2194 583 in
2236 533 2466 582 mortem
2505 521 2766 578 tradimur
2787 526 3020 592 propter
3062 517 3282 586 Jesum,
3310 522 3372 574 ut
3393 524 3452 573 et
3471 525 3582 573 uta
3603 515 3736 575 Iesu

2139 619 2506 676 manifestetur
2547 617 2602 672 in
2641 631 2804 672 carne
2841 622 3026 670 nostra
3053 611 3288 668 mortali.
3335 611 3479 682 Ergo
3504 625 3654 667 mors
3681 611 3738 666 in

2139 713 2294 768 nobis
2319 721 2591 783 operatur,
2622 708 2728 763 vita
2756 715 2932 763 autem
2959 706 3013 761 in
3039 705 3210 761 vobis.
3257 703 3528 760 Habentes
3553 711 3733 758 autem

2141 803 2389 860 eumdem
2425 801 2672 872 spiritum
2713 798 2865 864 ﬁdei,
2915 798 3052 852 sicut
3077 797 3333 868 scriptum
3363 805 3479 862 est,
3519 793 3738 850 Credidi

2140 905 2361 968 propter
2397 894 2538 964 quod
2569 894 2774 948 locutus
2799 905 2948 956 sum,
2990 896 3046 945 et
3087 904 3183 943 nos
3224 887 3493 944 credimus
3519 895 3740 956 propter

2141 987 2282 1060 quod
2309 995 2364 1042 et
2395 987 2682 1058 loquimur.
2727 983 2795 1038 Et
2823 991 2936 1053 post
2973 999 3061 1036 sea:
3085 995 3298 1036 versus:
3342 980 3569 1050 Propter
3592 977 3738 1049 quod

2141 1095 2247 1134 non
2273 1077 2581 1140 deﬁcimus;
2605 1075 2699 1130 sed
2724 1075 2848 1129 licet
2888 1074 2934 1128 is
2972 1072 3063 1143 qui
3102 1072 3233 1127 foris
3259 1078 3344 1126 est
3367 1071 3528 1126 homo
3552 1079 3742 1124 noster

2142 1177 2533 1240 corrumpatur,
2565 1177 2741 1223 tamen
2768 1167 2813 1221 is
2839 1166 2926 1236 qui
2957 1166 3100 1220 intus
3132 1172 3218 1220 est
3240 1172 3529 1220 renovatur
3552 1162 3622 1218 de
3649 1163 3741 1218 dic

2143 1264 2195 1320 iu
2225 1263 2387 1319 diem.
2417 1263 2472 1318 Μ
2499 1263 2642 1318 enim
2664 1260 2806 1332 quod
2831 1262 2886 1314 in
2915 1259 3167 1330 praesenti
3192 1266 3278 1313 est
3298 1265 3732 1312 momentaneum

2145 1364 2200 1411 et
2223 1355 2340 1409 leve
2367 1353 2724 1408 tribulationis
2747 1359 2946 1407 nostra:
2966 1392 2980 1416 ,
3005 1365 3165 1420 supra
3183 1349 3401 1405 modum
3425 1349 3477 1403 in
3498 1347 3741 1422 sublimi-

2145 1455 2253 1502 tate
2274 1447 2291 1478 ί
2321 1455 2581 1502 aeternum
2603 1444 2788 1517 gloria:
2815 1443 3022 1514 pondus
3055 1452 3308 1512 operatur
3331 1441 3384 1497 in
3409 1441 3564 1497 nobis
3588 1458 3601 1495 :
3631 1457 3744 1498 non

2145 1536 2632 1606 contemplantibus
2659 1535 2816 1590 nobis
2841 1550 2960 1605 quae
2983 1533 3246 1600 videnlur,
3268 1533 3364 1590 sed
3393 1549 3514 1604 qua:
3533 1548 3643 1589 non
3662 1533 3749 1588 vi-

2145 1629 2359 1684 dentur.
2399 1627 2528 1695 Quae
2568 1628 2709 1683 enim
2754 1627 3020 1695 videntur,
3064 1625 3377 1696 temporalia
3416 1635 3542 1681 sunt
3577 1642 3590 1679 :
3621 1639 3747 1696 qua:

2146 1731 2324 1777 autem
2351 1736 2457 1776 non
2490 1721 2759 1788 videntur,
2790 1727 2990 1775 aeterna
3017 1726 3160 1774 sunt.

2219 1813 2289 1869 Et
2315 1822 2428 1885 post
2457 1813 2722 1884 paululum
2747 1810 2872 1885 [v1.]
2898 1830 2913 1867 :
2945 1811 3271 1881 Adjuvantes
3292 1812 3314 1844 ³
3341 1818 3518 1866 autem
3542 1809 3747 1864 adhor-

2150 1915 2346 1975 tamur,
2375 1921 2442 1961 ne
2467 1906 2519 1960 in
2541 1921 2762 1962 vacuum
2783 1903 3007 1974 gratiam
3035 1903 3128 1958 Dei
3149 1901 3437 1972 recipiatis.
3461 1901 3550 1956 Ait
3573 1901 3747 1970 enim,

2149 2000 2416 2070 Tempore
2439 2006 2661 2070 accepto
2686 1997 2932 2054 exaudivi
2959 2005 3012 2052 te
3031 2038 3046 2062 ,
3077 2004 3133 2051 et
3160 1995 3216 2050 in
3235 1993 3321 2050 die
3351 1993 3537 2050 salutis
3561 1991 3744 2062 adjuvi

2151 2101 2224 2150 te.
2253 2093 2394 2149 Ecce
2421 2107 2560 2147 nunc
2582 2102 2791 2161 tempus
2817 2088 3170 2160 acceptabile,
3196 2101 3323 2143 ecce
3347 2101 3490 2141 nunc
3518 2085 3632 2141 dies
3660 2099 3750 2139 sa—

2152 2187 2296 2243 lutis.
2327 2185 2539 2241 Nemini
2566 2184 2756 2240 dantes
2785 2183 2948 2238 ullam
2976 2179 3326 2236 offensionem
3345 2219 3361 2244 ,
3387 2186 3445 2233 ut
3469 2192 3576 2234 non
3601 2177 3749 2232 vitu-

2152 2287 2369 2353 peretur
2391 2279 2744 2334 ministerium
2791 2284 3030 2332 nostrum
3069 2293 3082 2328 :
3115 2272 3212 2330 sed
3239 2272 3294 2327 in
3315 2272 3560 2328 omnibus
3584 2270 3744 2326 exhi-

2154 2374 2374 2430 beamus
2400 2371 2760 2440 nosmetipsos
2781 2369 2919 2425 sicut
2939 2367 3032 2424 Dei
3054 2367 3326 2422 ministros
3344 2407 3362 2434 ,
3393 2365 3449 2420 in
3471 2365 3635 2420 multa
3655 2379 3754 2435 pa-

2157 2468 2373 2536 tientia,
2415 2467 2469 2522 in
2498 2464 2961 2531 tribulationibus,
3007 2462 3061 2516 in
3096 2460 3531 2526 necessitatibus,
3570 2460 3623 2514 in
3648 2474 3755 2513 an-

2156 2560 2373 2631 gustiis,
2404 2557 2459 2613 in
2484 2557 2680 2628 plagis,
2719 2557 2775 2611 in
2813 2553 3156 2620 carceribus,
3197 2553 3252 2607 in
3289 2550 3665 2618 seditionibus,
3696 2550 3756 2604 in

2159 2655 2468 2721 laboribus,
2515 2654 2571 2708 in
2615 2653 2844 2724 vigiliis,
2893 2651 2946 2706 in
2992 2650 3244 2722 jejuniis,
3288 2649 3345 2704 in
3385 2645 3656 2709 castitate,
3699 2641 3758 2696 in

2161 2749 2413 2815 scientia,
2451 2749 2504 2802 in
2547 2746 2982 2818 longanimitate,
3027 2746 3081 2800 in
3131 2743 3425 2810 suavitate,
3465 2741 3520 2795 in
3553 2737 3763 2810 Spiritu

2162 2850 2375 2909 sancto,
2404 2840 2457 2894 in
2483 2838 2742 2896 charitate
2785 2853 2891 2892 non
2932 2837 3052 2892 ﬁcta
3073 2877 3088 2903 ,
3127 2837 3181 2891 in
3206 2834 3372 2890 verbo
3397 2830 3668 2895 veritatis,
3702 2828 3764 2884 ἰι

2163 2934 2358 2989 virtute
2384 2932 2507 2999 Dei;
2537 2947 2634 3002 per
2657 2947 2802 2987 arma
2820 2930 3040 3001 justitia:
3058 2971 3074 2998 ,
3100 2944 3133 2984 a
3161 2927 3362 2984 dextris
3385 2933 3482 2981 et‘a
3503 2921 3762 2988 sinistris,

2167 3041 2263 3095 per
2287 3024 2513 3096 gloriam
2535 3033 2589 3080 et
2616 3023 3002 3095 ignobilitatem
3023 3062 3040 3090 ,
3066 3036 3163 3092 per
3189 3018 3462 3074 infamiam
3485 3027 3540 3072 et
3563 3015 3766 3071 bonam

2167 3116 2395 3184 famam;
2436 3126 2495 3172 ut
2533 3117 2842 3173 scductores
2875 3123 2932 3171 et
2959 3128 3212 3182 veraces,
3235 3113 3372 3169 sicut
3396 3111 3486 3182 qui
3513 3109 3682 3181 ignoti
3707 3115 3766 3164 et

2169 3208 2397 3279 cogniti;
2440 3209 2592 3280 quasi
2631 3207 2959 3274 morientes,
2987 3214 3045 3262 et
3067 3220 3194 3262 ecce
3220 3203 3477 3270 vivimus;
3517 3211 3577 3258 ut
3598 3201 3766 3256 casti-

2169 3302 2279 3374 gati
2304 3310 2358 3357 et
2383 3317 2489 3357 non
2514 3300 2848 3365 mortificati;
2890 3299 3042 3370 quasi
3081 3298 3298 3366 tristes,
3338 3311 3551 3366 semper
3585 3302 3769 3349 autem

2170 3394 2503 3466 gaudentes;
2545 3394 2682 3449 sicut
2717 3401 2970 3464 egentes,
2996 3391 3196 3446 multos
3216 3401 3398 3446 autem
3437 3386 3770 3457 locupletan-

2173 3495 2285 3554 tes;
2324 3496 2573 3557 tanquam
2600 3484 2732 3540 nihil
2756 3484 3048 3549 habentes,
3091 3491 3148 3538 et
3182 3481 3360 3538 omnia
3405 3478 3769 3551 possidentes.

2176 3577 2246 3634 Et
2270 3588 2381 3650 post
2405 3595 2591 3650 paucos
2611 3593 2782 3632 versus
2803 3592 2824 3632 .'
2851 3573 3156 3630 Dilatamini
3174 3581 3229 3630 et
3247 3588 3364 3629 vos.
3392 3571 3564 3626 Nolite
3581 3572 3772 3640 jugum

2176 3671 2370 3726 ducere
2389 3686 2509 3726 cum
2532 3668 2848 3726 inﬁdelibus.
2872 3665 3003 3736 Quae
3028 3667 3170 3722 enim
3198 3664 3528 3736 participatio
3543 3661 3772 3732 justitia:

2177 3780 2297 3820 cum
2325 3762 2637 3834 iniquitate?
2671 3770 2763 3816 aut
2799 3777 2918 3832 qua:
2965 3760 3194 3816 societas
3236 3757 3338 3813 luci
3381 3756 3445 3811 ad
3484 3752 3774 3812 tenebras?

2177 3858 2308 3924 Quae
2335 3865 2515 3913 autem
2544 3856 2826 3912 conventio
2851 3853 3046 3910 Christi
3075 3853 3142 3908 ad
3167 3851 3370 3908 Belial?
3397 3858 3489 3905 aut
3507 3865 3624 3920 quae
3644 3861 3774 3919 pars

2178 3951 2323 4007 ﬁdeli
2353 3965 2476 4005 cum
2504 3948 2741 4004 infideli?
2780 3947 2881 4016 Qui
2910 3955 3088 4002 autem
3123 3957 3418 4001 consensus
3443 3940 3642 4011 templo
3675 3938 3777 3995 Dei

2179 4055 2302 4102 eum
2327 4043 2521 4101 idolis?
2542 4043 2654 4099 Vos
2677 4043 2818 4098 enim
2861 4041 2993 4097 estis
3033 4040 3293 4112 templum
3333 4037 3428 4092 Dei
3464 4035 3601 4100 vivi,
3633 4033 3778 4088 sicut

2179 4139 2309 4194 uicit
2333 4136 2589 4192 Dominus
2615 4154 2629 4190 :
2660 4133 2920 4202 Quoniam
2943 4131 3250 4187 inhabitabo
3277 4129 3330 4184 in
3359 4127 3490 4194 illis,
3520 4135 3574 4181 et
3601 4125 3778 4180 inam-

2181 4231 2377 4287 bulabo
2412 4230 2551 4286 inter
2585 4243 2710 4294 eos,
2737 4235 2792 4282 et
2819 4241 2912 4282 ero
2939 4225 3151 4279 illorum
3196 4223 3339 4277 Deus
3358 4260 3373 4287 ,
3405 4228 3458 4276 et
3486 4216 3587 4288 ipsi
3613 4223 3777 4272 erunt

2183 4321 2314 4378 mihi
2353 4321 2598 4392 populus.
2630 4320 2854 4390 Propter
2882 4316 3022 4388 quod
3046 4316 3188 4372 exite
3228 4314 3295 4369 de
3341 4311 3520 4368 medio
3551 4323 3777 4375 eorum,

2184 4428 2240 4476 et
2264 4417 2612 4489 separamini,
2639 4414 2767 4470 dicit
2793 4412 3048 4468 Dominus
3068 4452 3084 4478 ,
3116 4417 3170 4465 et
3192 4405 3523 4464 immundum
3551 4419 3622 4460 ne
3647 4402 3779 4458 teti-

2184 4511 2400 4584 geritis;
2431 4519 2486 4567 et
2508 4523 2607 4580 ego
2634 4507 2889 4577 recipiam
2917 4520 3014 4560 vos
3031 4544 3048 4571 ,
3077 4510 3134 4558 et
3160 4516 3253 4558 ero
3280 4500 3432 4556 vobis
3452 4499 3504 4553 in
3532 4502 3786 4568 patrem,

2185 4613 2242 4661 et
2269 4619 2368 4660 vos
2405 4601 2550 4658 eritis
2600 4599 2732 4654 mihi
2774 4600 2832 4654 in
2871 4597 3009 4652 ﬁlios
3033 4604 3088 4652 et
3133 4593 3303 4661 ﬁlias,
3335 4592 3464 4648 dicit
3515 4587 3783 4645 Dominus

2187 4695 2547 4767 omnipotens.

2260 4785 2404 4861 [vu.]
2432 4786 2537 4841 Has
2567 4783 2726 4855 igitur
2744 4781 3002 4838 habentes
3025 4779 3427 4852 promissiones,
3451 4774 3781 4840 charissimi,

2188 4878 2506 4936 mundemus
2536 4891 2634 4931 nos
2659 4875 2727 4930 ab
2755 4874 2901 4930 omni
2929 4873 3330 4944 inquinamento
3359 4870 3540 4924 carnis
3574 4877 3629 4923 et
3661 4866 3784 4938 spi-

2189 4973 2354 5039 ritus,
2387 4970 2728 5042 perﬁcientes
2755 4963 3231 5022 sanctiﬁcationem
3276 4961 3329 5016 in
3356 4961 3548 5015 timore
3568 4958 3686 5014 Dei.
3711 4953 3787 5010 Et

2191 5072 2302 5135 post
2331 5061 2596 5133 paululum
2626 5075 2646 5114 :
2671 5057 2930 5124 Quoniam
2957 5063 3013 5112 et
3036 5053 3083 5110 si
3107 5051 3418 5110 contristavi
3440 5065 3537 5105 vos
3567 5049 3622 5104 in
3660 5045 3788 5117 epi—

2193 5154 2356 5220 stola,
2397 5167 2503 5206 non
2529 5166 2612 5205 me
2641 5149 2863 5220 poenitet
2893 5165 2906 5202 :
2937 5155 2992 5204 et
3014 5147 3059 5203 si
3089 5145 3402 5218 paeniteret,
3429 5142 3620 5198 videns
3643 5137 3789 5211 quod

2192 5243 2417 5315 epistola
2447 5243 2536 5298 illa
2567 5242 2668 5298 etsi
2698 5242 2764 5297 ad
2793 5241 2975 5296 horam
2999 5254 3094 5294 vos
3113 5236 3473 5304 contristavit,
3499 5249 3640 5290 nunc
3657 5249 3792 5304 gau-

2194 5337 2324 5404 deo,
2370 5350 2477 5390 non
2516 5335 2636 5405 quia
2678 5333 2979 5388 contristati
3017 5332 3183 5400 estis,
3213 5329 3307 5386 sed
3338 5329 3461 5400 quia
3485 5324 3792 5385 contristati

2193 5431 2324 5486 estis
2343 5428 2409 5484 ad
2437 5426 2826 5500 paenitentiam.
2847 5423 3157 5480 Contristati
3178 5423 3319 5480 enim
3340 5422 3472 5479 estis
3492 5418 3792 5479 secundum

2197 5525 2362 5580 Deum
2385 5565 2400 5592 ,
2433 5534 2490 5576 ut
2521 5523 2575 5576 in
2601 5519 2750 5575 nullo
2773 5518 3154 5574 detrimentum
3188 5514 3463 5586 patiamini
3502 5529 3569 5568 ex
3611 5511 3799 5567 nobis.

2194 5617 2324 5686 Quae
2351 5617 2495 5673 enim
2519 5612 2813 5671 secundum
2843 5613 3011 5668 Deum
3038 5611 3249 5667 tristitia
3274 5617 3390 5678 est,
3409 5606 3789 5680 penitentiam

2259 5775 2279 5808 ί
2305 5774 2483 5838 Regius
2498 5771 2656 5823 codex
2680 5777 2733 5822 et
2751 5768 3253 5838 Corb._l;ihlia,_supra
3272 5765 3472 5838 produnt
3499 5768 3554 5838 tu
3574 5764 3793 5822 sublimi

2197 5842 2341 5890 tatem
2358 5828 2536 5899 {juxta
2557 5845 2791 5899 graecum.
2811 5831 2943 5883 kath’
2961 5828 3219 5896 uperbol'éu
3239 5830 3308 5884 eis
3328 5828 3603 5896 uperboléu.
3807 5863 3811 5871 .

2263 5903 2285 5936 ι
2312 5894 2490 5962 Regius
2508 5894 2685 5961 codex,
2703 5894 3004 5958 adiuvantes;
