4082 6456
487 431 617 488 (Oli

483 544 559 600 tia
586 559 709 602 mea
735 541 1070 614 quotidiana,
1099 539 1396 596 sollicitudo
1425 537 1662 593 omnium
1689 533 2070 591 Ecclesiarum.

487 625 619 705 Quis
645 634 973 701 inﬁrmatur,
1003 643 1058 689 et
1086 647 1184 704 ego
1221 646 1324 687 non
1351 623 1636 686 inﬁrmor?
1664 627 1782 699 quis
1809 624 2079 682 scandali-

481 739 660 796 zatur,
705 737 760 783 et
799 742 898 798 ego
931 741 1036 780 non
1098 723 1269 779 uror?
1303 723 1362 779 Si
1402 721 1619 794 gloriari
1662 728 1909 802 Oportet,
1954 733 2074 790 qua

484 822 810 880 inﬁrmitatis
839 835 970 876 mea:
997 828 1122 874 sunt
1147 817 1435 890 gloriabor.

559 901 628 970 Et
656 922 770 986 post
796 911 1065 984 paululum
1103 908 1246 984 [ne]
1275 926 1289 964 :
1322 909 1574 964 Libenter
1602 907 1763 978 igitur
1805 901 2076 976 gloriabor

486 1005 540 1061 in
590 1002 981 1060 inﬁrmitatibus
1028 1003 1195 1066 meis,
1247 1009 1307 1057 ut
1360 998 1619 1055 inhabitet
1666 999 1721 1051 in
1773 1011 1859 1050 me
1907 995 2074 1051 virtus

485 1098 703 1158 Christi.
751 1099 974 1168 Propter
1013 1096 1155 1169 quod
1199 1096 1384 1167 placeo
1420 1092 1550 1148 mihi
1588 1093 1641 1147 in
1681 1089 2074 1147 inﬁrmitatibus

485 1193 653 1260 meis,
685 1191 740 1247 in
775 1190 1144 1257 contumeliis,
1177 1189 1230 1244 in
1263 1185 1670 1245 necessitatibus
1692 1227 1706 1253 ,
1738 1184 1789 1239 in
1820 1197 2073 1254 persecu-

485 1284 749 1350 tiouibus,
772 1284 825 1339 in
853 1283 1110 1356 angustiis
1136 1280 1316 1336 multis
1337 1294 1435 1350 pro
1461 1277 1675 1334 Christo
1705 1276 1744 1331 ‘.
1771 1275 1906 1333 Cum
1929 1272 2072 1331 enim

485 1376 764 1443 iniit-mor.
793 1385 916 1432 tunc
968 1383 1157 1446 potens
1193 1389 1331 1428 sum.
1374 1370 1444 1427 Et
1462 1380 1579 1442 post
1617 1369 1815 1442 aliquos
1858 1385 2027 1424 uersus
2051 1384 2074 1425 :

484 1463 626 1523 Ecce
654 1467 808 1522 tertio
849 1474 1060 1538 paratus
1097 1480 1216 1522 sum
1256 1464 1440 1520 venire
1465 1461 1533 1518 ad
1576 1475 1703 1528 vos,
1740 1471 1794 1517 et
1834 1477 1940 1516 non
1979 1475 2074 1516 ero

483 1561 661 1634 gravis
697 1561 870 1618 vobis.
896 1548 1011 1616 Non
1052 1559 1196 1616 enim
1224 1573 1408 1629 quaero
1445 1571 1564 1629 qua:
1589 1565 1767 1613 vestra
1789 1565 1910 1610 sunt
1928 1593 1947 1623 ,
1975 1553 2073 1611 sed

485 1669 599 1710 vos.
633 1653 742 1710 Nec
780 1653 922 1710 enim
963 1653 1162 1709 debent
1187 1651 1282 1706 ﬁlii
1321 1648 1631 1722 parentibus
1671 1645 2070 1716 thesaurizare,

485 1747 580 1805 scd
602 1755 849 1818 parentes
876 1745 1016 1802 ﬁliis.
1041 1745 1155 1818 Ego
1172 1752 1352 1801 autem
1371 1738 1722 1800 libentissime
1745 1738 2071 1811 impendam,

484 1848 541 1898 et
583 1837 1024 1910 superimpeudar
1069 1827 1197 1918 ipse.
1221 1851 1322 1910 pro
1353 1835 1632 1893 animabus
1678 1834 1903 1902 vestris,
1947 1833 2074 1890 licet

486 1922 605 2008 plus
630 1949 725 1990 vos
753 1933 980 2004 diligens
997 1973 1014 1998 ,
1051 1933 1230 1988 minus
1251 1929 1462 2003 diligar.
1493 1927 1562 1985 Et
1585 1935 1698 2000 post
1735 1927 1933 1999 aliquos
1957 1941 2073 1982 uer-

487 2041 576 2083 sus
596 2041 617 2082 :
660 2025 847 2082 Timeo
871 2025 1014 2082 enim
1047 2039 1117 2081 ne
1150 2020 1290 2080 forte
1315 2037 1441 2081 cum
1476 2036 1707 2088 venero,
1753 2037 1859 2077 non
1888 2020 2075 2093 quales

483 2105 610 2175 volo
649 2118 914 2175 inveniam
943 2131 1074 2185 vos,
1111 2127 1167 2173 et
1191 2130 1294 2188 ego
1319 2097 1560 2172 inveniar
1598 2129 1630 2169 a
1673 2113 1830 2170 vobis
1859 2114 2072 2185 qualem

484 2224 594 2266 non
620 2210 816 2266 vultis:
848 2224 918 2267 ne
942 2207 1079 2266 forte
1105 2208 1510 2274 contentiones,
1539 2206 1928 2274 aemulationes,
1957 2206 2074 2262 ani-

483 2301 782 2370 mositates,
811 2300 1202 2368 dissensiones,
1230 2299 1588 2356 detractiones
1605 2341 1624 2368 ,
1651 2299 2070 2368 susurrationes,

484 2383 821 2464 inﬂationes,
852 2393 1142 2450 seditiones
1179 2394 1285 2449 sint
1308 2393 1448 2448 inter
1473 2406 1600 2460 vos;
1631 2407 1697 2448 ne
1727 2392 1916 2447 iterum
1949 2406 2073 2447 cum

483 2501 702 2555 venero,
732 2485 975 2543 humiliet
993 2501 1080 2543 me
1101 2485 1240 2543 Deus
1267 2485 1409 2557 apud
1427 2499 1520 2541 vos
1534 2527 1550 2553 ,
1565 2494 1620 2542 et
1646 2485 1858 2557 lugeam
1877 2485 2074 2542 multos

483 2592 551 2637 ex
567 2579 632 2635 iis
641 2577 733 2652 qui
747 2587 870 2636 ante
886 2588 1257 2651 peccaverunt,
1275 2587 1329 2635 et
1341 2593 1451 2634 non
1463 2587 1686 2650 egerunt
1701 2579 2073 2650 poenitetiam

481 2685 648 2744 super
677 2671 1010 2728 immunditia
1035 2673 1056 2704 ²
1083 2681 1138 2728 et
1161 2670 1488 2742 impudicitia
1512 2686 1670 2743 quam
1699 2681 1996 2742 gesserunt.

557 2762 626 2818 Et
650 2761 755 2819 alio
777 2763 890 2819 loco
917 2761 1080 2837 [sun]
1109 2781 1122 2818 :
1163 2761 1389 2820 Oremus
1411 2772 1588 2819 autem
1620 2763 1787 2819 Deum
1811 2804 1826 2829 ,
1857 2773 1915 2818 ut
1937 2762 2074 2820 nihil

483 2854 612 2910 mali
639 2853 883 2910 faciatis:
930 2870 1035 2911 non
1064 2864 1122 2911 ut
1161 2870 1258 2911 nos
1287 2855 1495 2925 probati
1527 2869 1842 2925 pareamus,
1890 2855 1986 2911 sed
2014 2865 2074 2911 ut

481 2961 582 3004 vos
608 2946 749 3021 quod
769 2947 972 3018 justum
998 2956 1083 3004 est
1107 2946 1312 3002 faciatis
1341 2946 1382 3001 ³.
1414 2943 1484 3001 Et
1512 2954 1622 3017 post
1646 2963 1735 3002 sea:
1759 2963 1929 3002 versus
1950 2962 1970 3002 :
1996 2947 2074 3003 De

483 3049 712 3109 caetero,
746 3039 967 3107 fratres,
994 3039 1256 3111 gaudete,
1284 3039 1599 3111 perﬁcimini
1619 3078 1634 3103 ,
1673 3039 2029 3094 exbortamini
2051 3077 2069 3107 ,

484 3129 717 3202 idipsum
744 3131 944 3201 sapite,
977 3145 1160 3201 pacem
1189 3130 1418 3198 habete;
1448 3139 1504 3186 et
1531 3131 1671 3186 Deus
1694 3130 1998 3186 dilectionis
2017 3139 2074 3187 et

482 3209 632 3293 pacis
659 3223 762 3278 erit
783 3223 1079 3280 vobiscum.

614 3314 703 3369 DE
741 3313 1074 3370 EPISTULA
1118 3313 1180 3370 Β.
1227 3311 1432 3370 PAULI
1468 3313 1561 3369 AD
1597 3312 1936 3370 CALATAS.

551 3406 706 3482 [ϐαρ.
734 3405 799 3482 1.]
857 3407 912 3465 Si
957 3407 1132 3463 adhuc
1181 3406 1484 3463 hominibus
1522 3406 1823 3477 placerem,
1871 3404 2072 3464 Christi

481 3515 669 3558 servus
696 3517 806 3557 non
830 3515 1027 3558 essem.

550 3590 622 3648 Et
649 3602 764 3665 post
789 3592 1102 3662 aliquantum
1122 3589 1222 3665 [v.]
1247 3607 1260 3644 :
1283 3589 1417 3646 Nam
1442 3591 1499 3646 in
1518 3589 1730 3646 Christo
1750 3589 1876 3647 Jesu
1896 3606 2072 3662 neque

480 3685 828 3742 circumcisio
878 3683 1081 3756 aliquid
1125 3681 1307 3752 valet,
1355 3697 1528 3753 neque
1571 3683 1926 3754 prteputium;
1973 3683 2070 3740 sed

479 3776 616 3834 ﬁdes
632 3793 764 3853 .quae
789 3792 885 3848 per
908 3775 1250 3833 dilectionem
1275 3784 1542 3846 operatur.
1568 3773 1638 3830 Et
1657 3777 1760 3831 alio
1786 3775 1934 3831 loco:
1959 3776 2070 3833 Vos

481 3877 659 3926 autem
694 3871 751 3926 in
785 3870 1083 3926 libertatem
1126 3870 1298 3925 vocati
1337 3869 1466 3925 estis
1495 3867 1519 3901 ’⁵
1540 3910 1558 3937 ,
1590 3868 1820 3926 fratres:
1865 3878 2066 3926 tantum

480 3977 552 4020 ne
590 3963 890 4019 libertatem
930 3964 983 4018 in
1028 3963 1363 4018 occasionem
1405 3961 1582 4018 carnis
1625 3961 1795 4030 detis,
1842 3962 1937 4020 sed
1971 3977 2070 4033 per

480 4054 794 4111 cbaritatem
814 4054 1030 4126 spiritus
1051 4054 1246 4110 servile
1267 4054 1492 4110 invicem
1520 4053 1562 4107 ⁸.
1589 4054 1775 4109 Omnis
1794 4053 1936 4109 enim
1959 4055 2068 4110 Lex

477 4147 538 4205 in
566 4164 673 4204 uno
709 4163 958 4206 sermone
999 4149 1290 4219 impletur:
1335 4149 1530 4220 Diliges
1571 4150 1871 4219 proximum
1919 4158 2068 4205 tuum

477 4240 619 4298 sicut
642 4241 890 4314 teipsum.
914 4239 1068 4310 Quod
1095 4241 1142 4296 si
1171 4240 1397 4295 invicem
1418 4239 1675 4295 mordetis
1692 4248 1746 4294 et
1765 4240 2066 4308 comeditis,

476 4335 656 4392 videte
699 4350 768 4392 ne
802 4335 870 4392 ab
898 4333 1126 4390 invicem
1167 4332 1578 4389 consumamini.
1622 4333 1750 4388 Dico
1795 4343 1972 4390 autem
2003 4335 2063 4391 σε

475 4429 680 4500 Spiritu
707 4429 978 4486 ambulate
995 4469 1013 4498 ,
1043 4436 1099 4485 et
1134 4427 1398 4485 desideria
1422 4427 1602 4484 carnis
1625 4444 1729 4485 non
1756 4431 2064 4501 perﬁcietis.

475 4520 617 4580 Caro
653 4521 797 4578 enim
845 4520 1172 4592 concupiscit
1213 4521 1470 4577 adversus
1514 4521 1760 4591 spiritum
1784 4564 1800 4588 ,
1848 4522 2069 4595 spiritus

476 4623 659 4672 autem
693 4614 948 4669 adversus
971 4627 1208 4669 carnem.
1252 4612 1378 4669 Haec
1400 4613 1541 4668 enim
1569 4613 1670 4669 sibi
1700 4614 1933 4671 invicem
1967 4617 2067 4673 ad-

473 4716 792 4774 versentur,
830 4714 890 4763 ut
933 4719 1037 4760 non
1074 4720 1426 4779 quaecumque
1475 4705 1672 4774 vultis,
1704 4706 1791 4763 illa
1837 4706 2063 4766 faciatis.

476 4798 632 4870 Quod
657 4799 702 4854 si
730 4796 920 4869 spiritu
942 4796 1197 4852 ducimini
1214 4837 1229 4863 ,
1260 4811 1368 4852 non
1401 4797 1533 4854 estis
1573 4796 1674 4853 sub
1702 4797 1862 4868 Lege.
1895 4798 2066 4854 Mani-

474 4891 615 4950 teste
642 4899 821 4947 autem
859 4897 984 4946 sunt
1010 4903 1171 4960 opera
1193 4890 1387 4956 carnis,
1423 4905 1540 4961 quae
1566 4897 1722 4956 sunt,
1748 4887 2029 4947 fornicatio
2046 4931 2064 4961 ,

475 4985 816 5044 immunditia
842 4985 864 5018 '
881 5027 897 5052 ,
927 4984 1157 5052 luxuria,
1186 4983 1450 5040 idolorum
1475 4984 1708 5041 servitus
1727 5023 1743 5052 ,
1770 4983 2027 5041 veneﬁcia
2047 5025 2063 5053 ,

539 5173 558 5238 ἶ
590 5178 726 5238 3!“
927 5181 1032 5238 9οη
1049 5169 1247 5232 addam»

539 5235 562 5267 ³
584 5233 668 5296 me
688 5246 822 5284 sacra
838 5228 1342 5296 'Bﬁiliainterpouunt,
1358 5237 1405 5283 et
1425 5228 1757 5296 fornicatione.

537 5292 801 5429 τιΑέὥῖ
1767 5356 1901 5420 editi,
1928 5357 1980 5409 in
2003 5358 2064 5411 ιὶ-

476 5422 675 5473 bertate.
706 5427 756 5471 tn
969 5418 1064 5488 est,
1086 5418 1470 5488 ep’eleutheria.

538 5488 558 5549 εξ
585 5491 704 5549 Vox,
739 5480 1168 5549 sﬁiritus,_abtst'a
1195 5483 1404 5549 vetustis
1424 5481 1567 5549 Corb.
1586 5480 1747 5549 Bibliis
1769 5489 1821 5533 et
1842 5489 2066 5549 sorteet).

539 5547 560 5578 ο
587 5547 703 5596 mliti
727 5543 863 5610 post,
902 5544 1024 5598 Dico
1038 5544 1435 5610 autem,,addunt,
1447 5543 1499 5596 in
1511 5543 1699 5597 Christo
1725 5545 1892 5610 :_quod
1909 5559 2003 5598 nec
2018 5547 2070 5598 in

474 5581 708 5671 ussfé‘éi;
725 5581 838 5673 Ῐίῖἔὲ
848 5581 1884 5673 ἲῃ”εἶᾶῑε“ἕῶἱίιζ“ηἶέῗῖζίὲἱξ’ὥιῖέρὸιέὗέζ

540 5673 559 5746 τ
583 5678 630 5746 ιει
646 5666 1108 5746 russusque
1128 5666 1590 5746 ιιξοιθνιριιάίεωρε
1613 5666 1723 5746 me
1746 5666 1906 5746 v9!)
1927 5678 2066 5723 vem-

475 5734 566 5784 stis
595 5733 728 5784 corh.
751 5732 938 5784 'Bibliis
955 5732 1116 5786 abest.
1153 5732 1413 5847 item
1438 5732 1647 5798 quidem
1676 5734 1804 5797 apud
1841 5734 2070 5799 Hierony-

477 5810 636 5847 mum.
670 5796 758 5846 sed
781 5797 1027 5847 subtraaa
1043 5809 1193 5847 voce.
1417 5833 1431 5846 .
1468 5803 1519 5846 tn
1537 5809 1700 5847 tmtch
1733 5803 1898 5847 autem
1919 5797 2070 5847 nomi-

477 5810 636 5856 mum,
670 5796 758 5862 sed
781 5797 1027 5862 subtracta
1043 5809 1193 5862 voce,
1457 5796 1519 5862 'tn
1537 5796 1898 5862 grazcofautem
1919 5796 2070 5862 nomi-

475 5863 620 5922 patur
645 5858 864 5920 primum,
890 5856 1210 5922 adulterium;
1232 5863 1354 5922 tum,
1373 5856 1660 5922 temnitis;
1689 5858 1871 5911 deinde
1899 5857 1994 5912 alia
2015 5867 2073 5914 ut

476 5919 558 5972 tae
578 5919 898 5972 recensentur
929 5922 1104 5973 ouusso
1126 5919 1346 5987 nomine,

1693 415 1750 472 S.
1791 408 2162 471 AUCUSTINI
2199 409 2562 473 SPECULUM

3620 424 3764 482 1011

2183 528 2473 587 inimicitiae
2496 572 2512 600 ,
2542 533 2940 597 contentiones,
2991 534 3385 604 simulationes,
3415 536 3511 595 ira
3531 580 3548 607 ,
3595 539 3727 597 rixa:
3747 579 3764 608 ,

2181 621 2571 691 dissensiones,
2597 637 2754 682 secta:
2773 667 2791 693 ,
2823 626 3063 695 invidiae,
3097 629 3414 697 homicidia,
3440 631 3729 690 ebrietates
3747 671 3766 701 ,

2179 720 2629 786 comessationes,
2667 729 2725 776 et
2751 720 2831 775 bis
2869 721 3062 777 similia
3109 739 3270 794 :qum
3297 724 3538 795 wmdico
3577 727 3766 793 vobis,

2179 809 2316 866 sicut
2345 811 2562 880 praedixi
2588 854 2600 876 ,
2633 813 2884 883 quoniam
2911 815 3000 885 qui
3027 815 3150 871 talia
3193 828 3395 888 agunt,
3421 834 3646 890 regnum
3669 821 3768 878 Dei

2179 916 2286 957 non
2309 903 2657 972 possidebunt
2685 905 2726 960 ¹.
2758 907 2986 962 Fructus
3023 917 3201 966 autem
3231 911 3447 981 spiritus
3471 922 3556 968 est
3582 914 3767 970 chari-

2181 1005 2283 1063 tas,
2313 997 2560 1067 gaudium
2579 1038 2593 1064 ,
2619 1014 2752 1069 pax,
2786 1001 3035 1070 patientia
3053 1041 3068 1067 ,
3097 1003 3464 1074 longanimitas
3484 1049 3500 1074 ,
3530 1006 3769 1077 bonitas,

2180 1085 2478 1159 benignitas
2503 1091 2523 1121 ³
2545 1130 2560 1156 .
2587 1091 2718 1148 fides
2735 1129 2752 1158 .
2781 1091 3041 1149 modestia
3066 1133 3080 1161 ,
3112 1096 3459 1152 continentia.
3490 1098 3766 1155 Adversus

2179 1177 2481 1250 huiusmodi
2511 1196 2616 1237 non
2641 1191 2726 1238 est
2761 1184 2866 1239 lex.
2897 1183 2998 1252 Qui
3023 1197 3199 1242 autem
3223 1184 3422 1243 Christi
3446 1199 3605 1256 sunt,
3636 1206 3762 1247 car-

2180 1286 2304 1326 nem
2327 1287 2478 1327 suam
2504 1273 2880 1330 cruciﬁxerunt
2903 1289 3024 1331 cum
3049 1277 3191 1334 vitiis
3211 1287 3268 1334 et
3293 1281 3764 1351 concupiscentiis.

2179 1363 2235 1420 Si
2269 1365 2458 1436 spiritu
2497 1365 2756 1434 vivimus,
2790 1369 2980 1441 spiritu
3005 1378 3064 1426 et
3097 1371 3456 1430 ambulemus.
3490 1373 3607 1430 Non
3646 1375 3768 1431 efllo

2179 1457 2383 1514 ciamur
2419 1459 2593 1514 inanis
2635 1459 2822 1531 gloria:
2851 1461 3067 1534 cupidi,
3097 1464 3328 1521 invicem
3369 1477 3766 1537 provocantes,

2178 1550 2407 1607 invicem
2437 1553 2756 1610 invidentes.

2251 1641 2375 1716 [vn]
2415 1643 2670 1712 Fratres,
2717 1645 2823 1702 etsi
2855 1655 3256 1718 pmoecupatus
3302 1650 3459 1707 fuerit
3507 1651 3669 1708 homo
3715 1654 3770 1712 in

2178 1735 2358 1807 aliquo
2397 1737 2620 1803 delicto,
2660 1753 2755 1794 vos
2781 1739 2872 1810 qui
2914 1739 3221 1811 spirituaies
3246 1743 3409 1812 estis,
3457 1743 3770 1815 huiusmodi

2178 1830 2424 1888 iusti-uite
2448 1833 2503 1888 in
2525 1833 2720 1904 spiritu
2749 1833 2980 1890 lenitatis
3003 1867 3023 1903 ,
3052 1835 3398 1894 considerans
3423 1837 3672 1909 teipsnm,
3697 1853 3768 1896 ne

2178 1935 2235 1982 et
2277 1935 2332 1981 tu
2380 1926 2618 1981 tenteris.
2663 1927 2814 1982 Alter
2851 1927 3072 1982 alterius
3109 1939 3277 1984 onera
3317 1936 3547 1998 portate,
3589 1938 3646 1986 et
3687 1930 3768 1987 sic

2178 2016 2538 2088 adimplebitis
2566 2019 2738 2089 legem
2775 2016 2996 2075 Christi.
3022 2019 3155 2076 Nam
3182 2021 3226 2076 si
3249 2022 3372 2092 quis
3397 2023 3668 2079 existimat
3706 2038 3770 2082 se

2177 2109 2376 2180 aliquid
2403 2125 2524 2166 esse
2543 2152 2559 2177 ,
2590 2124 2713 2166 cum
2739 2111 2869 2166 nihil
2893 2113 2992 2178 sit;
3023 2112 3140 2183 ipse
3158 2128 3219 2169 se
3242 2113 3466 2170 seducit.
3494 2114 3639 2186 Opus
3672 2131 3743 2172 an

2179 2208 2287 2258 tem
2315 2216 2470 2257 suum
2499 2202 2689 2273 probet
2729 2204 3120 2276 unusquisque.
3149 2214 3204 2260 et
3241 2205 3320 2261 sic
3377 2206 3430 2261 in
3474 2209 3771 2279 semetipso

2179 2300 2385 2348 tantum
2409 2293 2624 2350 habebit
2651 2294 2906 2365 gloriam,
2935 2303 2992 2350 et
3026 2310 3132 2351 non
3158 2297 3212 2352 in
3249 2297 3437 2354 altero.
3469 2297 3769 2370 Unusquis-

2177 2400 2282 2456 que
2301 2387 2447 2443 enim
2473 2402 2610 2443 onus
2629 2402 2787 2442 suum
2824 2388 3079 2458 portabit.
3103 2389 3478 2448 Conunuuicet
3503 2404 3683 2450 autem
3726 2396 3772 2451 is

2178 2478 2266 2549 qui
2302 2479 2667 2534 cntcehizatur
2701 2480 2924 2536 verbum
2953 2479 2974 2512 ³
2995 2520 3012 2548 ,
3043 2483 3093 2537 ei
3121 2482 3211 2553 qui
3231 2497 3292 2540 se
3329 2485 3622 2540 cntecliizat
3642 2526 3658 2552 ,
3711 2487 3765 2541 in

2178 2569 2428 2625 omnibus
2473 2571 2649 2626 bonis.
2676 2570 2849 2627 Nolito
2887 2583 3103 2629 errare:
3159 2573 3302 2629 Deus
3341 2589 3447 2630 non
3493 2575 3769 2632 irridetur.

2179 2661 2309 2730 Quae
2325 2665 2470 2721 enim
2495 2665 2840 2722 seminaverit
2862 2665 3047 2734 homo,
3073 2667 3189 2722 haec
3206 2675 3262 2723 et
3282 2676 3447 2724 metet
3471 2685 3487 2725 :
3515 2669 3771 2740 quoniam

2177 2760 2269 2831 qui
2313 2759 2542 2815 seminat
2585 2761 2640 2815 in
2665 2775 2827 2816 carne
2872 2775 3004 2826 sua,
3035 2761 3104 2817 de
3141 2775 3307 2818 carne
3352 2771 3406 2818 et
3447 2770 3614 2820 metet
3641 2777 3772 2820 cor-

2177 2851 2510 2922 ruptionem;
2541 2853 2632 2923 qui
2666 2861 2843 2909 autem
2869 2853 3099 2908 seminat
3135 2854 3187 2908 in
3213 2854 3403 2924 spiritu
3422 2896 3437 2920 ,
3467 2855 3535 2910 de
3575 2856 3772 2926 spiritu

2177 2953 2232 3000 et
2255 2953 2420 3001 metet
2445 2945 2608 3000 vitam
2633 2953 2913 3002 auruum.
2939 2948 3146 3003 Bonum
3171 2957 3349 3004 autem
3375 2947 3628 3007 facientes
3658 2965 3772 3009 non

2177 3037 2523 3105 deﬁciamus;
2572 3047 2815 3110 tempore
2847 3041 2994 3096 enim
3035 3055 3132 3095 suo
3179 3049 3442 3097 metemus
3483 3057 3592 3099 non
3629 3042 3771 3100 deﬁ-

2176 3131 2400 3190 cientes.
2432 3133 2573 3206 Elge
2613 3134 2744 3190 dum
2774 3145 2980 3205 tempus
3021 3134 3314 3204 habemus,
3348 3150 3633 3207 operemur
3664 3137 3768 3193 bo-

2176 3240 2304 3280 num
2331 3225 2400 3281 ad
2433 3240 2645 3292 omnes,
2689 3225 2922 3283 maxime
2951 3236 3127 3282 autem
3162 3228 3229 3282 ad
3256 3227 3576 3284 domeSticos
3614 3227 3767 3286 ﬁdei.

2281 3317 2373 3373 DE
2413 3316 2745 3374 EPISTOLA
2798 3319 2858 3373 Β.
2915 3317 3117 3376 PAULI
3158 3319 3248 3374 AD
3288 3317 3639 3376 EPHESIOS.

2247 3409 2399 3484 [Cap.
2429 3411 2531 3484 ιι]
2559 3411 2794 3468 Obsecro
2816 3412 2992 3482 itaque
3022 3425 3115 3467 vos
3135 3451 3149 3477 ,
3176 3411 3402 3480 fratres,
3435 3426 3534 3484 ego
3553 3413 3770 3471 vinctus

2175 3503 2230 3559 in
2255 3503 2480 3558 Domino
2499 3544 2514 3568 ,
2548 3512 2605 3558 ut
2629 3503 2790 3574 digne
2817 3503 3100 3559 ambuletis
3140 3503 3419 3560 vocatione
3444 3519 3546 3576 qua
3587 3506 3770 3562 vocati

2174 3597 2340 3666 estis,
2365 3611 2489 3654 cum
2536 3598 2680 3652 omni
2719 3596 3020 3651 humilitate
3056 3607 3112 3652 et
3139 3597 3550 3654 mansuetudine
3572 3640 3590 3667 ,
3635 3612 3767 3654 cum

2174 3690 2428 3762 patientia
2462 3697 2842 3761 supportantes
2875 3690 3100 3745 invicem
3147 3690 3200 3744 in
3229 3689 3507 3756 charitate,
3549 3690 3770 3747 solliciti

2173 3801 2392 3844 set-vane
2423 3785 2682 3842 unitatem
2719 3784 2939 3855 spiritus
2984 3784 3038 3838 in
3074 3785 3288 3840 vinculo
3329 3783 3495 3856 pacis.
3547 3783 3614 3839 Et
3659 3783 3768 3840 alio

2174 3877 2286 3933 loco
2308 3893 2328 3934 :
2352 3877 2466 3933 Hoc
2501 3879 2681 3947 itaque
2727 3876 2877 3941 dico,
2905 3885 2961 3932 et
3005 3877 3268 3932 testiﬁcor
3314 3879 3366 3932 in
3394 3877 3618 3934 Domino
3641 3919 3656 3946 ,
3703 3883 3768 3933 ut

2169 3970 2280 4042 jam
2307 3983 2412 4025 non
2439 3967 2722 4043 ambuletis
2741 3968 2880 4023 sicut
2903 3977 2959 4024 et
2977 3967 3174 4024 Gentes
3196 3968 3469 4024 ambulant
3487 4010 3502 4036 ,
3531 3969 3584 4023 in
3610 3967 3767 4023 vani-

2175 4070 2283 4119 tate
2307 4075 2500 4120 sensus
2527 4060 2640 4128 sui,
2682 4060 2920 4116 tenebris
2950 4060 3290 4117 obscuratum
3322 4060 3577 4116 habentes
3606 4059 3772 4117 intel-

2173 4157 2370 4214 lectum
2387 4197 2402 4225 ,
2433 4157 2648 4213 alienati
2673 4171 2704 4212 a
2726 4157 2831 4212 vita
2859 4157 2951 4212 Dei
2982 4171 3079 4228 per
3115 4156 3464 4229 ignorantiam
3488 4197 3504 4224 ,
3531 4170 3651 4227 qua:
3679 4164 3774 4212 est

2173 4247 2228 4303 in
2254 4248 2360 4304 illis
2384 4257 2600 4319 propter
2618 4249 2914 4304 caecitatem
2945 4247 3122 4304 cordis
3152 4251 3386 4320 ipsorum
3412 4263 3427 4304 :
3456 4249 3545 4320 qui
3569 4247 3772 4320 despe-

2171 4350 2353 4399 rantes
2397 4342 2716 4413 semetipsos
2745 4341 3078 4398 tradiderunt
3106 4341 3447 4413 impudicitia:
3483 4339 3538 4396 in
3566 4353 3771 4412 opera-

2174 4434 2373 4490 tionem
2400 4433 2750 4490 immunditiae
2787 4434 2961 4489 omnis
3002 4439 3059 4490 e‘t
3100 4433 3336 4489 avaritia:
3364 4433 3406 4487 ⁸.
3437 4432 3546 4489 Vos
3584 4441 3769 4489 autem

2172 4539 2280 4583 non
2305 4526 2376 4581 ita
2398 4525 2656 4581 didicistis
2681 4523 2952 4582 Christum
2979 4540 2992 4579 :
3038 4525 3083 4580 si
3115 4533 3291 4580 tamen
3322 4524 3471 4579 illum
3497 4522 3723 4580 audistis
3750 4566 3769 4594 ,

2172 4625 2228 4674 et
2251 4617 2306 4674 in
2332 4617 2450 4690 ipso
2475 4617 2616 4673 docti
2641 4616 2772 4673 estis
2789 4658 2804 4684 ,
2833 4617 2971 4674 sicut
2995 4621 3082 4673 est
3107 4617 3304 4672 veritas
3331 4616 3385 4670 in
3416 4613 3563 4672 lese.
3591 4614 3773 4688 Depo—

2173 4711 2282 4768 nite
2304 4711 2328 4744 '
2353 4725 2451 4767 vos
2490 4709 2781 4766 secundum
2808 4710 3083 4780 pristinam
3115 4710 3574 4766 conversationem
3613 4719 3772 4766 vete-

2171 4817 2288 4862 rem
2310 4805 2582 4860 hominem
2607 4846 2621 4870 ,
2652 4805 2742 4875 qui
2781 4803 3138 4875 corrumpitur
3161 4801 3456 4860 secundum
3497 4803 3769 4860 desideria

2233 4921 2254 4954 ι
2279 4917 2498 4983 Vulgata,
2522 4929 2615 4969 non
2637 4923 2995 4983 consequemur,
3033 4923 3200 4983 Quae,
3227 4932 3289 4969 ou
3318 4916 3770 4983 cléronontésousiu.

2235 4985 2257 5016 ³
2294 4987 2345 5031 tn
2375 4980 2577 5046 Vulgata
2603 4980 2998 5046 superadduntur
3029 4982 3125 5046 duo
3158 4981 3418 5046 vocabula,
3452 4980 3642 5046 scilicet
3675 4981 3775 5033 hoc

2171 5041 2298 5106 loco,
2325 5041 2683 5108 mansuetudo;
2697 5049 2966 5108 postremo,
2988 5041 3184 5108 castitas
3210 5056 3229 5093 :
3247 5041 3630 5108 sicquejructus
3667 5045 3774 5108 Spi-

2171 5104 2297 5177 ritus
2316 5104 2436 5177 ﬁunt
2455 5104 2730 5177 duodecim.
2772 5106 2900 5177 stin
2934 5107 3143 5157 vetustis
3170 5106 3308 5177 garb.
3336 5104 3506 5177 bibliis
3523 5117 3624 5155 non
3651 5104 3772 5177 sunt

2170 5167 2282 5233 plus
2301 5167 2546 5233 undecim,
2568 5168 2683 5232 quia
2704 5167 2958 5233 omittitur,
2981 5169 3293 5233 "micando
3313 5181 3329 5218 :
3347 5175 3398 5218 in
3420 5177 3582 5233 graeco
3601 5175 3773 5219 autem

2170 5227 2268 5282 non
2289 5229 2403 5304 plus
2439 5227 2632 5291 novem,
2663 5229 2787 5304 quia
2817 5227 3009 5304 absunt,
3037 5227 3264 5304 patientia
3289 5237 3340 5280 et
3355 5227 3576 5304 c‘asftitas,‘
3601 5243 3774 5294 neque

2171 5245 2403 5343 limus
2439 5245 2632 5291 novem,
2672 5245 2787 5292 qum
2817 5245 3009 5289 absunt,
3037 5245 3264 5303 ρᾳιιεηιια
3289 5245 3340 5280 ει
3355 5245 3568 5304 castitas,
3601 5245 3773 5294 neque

2171 5291 2435 5406 ἔπαιξε,
2459 5295 2776 5343 nummatum
2803 5304 2864 5344 ac
2883 5293 3143 5354 "tedam,
3182 5293 3451 5357 respondet
3485 5294 3578 5344 nisi
3615 5305 3773 5344 unum

2170 5369 2522 5481 mgos‘fgetlam
2546 5418 2594 5466 in
2619 5415 2757 5466 Oorh.
2783 5415 2946 5481 Dibliis
2974 5417 3114 5480 juxta
3143 5429 3378 5481 grtectun,
3407 5417 3488 5470 ten
3524 5415 3680 5481 (agon.
3715 5427 3774 5469 At

2172 5481 2223 5533 in
2239 5479 2445 5546 _V'ulgata
2468 5492 2597 5530 nunc
2617 5487 2695 5546 est
2713 5479 2967 5546 auferendi
2977 5478 3124 5542 casu,
3141 5478 3464 5546 catechisatw'
3482 5478 3640 5546 verba.

2236 5539 2397 5617 WE».
2421 5548 2472 5617 ει
2508 5539 2929 5617 Wipse“
2956 5555 3091 5617 ,ωιιιε
3111 5539 3345 5617 ’ναιεαιδν
3383 5542 3437 5617 ἐκ
3751 5556 3772 5593 -'

2171 5601 2502 5691 οοείὶηέξὶιὲἓὲν
2531 5601 2813 5691 913%“?
2827 5601 3640 5691 i.i?.{E§‘3€ilE".€"gm:

2171 5701 2504 5806 natura:
2739 5701 3223 5796 summa:

2171 5794 2300 5847 stlta:
2321 5807 2474 5856 muas,
2493 5791 2766 5856 deposuisses
2789 5806 2869 5856 eos
2895 5800 2992 5856 :_et
3021 5799 3385 5856 consequenter
3416 5853 3430 5856 _
3751 5827 3768 5854 ν

2172 5799 2300 5847 stltat'
2321 5799 2474 5920 arma?
2493 5799 2766 5866 deposuisse
2789 5806 2868 5846 eos
2895 5800 2992 5866 {et
3021 5799 3385 5881 consequenter
3406 5799 3769 5868 mnesteus,

2172 5863 2416 5926 reuocatos
2460 5868 2602 5926 uisse,
2623 5853 2950 5926 endusasthqt,
2967 5854 3181 5926 ultimae
3207 5891 3221 5907 .
3242 5855 3328 5926 ubi
3341 5853 3549 5926 ψη
3572 5856 3776 5907 ωηωω

2176 5921 2230 5974 in
2264 5916 2549 5985 imperative
2569 5916 2768 5975 mutatis
2787 5916 3003 5986 mrem,
3026 5916 3317 5973 rami-nini
3333 5916 3560 5983 nam,
