2041 3241
156 2622 158 2624 -
188 2612 255 2631 suos

174 203 247 237 lMS

176 261 289 292 erroris.
300 258 476 288 Renovamini
488 261 577 286 autem
589 257 685 294 spiritu
698 256 797 285 mentis
809 259 924 288 vestrae;
944 257 972 281 et

176 307 281 337 induite
293 314 391 335 novum
405 305 540 333 hominem
550 325 559 339 ,
573 304 618 340 qui
630 303 776 332 secundum
795 303 880 330 Deum
894 304 971 330 crea~

177 359 223 383 tus
236 358 278 382 est
289 353 315 381 in
327 352 429 388 justitia
442 355 470 380 et
480 351 621 379 sanctitate
630 350 758 378 veritatis.
775 349 888 385 Propter
901 347 973 385 quod

177 400 344 438 deponentes
364 398 549 432 mendacium,
570 397 708 433 loquimini
728 397 867 424 veritatem
893 403 973 423 unus-

178 447 293 484 quisque
307 454 370 474 cum
385 445 507 481 proximo
525 451 590 478 suo;
604 444 729 479 quoniam
747 449 839 470 sumus
860 442 973 470 invicem

178 493 310 521 membra.
328 491 489 525 irascimini,
505 495 532 519 et
546 491 628 519 nolite
641 497 763 525 peccare.
778 489 823 518 Sol
837 492 890 517 non
903 489 975 516 occi-

179 540 227 569 dat
247 547 329 576 super
352 538 516 567 iracundiam
540 541 667 566 vestram.
690 536 776 564 Nolite
799 536 887 564 locum
911 536 976 564 dare

180 586 299 614 diabolo.
315 585 365 620 Qui
385 585 534 617 iurabatur,
548 584 604 619 jam
625 591 679 611 non
692 582 813 613 furetur;
829 583 913 618 magis
926 589 976 609 au-

179 637 236 661 tem
251 632 352 660 laboret
365 631 501 667 cperaudo
516 630 638 658 manibus
651 630 705 657 suis
718 629 789 665 quod
801 629 900 656 bonum
913 632 955 656 est
966 649 975 662 ,

179 680 211 707 ut
224 678 321 706 habeat
333 678 404 706 unde
426 678 524 706 tribuat
543 677 729 706 necessitatem
744 676 863 712 patienti.
883 675 976 704 Omnis

181 727 271 753 sumo
284 724 370 752 malus
383 732 416 753 ex
430 732 477 752 ore
490 728 582 752 vestro
596 731 649 751 non
661 723 807 759 procedat;
822 723 869 751 sed
881 723 903 751 si
916 723 977 759 quis

181 772 268 800 bonus
283 770 315 800 ad
330 771 532 800 auliiicationem
548 771 752 807 opportunitatis
766 771 786 804 ',
802 772 831 798 ut
848 770 895 798 det
914 778 976 806 gra-

180 818 245 846 tiam
261 818 440 846 audientibus.
455 817 489 845 Et
501 818 583 846 nolite
598 818 756 845 contristare
768 817 895 852 Spiritum
913 824 977 845 san-

181 869 254 894 ettnn
267 865 330 899 Dei,
346 865 373 893 in
388 873 440 901 quo
455 865 550 901 signati
566 866 630 893 estis
646 865 671 892 in
687 864 730 892 die
741 864 932 900 redemptionis
954 865 976 892 ยน.

180 910 276 940 Omnis
297 912 460 944 amaritudo,
475 916 502 939 ct
515 913 552 939 ira
563 933 570 945 ,
590 914 617 939 et
631 911 792 946 indignatio,
809 914 836 938 et
855 910 975 945 clamor,

180 962 209 985 et
223 958 387 993 blasphemia
406 958 513 985 tollatur
535 965 549 985 a
571 958 664 993 vobis,
688 966 748 986 cum
768 958 842 986 omni
864 958 976 986 malitia.

182 1003 274 1032 Estote
285 1008 373 1031 autem
384 1004 496 1031 invicem
508 1003 624 1039 benigni,
636 1004 835 1037 misericordes,
847 1004 978 1032 donantes

181 1049 312 1083 invicem,
328 1050 395 1078 sicut
410 1055 436 1078 et
452 1050 520 1078 Deus
534 1051 560 1077 in
573 1050 680 1078 Christo
695 1050 803 1078 donavit
817 1050 905 1078 vobis.

218 1096 268 1135 [v.]
288 1096 379 1124 Estotc
398 1104 461 1132 ergo
476 1096 622 1124 imitatores
638 1096 701 1128 Dei,
716 1097 785 1125 sicut
803 1097 850 1124 lilii
872 1096 978 1124 charis-

182 1142 263 1176 simi;
285 1147 313 1170 et
331 1142 465 1170 ambulate
487 1143 513 1170 in
536 1140 689 1175 dilectione,
715 1143 784 1171 sicut
807 1147 834 1171 et
856 1143 978 1171 Christus

183 1187 275 1216 dilexit
290 1196 354 1222 nos,
368 1192 396 1217 et
408 1189 515 1217 tradidit
529 1189 702 1224 semetipsum
717 1197 766 1225 pro
779 1189 855 1217 nobis
868 1188 980 1217 oblatio-

182 1243 244 1263 nem
258 1240 285 1263 et
299 1233 412 1263 hostium
428 1235 481 1263 Deo
496 1235 521 1262 in
536 1234 646 1263 odorem
662 1236 809 1263 suavitatis.
826 1235 978 1263 Fornicatio

183 1286 288 1316 autem,
302 1286 329 1310 et
340 1281 426 1310 omnis
439 1282 604 1310 immunditia
613 1303 621 1317 ,
634 1286 680 1310 aut
693 1282 813 1316 avaritia,
826 1289 877 1310 nec
888 1280 977 1309 nomi-

183 1331 261 1355 netur
275 1327 303 1355 in
317 1327 409 1362 vobis,
432 1329 500 1356 sicut
518 1328 596 1356 decet
616 1333 741 1361 sanctos;
762 1332 807 1356 aut
821 1327 975 1363 turpitudo,

182 1375 229 1402 aut
252 1375 463 1411 stultiloquium,
484 1380 530 1403 aut
548 1375 694 1403 scurrilitas
713 1383 773 1411 qua:
793 1375 826 1402 ad
847 1383 903 1403 rem
924 1383 978 1403 non

182 1422 316 1458 pertinet;
333 1420 379 1450 sed
390 1422 473 1458 magis
486 1423 631 1458 gratiarum
642 1423 721 1450 actio.
734 1420 790 1450 Hoc
801 1423 871 1450 enim
884 1423 979 1451 scitote

182 1467 379 1504 intclligentes,
395 1468 467 1504 quod
480 1469 567 1497 omnis
583 1468 737 1501 fornicator,
752 1471 798 1496 aut
809 1469 977 1505 immundus,

183 1519 229 1542 aut
241 1523 352 1549 avarus,
376 1516 446 1551 quod
466 1521 507 1544 est
528 1515 660 1543 idolorum
683 1516 814 1550 servitus,
831 1524 884 1544 non
899 1516 979 1545 habet

182 1556 365 1589 hmreditatem
377 1557 403 1589 in
414 1569 497 1597 regno
505 1560 604 1590 Christi
613 1566 640 1589 et
649 1562 705 1589 Dei.
717 1562 801 1590 Nemo
811 1569 859 1590 vos
869 1563 980 1590 sedueat

181 1608 307 1636 inanibus
321 1608 430 1636 verbis:
454 1612 564 1644 propter
582 1607 640 1636 lucc
654 1609 725 1637 enim
745 1609 817 1637 venit
830 1610 867 1636 ira
888 1609 935 1637 Dei
952 1610 978 1636 in

182 1649 254 1683 filios
268 1655 432 1684 dit'lidenti:e.
448 1655 536 1684 Nolite
547 1663 611 1691 ergo
626 1656 696 1684 eiiici
709 1656 852 1692 participes
872 1664 977 1684 eorum.

184 1701 272 1729 Eratis
286 1702 357 1730 enim
380 1702 523 1737 aliquando
541 1702 676 1735 tenebrae;
698 1710 768 1730 nunc
782 1707 870 1730 autem
886 1703 930 1730 lux
953 1703 979 1731 in

183 1747 299 1775 Domino
311 1756 319 1775 :
336 1752 365 1775 ut
374 1747 421 1775 lilii
437 1748 502 1776 lucis
514 1748 647 1776 ambulate
658 1748 769 1785 (fructus
779 1749 850 1776 enim
863 1749 927 1777 lucis
939 1754 980 1777 est

183 1793 211 1822 in
224 1795 296 1822 omni
308 1794 425 1822 bonitate
435 1799 462 1822 ct
470 1795 570 1829 justitia
580 1799 607 1823 et
619 1795 750 1831 veritate),
763 1796 906 1830 probantes
916 1796 979 1831 quid

184 1841 219 1868 sit
228 1840 422 1876 beneplacitum
434 1841 499 1868 Deo.
510 1835 544 1868 Et
554 1840 636 1869 nolite
646 1841 844 1869 communicare
854 1840 981 1876 operibus

184 1886 367 1915 infructuosis-
382 1887 553 1915 tenebrarum
570 1895 576 1914 :
601 1888 685 1923 magis
706 1891 795 1916 autem
818 1887 978 1924 redarguite.

184 1931 250 1966 Quze
260 1933 331 1960 enim
340 1927 366 1960 in
377 1932 482 1961 ocetdto
494 1932 559 1961 fiunt
569 1932 602 1961 ab
614 1933 690 1969 ipsis,
704 1938 780 1969 turpe
791 1939 832 1962 est
841 1938 867 1962 et
879 1934 979 1963 dicere.

184 1977 280 2006 Omnia
290 1981 378 2006 autem
392 1986 450 2014 qure
460 1983 616 2014 arguuntur,
628 1987 643 2007 a
657 1977 756 2007 lumine
767 1980 979 2009 manifestantur.

184 2023 346 2053 Omncenim
354 2022 424 2060 quod
432 2018 626 2059 manifestatur,
635 2026 724 2054 lumen
734 2029 784 2053 est.
791 2026 903 2062 Propter
910 2028 981 2063 quod

184 2071 270 2101 dicit:
291 2071 375 2108 Surge
395 2072 440 2108 qui
462 2072 579 2106 dormis,
602 2076 631 2100 et
652 2076 764 2108 exsurge
783 2080 798 2100 a
811 2075 939 2108 mortuis,
955 2080 983 2103 et

185 2118 345 2148 illuminabit
366 2117 412 2146 tibi
435 2113 556 2146 Christus
575 2115 596 2146 ยณ.
625 2119 719 2147 Videte
741 2120 849 2155 itaque,
868 2118 980 2155 fratres,

184 2166 321 2202 quomodo
330 2170 408 2195 caute
422 2166 577 2201 ambuletis,
592 2174 645 2193 non
660 2166 736 2202 quasi
748 2166 903 2202 insipientes
913 2188 921 2202 ,
934 2168 982 2196 sed

185 2216 216 2240 ut
226 2212 376 2247 sapientes,
390 2211 553 2240 redimentcs
569 2216 673 2248 tempus
685 2222 692 2245 ;
708 2213 833 2249 quoniam
846 2213 903 2242 dies
918 2214 982 2242 mali

184 2262 258 2286 sunt.
275 2257 420 2294 Propterea
435 2258 517 2286 nolite
531 2258 587 2286 iieri
603 2259 786 2294 imprudentes
796 2281 804 2294 ,
820 2260 867 2288 sed
882 2260 982 2288 intelli-

184 2308 280 2340 gentes
293 2312 353 2340 qua:
364 2305 400 2333 sit
411 2305 532 2333 voluntas
545 2305 602 2333 Dei.
616 2305 651 2333 Et
664 2306 745 2335 nolite
758 2306 884 2335 inebriari
899 2308 961 2336 vino
971 2329 980 2342 ,

186 2342 213 2378 in
227 2357 280 2386 quo
294 2355 336 2379 est
350 2349 453 2379 luxuria
467 2360 473 2379 :
497 2351 544 2379 sed
559 2348 704 2388 implemini
727 2353 826 2388 Spiritu
847 2358 940 2384 sancto
952 2354 980 2390 โ,

185 2396 327 2434 loquentes
342 2398 539 2433 vobismetipsis
555 2392 581 2425 in
596 2398 703 2434 psalmis
717 2403 744 2427 et
758 2399 865 2435 hymnis
877 2404 905 2428 et
917 2409 981 2429 can-

186 2441 246 2473 ticis
258 2441 441 2480 spiritualibus
450 2466 459 2478 ,
474 2449 613 2473 cantantes
623 2450 650 2473 et
662 2444 806 2480 psallentes
817 2446 843 2474 in
857 2448 982 2476 cordibus

218 2514 226 2528 ฮน
246 2512 355 2545 Vulgata,
368 2512 400 2545 ad
421 2512 603 2545 (edi๏ฌcqtioncm
615 2512 682 2545 ๏ฌdei.
695 2517 723 2538 At
734 2515 831 2540 codices
842 2523 927 2542 omnes
936 2517 982 2542 hu-

183 2544 224 2576 jus
233 2543 381 2578 Speeuli,_a_d
401 2543 584 2578 aldi/irationem
600 2543 796 2577 opportunitatis;
812 2547 881 2578 juxta
898 2549 981 2574 Hicro-

185 2573 293 2606 nymum,
306 2575 348 2611 qui
359 2573 422 2600 hunc
434 2573 544 2611 locum
561 2576 583 2611 id
593 2573 721 2601 obรฉetโvat:
739 2573 800 2611 ยซPro
812 2573 852 2611 :29,
864 2580 905 2609 ait,
917 2573 981 2611 quod

303 2607 394 2646 subitus
401 2607 441 2646 uti
449 2606 653 2646 _mtti๏ฌcqtimtem_
665 2606 866 2646 opportunitatis,
881 2606 931 2635 hoc'
943 2616 982 2637 est

155 2646 158 2649 -
188 2645 200 2660 ฮน
210 2638 274 2669 quod
286 2638 372 2663 dicitur
379 2644 469 2670 graece,
485 2638 519 2663 tรฉs
537 2638 768 2670 cln-eim๏ฌn'latinie
784 2642 907 2667 codicibus
940 2650 981 2668 ro-

151 2666 161 2704 โ,
188 2677 201 2692 ฯ
210 2671 266 2704 pter
274 2669 418 2704 euphoniam
437 2669 538 2694 mutavit
550 2670 680 2701 interpres,
691 2675 716 2696 et
727 2673 816 2703 posuit,
828 2672 859 2697 ad
871 2650 980 2704 indigea-

155 2699 397 2741 1istionem๏ฌdei.)
423 2731 429 2737 '
674 2699 678 2701 โ
727 2699 735 2702 โ
809 2699 814 2703 โ
920 2699 925 2706 ยน

154 2743 159 2751 ฮน
184 2731 353 2787 ang-๏ฌgam,
365 2732 391 2758 in
402 2732 467 2758 (item
480 2731 649 2765 redemptionis
661 2738 670 2758 :
683 2733 830 2766 suffragante
846 2742 934 2767 grwco,
947 2738 981 2763 eis

216 2793 390 2832 ฮพ
406 2794 548 2832 infulae?
564 2798 618 2826 ฮธฮตแฟฮฝ
630 2798 653 2832 te
669 2796 850 2832 {metm
869 2798 980 2832 lesatur.

184 2824 325 2863 opm/laurei
335 2825 372 2852 soi
377 2824 391 2863 แฟค
403 2824 506 2863 aristas;
514 2824 651 2863 iamet;
661 2828 715 2854 sive
724 2829 761 2854 uti
768 2824 934 2863 "Hieronymus
945 2824 981 2857 in:

185 2858 345 2888 terpretatur,
353 2857 443 2883 orietur
454 2857 498 2884 tibi
508 2857 624 2884 Christus.

243 2888 365 2923 ฮตแผฐฯ-ฮฒฯฯ]
374 2888 473 2921 vulgata
481 2890 506 2915 in
518 2891 624 2923 camisia.
636 2894 664 2916 At
672 2890 701 2923 in,
708 2891 814 2923 anqu
819 2893 889 2919 Corb.
900 2893 981 2923 Bibl๏ฌs

182 2923 234 2957 {non
248 2918 352 2957 additur,
367 2918 448 2957 saucio
462 2922 547 2954 :quod
566 2923 656 2955 pariter
676 2918 834 2956 Hieronimi;
847 2918 980 2957 ฮบฯฮฑแฟแผทฮนแฟ-

182 2946 283 2976 inmens
291 2946 460 2978 cretermittit.

797 194 844 227 DE
862 192 1054 227 SCRIPTUBA
1076 193 1200 223 SACRA.

1748 197 1820 228 10M

1025 251 1122 280 vestris
1135 252 1249 281 Domino
1258 272 1268 288 ,
1280 252 1380 289 gratius
1389 257 1500 290 gentes
1510 259 1622 289 nuper
1631 259 1684 290 pro
1696 255 1821 284 Omnibus

1025 297 1053 327 in
1067 298 1175 327 nomine
1186 298 1293 327 Domini
1306 299 1391 328 nostri
1403 298 1468 328 .lesu
1479 298 1595 334 Christi,
1609 298 1671 328 Deo
1685 304 1712 328 et
1726 300 1797 329 Patri
1810 320 1819 335 ,

1025 346 1137 381 subjecti
1149 346 1264 375 invicem
1277 346 1304 374 in
1318 347 1415 375 timore
1427 346 1538 375 Christi.
1551 346 1677 376 Mulieres
1687 347 1751 376 viris
1765 348 1821 377 suis

1026 393 1138 422 subditae
1151 394 1221 427 sint.
1244 393 1313 422 sicut
1331 393 1464 422 Domino:
1485 394 1614 430 quoniam
1633 393 1676 423 vir
1686 399 1767 430 caput
1779 399 1820 424 est

1026 439 1148 468 mulieris
1157 460 1164 473 ,
1178 440 1247 468 sicut
1258 440 1381 469 Christus
1390 443 1470 476 caput
1483 444 1525 468 est
1537 440 1665 469 Ecclesite
1674 461 1682 473 ,
1695 440 1753 476 ipse
1761 440 1820 470 Sal-

1027 490 1104 514 vator
1116 486 1236 521 corporis
1250 486 1307 521 ejus
1322 487 1342 513 ยน.
1357 486 1411 515 Sed
1425 487 1493 515 sicut
1509 486 1631 515 Ecclesia
1643 487 1765 523 subjecta
1777 493 1819 517 est

1028 532 1152 566 Christo,
1170 533 1204 560 ita
1219 538 1246 561 et
1267 534 1391 562 mulieres
1403 533 1467 561 viris
1478 533 1534 562 suis
1547 533 1574 561 in
1593 533 1727 562 omnibus.
1744 534 1820 569 Viri,

1028 577 1128 614 diligite
1139 586 1236 607 uxores
1249 584 1361 613 vestras,
1376 579 1445 607 sicut
1456 582 1484 607 et
1491 578 1616 608 Christus
1624 579 1718 607 dilexit
1728 579 1823 609 Eccle-

1029 625 1111 658 siam,
1126 630 1155 654 et
1167 626 1290 661 'seipsum
1308 626 1414 654 tradidit
1430 634 1478 662 pro
1501 634 1532 654 ea
1543 646 1552 661 ,
1567 631 1596 655 ut
1617 626 1688 654 illam
1703 627 1823 657 sancti๏ฌ-

1029 677 1103 701 caret
1114 693 1121 706 ,
1137 673 1268 702 mandans
1282 674 1388 702 lavacro
1401 682 1478 710 aqua:
1492 674 1518 702 in
1531 674 1614 703 verbo
1625 674 1636 691 ยน
1648 682 1656 702 :
1670 679 1701 702 ut
1714 675 1824 705 exhibe-

1029 721 1072 748 ret
1093 720 1151 756 ipse
1174 720 1225 748 sibi
1247 720 1391 755 gloriosam
1413 720 1577 755 Ecclesium,
1602 728 1655 748 non
1681 720 1824 749 habentem

1029 766 1161 794 maculam
1174 771 1220 794 uut
1233 775 1338 802 rugam,
1354 771 1400 794 aut
1411 767 1511 802 aliquid
1524 766 1654 802 ejusmodi
1667 775 1674 800 ;
1691 767 1738 795 sed
1750 771 1780 795 ut
1791 767 1825 796 sit

1030 817 1121 841 sancta
1134 817 1161 840 et
1169 813 1345 840 immaculata.
1354 812 1391 839 lta
1403 816 1430 840 et
1440 813 1489 840 viri
1499 811 1598 840 debent
1608 812 1719 848 diligere
1727 820 1825 842 uxores

1030 867 1106 894 suas,
1132 865 1162 888 ut
1180 869 1291 896 corpora
1321 868 1378 889 sua.
1401 861 1451 894 Qui
1478 868 1555 889 suam
1580 864 1690 890 uxorem
1718 861 1823 898 diligit,

1029 908 1147 943 seipsum
1160 908 1254 944 diligit.
1265 907 1350 936 Nemo
1363 909 1479 944 unquam
1492 916 1600 937 carnem
1613 916 1689 937 suam
1703 909 1765 937 odio
1777 908 1825 937 ha-

1030 956 1103 990 buit;
1116 957 1162 985 sed
1179 957 1259 985 nutrit
1271 961 1299 985 et
1313 958 1384 985 fovet
1395 966 1466 992 eam,
1481 959 1550 987 sicut
1563 962 1591 986 et
1600 958 1722 987 Christus
1735 958 1826 986 Eccle-
1865 949 1868 952 ฮ

1030 1003 1116 1031 siam:
1132 1004 1192 1038 quia
1212 1005 1332 1032 membra
1345 1010 1437 1032 sumus
1458 1005 1579 1040 corporis
1601 1005 1677 1040 ejus,
1690 1005 1725 1032 de
1744 1011 1826 1032 carne

1029 1050 1088 1084 ejus
1101 1053 1128 1077 et
1139 1049 1173 1076 de
1194 1050 1299 1077 ossibus
1312 1049 1381 1084 ejus.
1401 1050 1514 1086 Propter
1528 1051 1579 1078 hoc
1591 1051 1722 1086 relinquet
1744 1049 1826 1078 homo

1030 1099 1133 1130 patrem
1148 1099 1175 1123 et
1185 1100 1296 1124 matrem
1310 1103 1384 1124 suam
1397 1114 1405 1131 ,
1421 1101 1448 1124 et
1462 1096 1608 1124 adhaerebit
1619 1096 1696 1124 uxori
1710 1103 1786 1129 suae;
1800 1100 1827 1123 et

1030 1146 1108 1170 erunt
1129 1141 1182 1169 duo
1195 1142 1221 1169 in
1235 1150 1316 1171 carne
1330 1150 1392 1171 una.
1409 1144 1612 1171 Sacramentum
1627 1144 1678 1171 hoc
1700 1150 1825 1179 magnum

1030 1192 1072 1216 est
1084 1197 1091 1216 :
1105 1196 1155 1224 ego
1178 1193 1266 1217 autem
1281 1189 1341 1217 dico
1356 1190 1382 1217 in
1402 1189 1508 1218 Christo
1529 1194 1558 1218 et
1577 1190 1603 1217 in
1619 1189 1750 1217 Ecclesia.
1771 1188 1825 1217 Ve-

1029 1240 1179 1263 rumtamen
1193 1239 1220 1264 et
1234 1243 1282 1264 vos
1296 1237 1407 1272 singuli,
1424 1236 1606 1272 unusquisque
1624 1243 1735 1265 uxorem
1749 1242 1825 1264 suam

1030 1281 1101 1310 sicut
1114 1283 1232 1317 seipsum
1247 1283 1338 1317 diligat
1351 1291 1358 1310 :
1374 1289 1444 1310 uxor
1457 1287 1546 1310 autem
1563 1283 1655 1311 timeat
1669 1283 1765 1310 virum.

1067 1326 1127 1364 [ฮณฮน]
1142 1327 1221 1361 Filii,
1237 1325 1345 1356 obedite
1367 1328 1522 1363 parentibus
1540 1328 1639 1357 vestris
1658 1329 1685 1356 in
1700 1327 1825 1356 Domino.

1030 1372 1087 1400 Hoc
1100 1373 1170 1400 enim
1188 1373 1288 1408 justum
1309 1378 1360 1401 est.
1387 1374 1491 1401 Honora
1512 1378 1615 1409 patrem
1637 1378 1711 1402 tuum
1728 1378 1826 1402 etma-

1030 1422 1099 1447 trem
1110 1437 1118 1453 ,
1132 1418 1203 1454 quod
1224 1423 1265 1447 est
1282 1417 1396 1454 primum
1419 1419 1573 1447 mandatum
1587 1419 1616 1447 in
1635 1420 1825 1455 promissione,

1030 1468 1062 1493 ut
1081 1464 1150 1493 bene
1168 1465 1203 1492 sit
1224 1464 1287 1497 tibi,
1310 1469 1338 1492 et
1350 1464 1387 1493 sis
1407 1465 1543 1501 longaevus
1559 1473 1640 1501 super
1650 1470 1760 1494 terram.
1782 1466 1826 1500 Et,

1031 1516 1132 1547 patres,
1148 1511 1230 1539 nolite
1246 1511 1279 1539 ad
1295 1511 1459 1540 iracundiam
1474 1519 1619 1547 provocare
1629 1512 1697 1540 ๏ฌlios
1712 1517 1824 1546 vestros,

1031 1558 1079 1586 sed
1092 1557 1204 1585 educate
1222 1565 1270 1585 eos
1288 1557 1315 1585 in
1334 1557 1476 1593 disciplina
1488 1562 1516 1586 et
1528 1558 1698 1594 correptione
1711 1558 1825 1586 Domini.

1031 1603 1119 1638 Servi,
1134 1603 1241 1632 obedite
1255 1603 1371 1631 dominis
1384 1605 1538 1633 carnalibus
1549 1611 1610 1633 eum
1624 1605 1720 1633 timore
1732 1609 1759 1633 et
1772 1610 1827 1633 treโ

1031 1658 1108 1679 more
1120 1671 1128 1684 ,
1154 1651 1180 1678 in
1203 1651 1373 1686 simplicitate
1394 1650 1483 1679 cordis
1498 1651 1580 1679 vestri
1591 1671 1600 1685 ,
1616 1651 1685 1679 sicut
1698 1651 1803 1679 Christo
1818 1660 1825 1678 :

1031 1704 1085 1724 non
1101 1696 1134 1724 ad
1148 1697 1255 1725 oculum
1266 1697 1414 1725 servientes
1425 1717 1432 1730 ,
1453 1697 1528 1732 quasi
1551 1696 1702 1724 hominibus
1717 1697 1825 1732 placen-

1031 1745 1093 1776 tes;
1115 1743 1162 1771 sed
1185 1746 1212 1771 ut
1227 1744 1296 1771 servi
1319 1743 1436 1777 Christi,
1452 1744 1580 1772 facientes
1595 1742 1758 1772 voluntatem
1778 1745 1826 1773 Dei

1032 1798 1066 1818 ex
1078 1790 1169 1817 animo
1181 1811 1188 1823 ,
1201 1797 1264 1818 eum
1274 1790 1342 1817 bona
1357 1790 1492 1817 voluntate
1503 1790 1649 1818 servientes
1661 1795 1689 1818 ut
1703 1791 1826 1824 Domino,

1033 1839 1061 1864 et
1088 1843 1142 1863 non
1171 1835 1343 1864 hominibus:
1358 1836 1474 1864 scientes
1498 1838 1623 1872 quoniam
1648 1837 1827 1872 unusquisque

1032 1881 1222 1917 quodcumque
1233 1881 1325 1910 fecerit
1339 1882 1438 1910 bonum
1450 1903 1458 1916 ,
1479 1881 1531 1910 hoc
1548 1883 1659 1918 recipiet
1672 1890 1687 1910 a
1704 1883 1826 1917 Domino,

1033 1927 1092 1956 sive
1104 1932 1198 1956 sertos
1208 1947 1216 1962 ,
1232 1928 1288 1956 sive
1300 1928 1380 1956 iiber.
1397 1928 1430 1956 Et
1443 1932 1501 1961 vos,
1515 1928 1626 1962 domini,
1641 1929 1735 1957 eadem
1749 1929 1829 1958 facite

1032 1974 1088 2002 illis
1098 1996 1105 2007 ,
1121 1975 1289 2002 remittentes
1302 1975 1407 2009 minas;
1429 1975 1547 2003 scientes
1559 1975 1620 2011 quia
1635 1980 1662 2003 et
1679 1975 1786 2003 illorum
1800 1980 1829 2004 et

1033 2024 1124 2048 vester
1134 2021 1264 2049 Dominus
1278 2021 1357 2048 estin
1368 2021 1445 2049 cmlis
1454 2041 1462 2055 ,
1484 2025 1512 2049 et
1526 2028 1699 2057 personarum
1711 2021 1830 2057 acceptio

1033 2075 1088 2095 nou
1100 2072 1141 2095 est
1153 2068 1223 2103 apud
1234 2072 1306 2095 eum.
1331 2065 1369 2096 De
1383 2066 1491 2102 caetero,
1507 2068 1603 2096 fratres
1613 2089 1620 2102 ,
1640 2068 1830 2096 contortamini

1034 2114 1062 2142 in
1076 2115 1189 2143 Domino
1202 2136 1208 2147 ,
1231 2119 1257 2142 et
1279 2115 1305 2142 in
1324 2116 1441 2151 potentia
1455 2115 1560 2143 virtutis
1572 2115 1641 2151 ejus.
1663 2113 1768 2143 lnduite
1780 2122 1829 2143 vos

1035 2164 1197 2189 armaturam
1222 2161 1268 2189 Dei
1281 2182 1288 2194 ,
1309 2165 1339 2189 ut
1358 2162 1467 2197 possitis
1486 2166 1559 2190 stare
1571 2161 1700 2189 adversus
1719 2160 1829 2189 insidias

1035 2206 1134 2234 diaboli
1150 2215 1157 2234 :
1173 2207 1234 2242 quia
1249 2211 1300 2234 non
1314 2210 1356 2234 est
1368 2207 1445 2235 nobis
1458 2207 1610 2235 colluctatio
1624 2207 1754 2235 adversus
1765 2213 1828 2234 car-

1034 2259 1098 2280 nem
1112 2256 1140 2280 et
1152 2253 1308 2287 sanguinem
1321 2260 1328 2285 ;
1343 2252 1390 2280 sed
1405 2252 1533 2281 adVersus
1549 2252 1684 2288 principes
1702 2255 1730 2280 et
1751 2256 1829 2287 pote-

1035 2302 1129 2332 states,
1150 2298 1279 2326 adversus
1292 2298 1383 2326 mundi
1396 2302 1523 2331 rectores,
1535 2299 1706 2327 tenebrarum
1722 2297 1828 2332 harum,

1033 2348 1126 2372 contra
1141 2344 1287 2379 spiritualia
1310 2344 1435 2380 nequitia:
1451 2345 1479 2373 in
1498 2344 1661 2373 ewlestihus.
1684 2345 1828 2380 Propterea

1033 2391 1147 2427 accipite
1166 2394 1328 2418 armaturam
1345 2391 1410 2425 Dei,
1434 2396 1464 2419 ut
1478 2392 1585 2427 possitis
1603 2392 1730 2421 resistere
1744 2391 1771 2420 in
1783 2391 1828 2421 die

1034 2437 1121 2470 maia,
1145 2441 1173 2465 et
1192 2437 1217 2464 in
1231 2437 1356 2465 omnibus
1371 2437 1480 2473 permoti
1495 2443 1576 2466 stare.
1598 2438 1674 2466 State
1684 2444 1750 2473 ergo
1763 2445 1828 2466 suc-

1034 2482 1115 2511 cincti
1133 2483 1238 2512 lumbos
1252 2488 1357 2512 vestros
1374 2484 1402 2512 in
1414 2485 1544 2519 veritate,
1564 2489 1592 2513 et
1612 2486 1697 2514 induti
1716 2487 1828 2515 loricam

1032 2529 1143 2565 iustitia
1154 2551 1161 2563 ,
1176 2533 1204 2558 et
1223 2530 1333 2559 calceali
1351 2531 1433 2566 pedes
1445 2531 1472 2559 in
1486 2532 1681 2568 prtepartttione
1690 2532 1829 2569 Evangelii

1034 2578 1108 2613 pacis
1124 2583 1132 2606 :
1146 2578 1173 2605 in
1193 2577 1317 2606 omnibus
1337 2580 1474 2607 sumentes
1496 2582 1601 2607 scutum
1623 2579 1706 2615 ๏ฌdei,
1727 2580 1755 2608 in
1774 2587 1830 2616 quo

1035 2625 1144 2661 possitis
1158 2625 1247 2653 omnia
1260 2626 1312 2654 tela
1326 2626 1480 2661 nequissimi
1494 2619 1571 2662 ignea
1587 2626 1777 2663 exsanguem;
1800 2632 1829 2656 et

1033 2672 1136 2709 galeam
1160 2672 1254 2700 salutis
1277 2673 1424 2706 assumite,
1439 2676 1466 2701 et
1478 2672 1594 2709 gladium
1615 2673 1739 2709 spiritus,
1757 2673 1829 2710 quod

1033 2723 1076 2747 est
1090 2719 1202 2747 verbum
1219 2718 1288 2753 Dei,
1313 2727 1361 2755 per
1380 2724 1487 2747 Omnem
1502 2720 1650 2748 orationem
1663 2722 1691 2748 et
1704 2720 1829 2749 obsecroโ

1032 2766 1132 2794 tionem
1153 2769 1263 2794 orantes
1281 2766 1354 2794 omni
1373 2770 1494 2801 tempore
1516 2766 1543 2794 in
1557 2766 1652 2802 spiritu
1663 2787 1672 2801 ,
1686 2767 1754 2796 etin
1768 2767 1828 2803 ipso

1064 2834 1073 2850 แฝท
1091 2836 1234 2869 Prouomen,
1248 2833 1310 2865 ejus,
1331 2834 1403 2869 abest
1417 2840 1432 2869 ฮผ
1452 2838 1506 2861 llas.
1525 2834 1599 2867 hujus
1614 2835 1723 2867 Speouii,
1739 2842 1786 2861 nec
1804 2835 1830 2862 in

1031 2870 1113 2900 grator)
1121 2865 1254 2900 reperitur,
1268 2872 1314 2900 nec
1324 2865 1387 2900 apud
1398 2865 1577 2900 Hieronymum.

1064 2897 1074 2911 ฮน
1086 2896 1124 2920 sic
1134 2896 1209 2929 etiam
1225 2896 1289 2927 apud
1306 2896 1553 2929 Hieronymumfnon
1568 2897 1649 2923 addita
1667 2904 1737 2928 voce,
1748 2897 1804 2924 vita
1819 2904 1830 2924 :

1032 2932 1087 2959 quae
1099 2925 1198 2962 quidem
1215 2925 1271 2962 vo'x.
1284 2931 1347 2958 post,
1359 2927 1385 2953 in
1395 2925 1578 2962 uerbo,'legitur
1598 2936 1662 2956 nunc
1679 2930 1705 2956 in
1721 2925 1830 2962 Vulgata.

1032 2964 1082 2983 nan
1094 2961 1175 2982 autem
1185 2961 1210 2982 in
1218 2961 1289 2983 textu
1297 2964 1387 2990 gmco.
