4082 6472
477 382 618 442 1015

475 497 755 568 vigilantes
774 493 826 552 in
851 492 997 551 omni
1020 490 1269 550 instantia
1289 497 1344 548 et
1366 487 1743 549 obsecratione.
1773 500 1874 559 pro
1893 482 2060 540 omni-

476 591 581 646 bus
605 589 841 657 sanctis;
871 597 927 644 et
955 603 1049 659 pro
1074 602 1180 651 me,
1205 593 1263 640 ut
1284 583 1440 640 detur
1461 581 1592 639 mihi
1619 593 1800 636 sermo
1823 579 1876 634 in
1900 592 2060 648 aper-

478 683 629 740 tione
672 683 782 739 oris
827 681 932 737 mei
980 694 1100 736 cum
1150 676 1346 738 ﬁducia
1397 684 1579 732 notum
1628 673 1803 729 facere
1853 680 2056 742 myste-

477 775 618 830 rium
664 771 967 844 Evangelii,
1019 780 1235 842 propter
1281 768 1423 842 quod
1470 767 1734 839 legatione
1778 764 1967 835 fungor
2001 762 2057 818 in

473 876 667 924 catena
696 866 715 900 ¹
739 906 755 934 ,
801 864 872 921 ita
914 871 973 919 ut
1009 862 1063 919 in
1102 863 1228 936 ipso
1264 861 1490 918 audeam
1529 867 1687 932 prout
1721 865 1932 931 oportet
1967 870 2058 914 me

476 961 643 1034 loqui.

526 1056 615 1111 DE
651 1051 979 1111 EPISTOLA
1017 1053 1080 1110 Β.
1134 1049 1340 1109 PAULI
1379 1051 1471 1107 AD
1507 1048 2005 1108 PHILIPPENSES.

547 1144 700 1218 [Cap.
730 1143 794 1218 1.]
841 1145 974 1214 Quia
1022 1145 1073 1199 in
1121 1144 1268 1200 nullo
1311 1142 1639 1210 confundar,
1683 1142 1779 1199 sed
1819 1143 1871 1198 in
1911 1142 2056 1198 omni

473 1238 665 1293 ﬁducia
690 1278 706 1302 ,
748 1238 887 1292 sicut
911 1251 1154 1307 semper,
1199 1247 1254 1292 et
1290 1249 1435 1291 nunc
1461 1234 1882 1307 magniﬁcabitur
1905 1233 2057 1290 Chri-

473 1341 588 1385 stus
614 1329 670 1384 in
696 1344 920 1400 corpore
934 1343 1074 1394 meo,
1098 1329 1212 1384 sive
1238 1343 1334 1399 per
1346 1328 1530 1396 vitam,
1553 1329 1666 1383 sive
1690 1343 1785 1398 per
1803 1335 2052 1383 mortem.

472 1420 602 1476 Mihi
631 1421 776 1477 enim
795 1420 974 1476 vivere
1004 1421 1247 1476 Christus
1267 1428 1371 1487 est,
1400 1430 1456 1476 et
1486 1419 1624 1474 mori
1648 1419 1875 1474 lucrum.
1899 1418 2054 1488 Quod

471 1515 519 1569 si
545 1515 728 1570 vivere
750 1515 804 1568 in
823 1529 1006 1581 carne,
1038 1513 1126 1569 hic
1145 1513 1275 1568 mihi
1292 1512 1492 1569 fructus
1515 1513 1694 1584 operis
1716 1521 1831 1579 est;
1859 1519 1914 1568 et
1930 1510 2056 1583 quid

473 1606 688 1677 eligam,
718 1607 924 1677 ignoro.
957 1605 1214 1661 Coarctor
1240 1605 1383 1662 enim
1406 1621 1437 1662 e
1463 1605 1670 1661 duobus
1693 1622 1706 1659 :
1729 1604 2054 1662 desiderium

467 1700 677 1756 habens
719 1698 937 1755 dissolvi
979 1707 1034 1755 et
1067 1715 1187 1754 cum
1225 1699 1439 1758 Christo
1484 1712 1637 1766 esse,
1683 1697 1850 1753 multo
1888 1699 2056 1770 magis

473 1792 706 1857 melius;
731 1805 1048 1862 permanere
1070 1799 1248 1847 autem
1276 1791 1329 1844 in
1353 1804 1534 1855 carne,
1561 1789 1918 1845 necessarium
1941 1805 2058 1860 pro-

471 1892 594 1954 pter
615 1898 730 1939 vos.
758 1882 827 1938 Et
856 1891 967 1954 post
991 1899 1080 1938 sea:
1099 1898 1268 1938 versus
1299 1897 1319 1937 :
1345 1882 1570 1938 Tantum
1593 1881 1750 1953 digne
1771 1881 2056 1953 Evangelio

470 1975 674 2032 Christi
699 1976 1124 2042 conversamini,
1170 1985 1229 2032 ut
1270 1976 1382 2031 sive
1409 1991 1531 2031 cum
1569 1991 1768 2031 venero
1793 1983 1847 2030 et
1872 1974 2056 2032 videro

470 2080 602 2136 vos,
643 2069 758 2124 sive
785 2069 981 2124 absens
1005 2067 1215 2122 audiam
1244 2066 1312 2124 de
1335 2067 1509 2134 vobis,
1536 2068 1658 2139 quia
1696 2068 1848 2123 statis
1873 2066 1926 2122 in
1949 2083 2057 2124 uno

470 2160 665 2229 spiritu
685 2160 963 2217 unanimes
981 2203 997 2230 ,
1026 2161 1415 2218 collaborantes
1438 2161 1559 2217 ﬁdei
1585 2162 1876 2233 Evangelii.
1910 2163 1976 2218 Et
2000 2163 2053 2218 in

475 2251 626 2308 nullo
658 2254 966 2310 terreamini
1010 2255 1078 2310 ab
1115 2254 1433 2310 adversariis
1456 2295 1472 2321 ,
1516 2270 1635 2325 quae
1663 2264 1745 2311 est
1768 2255 1871 2309 illis
1896 2270 2055 2311 causa

471 2344 788 2417 perditionis
809 2387 827 2415 ,
852 2347 1004 2404 vobis
1042 2355 1219 2402 autem
1257 2348 1442 2403 salutis
1467 2363 1480 2400 :
1504 2355 1556 2403 et
1583 2347 1682 2403 hoc
1707 2362 1738 2402 a
1765 2348 1894 2403 Deo.
1922 2346 2056 2415 Quia

470 2436 626 2493 vobis
643 2437 896 2493 donatum
925 2445 1009 2494 est
1027 2453 1126 2511 pro
1151 2436 1394 2504 Christo,
1437 2452 1544 2494 non
1571 2437 1740 2494 solum
1767 2446 1825 2493 ut
1853 2438 1906 2492 in
1933 2453 2054 2493 eum

471 2529 734 2598 credatis,
775 2529 869 2586 sed
908 2538 964 2586 ut
989 2531 1148 2586 etiam
1183 2547 1278 2601 pro
1303 2531 1395 2586 illo
1423 2530 1696 2601 patiamini
1726 2547 1740 2585 :
1771 2528 1912 2585 idem
1938 2545 2058 2585 cer-

470 2631 650 2678 tamen
675 2621 933 2679 habentes
952 2663 968 2690 ,
997 2623 1156 2695 quale
1183 2631 1239 2679 et
1261 2623 1470 2679 vidistis
1491 2623 1550 2679 in
1576 2639 1684 2689 me,
1712 2630 1767 2678 et
1791 2637 1932 2678 nunc
1955 2637 2052 2677 au-

469 2716 623 2772 distis
647 2716 716 2772 de
741 2732 845 2772 me.

541 2808 649 2884 [11.]
699 2809 757 2867 Si
791 2825 893 2881 qua
938 2825 1066 2881 ergo
1111 2810 1406 2867 consolatio
1456 2809 1509 2865 in
1535 2808 1784 2878 Christo,
1839 2810 2053 2882 siquod

473 2902 726 2958 solatium
775 2901 1082 2970 charitatis,
1111 2903 1278 2972 siqua
1323 2903 1551 2958 societas
1576 2902 1812 2973 spiritus,
1863 2902 1908 2957 si
1952 2917 2055 2972 qua

473 2991 675 3049 viscera
711 3002 766 3047 et
803 2993 1171 3048 miserationes
1208 2994 1260 3059 ³,
1307 2992 1524 3063 implete
1561 2992 1812 3064 gaudium
1852 3009 2052 3060 meum,

473 3092 530 3137 ut
550 3083 688 3138 idem
708 3083 944 3153 sapiatis,
971 3083 1212 3138 eamdem
1234 3083 1546 3140 charitatem
1569 3083 1847 3151 habentes,
1868 3085 2058 3139 unani-

471 3188 622 3242 mes,
674 3174 902 3245 idipsum
945 3175 1254 3230 sentientes.
1313 3174 1454 3229 Nihil
1491 3189 1588 3246 per
1637 3177 2053 3243 contentionem,

473 3282 647 3340 neque
680 3283 777 3339 per
814 3268 1024 3322 inanem
1067 3267 1330 3336 gloriam;
1370 3266 1464 3322 sed
1499 3268 1552 3322 in
1578 3266 1875 3322 humilitate
1900 3282 2057 3337 supe-

472 3360 645 3416 riores
688 3357 789 3416 sibi
839 3359 1063 3414 invicem
1107 3359 1446 3414 arbitrantes.
1491 3357 1606 3414 Non
1641 3373 1760 3429 qua:
1797 3373 1892 3413 sua
1934 3366 2057 3414 sunt

472 3452 668 3524 singuli
692 3451 1126 3518 considerantes;
1158 3451 1253 3507 sed
1279 3465 1340 3506 ea
1361 3465 1480 3521 quae
1506 3450 1748 3505 aliorum.
1780 3449 1890 3505 Hoc
1909 3449 2052 3506 enim

473 3545 667 3600 sentite
690 3543 745 3600 in
775 3544 950 3612 vobis,
999 3543 1141 3614 quod
1182 3553 1235 3599 et
1277 3543 1333 3598 in
1363 3541 1576 3599 Christo
1606 3541 1733 3599 Jesu
1758 3585 1774 3611 ,
1815 3543 1907 3614 qui
1930 3558 2054 3598 cum

477 3637 532 3691 in
559 3636 728 3692 forma
758 3636 854 3692 Dei
893 3644 1068 3704 esset,
1108 3649 1213 3690 non
1240 3637 1480 3706 rapinam
1517 3634 1803 3692 arbitratus
1831 3645 1914 3692 est
1936 3650 2057 3692 esse

475 3743 536 3785 se
563 3730 820 3801 aequalem
844 3730 957 3785 Deo
985 3746 999 3783 :
1031 3729 1127 3784 sed
1153 3731 1498 3800 semetipsum
1513 3729 1802 3786 exiuanivit
1827 3730 2052 3791 formam

473 3821 615 3876 servi
660 3820 964 3890 accipiens,
1009 3821 1063 3875 in
1105 3820 1501 3877 similitudinem
1551 3823 1824 3878 hominum
1863 3823 2052 3888 factus,

477 3923 534 3969 et
559 3913 739 3969 habitu
766 3914 1014 3969 inventus
1039 3923 1099 3969 ut
1121 3913 1320 3981 homo;
1351 3915 1646 3969 humiliavit
1685 3913 2050 3985 semetipsum,

474 4007 646 4064 factus
684 4007 941 4064 obediens
979 4022 1148 4078 usque
1189 4007 1257 4063 ad
1296 4016 1521 4063 mortem
1545 4049 1560 4074 ,
1606 4017 1831 4063 mortem
1877 4018 2056 4064 autem

475 4099 672 4157 crucis.
723 4100 950 4171 Propter
978 4099 1119 4171 quod
1146 4107 1202 4155 et
1227 4099 1368 4156 Deus
1393 4100 1539 4155 illum
1565 4100 1816 4156 exaltavit
1837 4143 1853 4168 ,
1884 4109 1939 4155 et
1962 4100 2059 4156 do-

475 4193 624 4248 navit
650 4192 730 4248 illi
757 4207 952 4249 nomen
993 4191 1136 4264 quod
1164 4200 1248 4249 est
1285 4207 1447 4263 super
1469 4208 1628 4248 omne
1654 4208 1848 4249 nomen
1879 4211 1894 4248 :
1919 4201 1979 4248 ut
2002 4195 2058 4250 in

477 4285 696 4341 nomine
721 4283 848 4341 ἔθευ
878 4299 1036 4340 οωηθ
1072 4299 1211 4356 genu
1246 4283 1487 4340 ﬂectatur
1516 4328 1531 4352 ,
1574 4285 1899 4353 ctelestium,
1946 4295 2057 4342 ter-

477 4377 728 4435 restrium
749 4419 766 4446 ,
797 4389 850 4435 et
881 4378 1234 4445 infernorum,
1262 4387 1317 4433 et
1343 4378 1517 4433 omnis
1539 4377 1716 4449 lingua
1745 4378 2060 4435 conﬁteatur

475 4470 602 4542 quia
631 4470 889 4526 Dominus
913 4469 1070 4527 Iesus
1091 4469 1336 4526 Christus
1359 4470 1413 4526 in
1438 4470 1604 4540 gloria
1635 4479 1718 4525 est
1740 4471 1835 4526 Dei
1864 4470 2058 4526 Patris.

474 4563 659 4635 Itaque
682 4606 700 4632 ,
726 4565 1027 4620 charissimi
1065 4565 1203 4632 mei,
1233 4565 1369 4620 sicut
1396 4578 1608 4636 semper
1634 4566 1892 4622 obedistis
1908 4608 1923 4634 ,
1948 4583 2057 4623 non

476 4666 538 4713 ut
568 4657 622 4712 in
648 4658 930 4728 praesentia
968 4658 1075 4713 mei
1113 4667 1315 4714 tantum
1340 4699 1355 4724 ,
1397 4657 1491 4714 sed
1535 4658 1702 4714 multo
1725 4659 1893 4730 magis
1917 4675 2059 4715 nunc

478 4751 535 4805 in
554 4748 796 4806 absentia
820 4765 936 4804 mea
957 4791 972 4817 ,
1001 4765 1122 4805 cum
1154 4761 1296 4804 metu
1327 4757 1380 4805 et
1407 4758 1639 4806 tremore
1658 4759 1890 4807 vestram
1917 4751 2060 4808 salu-

476 4851 584 4898 tem
615 4843 931 4914 operamini.
986 4843 1127 4898 Deus
1149 4851 1234 4899 est
1259 4844 1401 4899 enim
1429 4845 1519 4914 qui
1548 4853 1800 4914 operatur
1824 4845 1876 4898 in
1906 4844 2058 4901 vobis

474 4943 532 4991 et
553 4934 692 4993 velle
708 4977 728 5003 ,
753 4943 808 4990 et
831 4934 1121 5005 perﬁcere,
1151 4949 1246 5006 pro
1269 4935 1408 4990 bona
1433 4936 1722 4991 voluntate.
1750 4933 1937 4991 Omnia
1964 4951 2059 4991 au-

475 5037 586 5083 tem
622 5026 780 5082 facite
821 5027 937 5083 sine
976 5028 1484 5082 murmurationibus
1527 5035 1583 5082 et
1615 5026 2053 5095 haesitationibus,

475 5128 535 5176 ut
559 5119 678 5175 sitis
697 5120 814 5175 sine
838 5119 1050 5189 querela
1075 5161 1091 5187 ,
1131 5127 1186 5174 et
1225 5118 1495 5189 simplices
1535 5117 1629 5173 ﬁlii
1661 5117 1787 5185 Dei,
1827 5119 1945 5174 sine
1973 5135 2057 5175 re-

474 5212 833 5284 prehensione
870 5212 923 5266 in
955 5211 1134 5268 medio
1175 5211 1407 5266 nationis
1443 5226 1619 5280 pravae
1661 5219 1716 5266 et
1751 5225 2051 5281 perversae;

473 5305 619 5359 inter
645 5318 781 5374 quos
804 5303 996 5360 lucetis
1021 5303 1456 5358 sicutlumiuaria
1483 5301 1537 5357 in
1563 5301 1760 5356 mundo
1789 5322 1802 5358 :
1831 5303 2053 5359 verbum

470 5397 599 5453 vitae
635 5397 974 5453 continentes
999 5396 1066 5452 ad
1104 5397 1324 5468 gloriam
1349 5395 1479 5450 mihi
1514 5396 1566 5451 in
1603 5395 1744 5450 diem
1769 5394 1965 5452 Christi
1993 5396 2049 5463 ³;

534 5535 554 5566 ι
577 5532 718 5594 ΡΔὶῑΙ,
736 5529 790 5586 in
808 5537 975 5583 catam
993 5530 1107 5595 ista,
1122 5531 1192 5584 ita
1213 5535 1283 5582 ut.
1301 5537 1357 5582 At
1378 5531 1557 5595 Regius
1575 5529 1733 5584 codex
1757 5540 1809 5584 et
1829 5543 1965 5583 sacra
1983 5532 2056 5583 ei.

465 5591 566 5667 blla
583 5591 753 5667 carent
776 5596 1075 5667 pronomine,
1089 5591 1199 5667 ista.

535 5623 1338 5731 ξ
1353 5661 1499 5706 Graec.
1515 5654 1774 5722 splagclma
1790 5654 1872 5707 Ita)
1885 5654 2054 5708 οὔαίτ-
2109 5623 2112 5627 ι

456 5728 1016 5902 mm:
1035 5787 1224 5833 textus.
1249 5785 1304 5832 At
1320 5778 1523 5859 vulgata
1541 5779 1757 5846 praefert.
1770 5778 1835 5833 αά
1849 5779 2055 5846 9W
2103 5803 2108 5808 ‘

1671 372 1731 430 s.
1769 350 2137 426 aususrtm
2173 314 2530 428 Spectmen

3136 318 3251 350 μη..-

3603 382 3747 446 1016

2165 481 2287 552 quia
2309 498 2414 540 non
2441 484 2494 540 in
2531 499 2756 545 vacuum
2779 489 2989 546 cucurri
3012 531 3030 557 ,
3056 504 3233 565 neque
3256 493 3310 550 in
3336 493 3566 554 vacuum
3589 497 3746 558 labo-

2164 575 2296 629 ravi.
2339 575 2444 633 Sed
2486 586 2542 634 et
2581 578 2630 634 si
2673 580 2920 638 immolor
2950 598 3110 654 supra
3145 586 3464 644 sacriﬁcium
3493 602 3549 646 et
3589 593 3746 649 mini.

2164 669 2384 726 sterium
2414 670 2535 726 ﬁdei
2565 681 2757 729 vestrm
2773 715 2788 741 ,
2827 676 3032 747 gaudeo
3054 687 3111 734 et
3130 684 3470 752 congratulor
3490 687 3742 745 omnibus

2164 760 2334 816 vobis.
2379 761 2611 834 ldipsum
2631 775 2808 822 autem
2835 777 2890 824 et
2933 783 3028 824 vos
3055 771 3301 841 gaudete,
3330 783 3384 829 et
3406 778 3746 848 congratula-

2163 853 2293 909 mini
2325 855 2474 910 mihi.
2527 856 2695 927 Spero
2719 867 2896 914 autem
2931 858 2987 917 in
3009 862 3238 920 Domino
3255 863 3382 920 ἔθευ
3402 865 3744 925 Timotheum

2161 945 2271 1002 cito
2301 947 2512 1004 mittere
2538 948 2604 1004 ad
2631 965 2754 1018 vos,
2797 960 2856 1008 ut
2878 961 2934 1008 et
2970 969 3070 1026 ego
3101 954 3244 1011 bono
3271 957 3451 1014 animo
3479 961 3578 1015 sim
3605 1003 3621 1028 ,
3651 977 3746 1016 co-

2162 1051 2423 1112 gnoscens
2444 1057 2562 1112 quae
2587 1043 2734 1098 circa.
2753 1057 2850 1099 vos
2877 1054 3018 1100 sunt.
3083 1046 3360 1105 Neminem
3385 1052 3529 1107 enim
3568 1053 3744 1111 habeo

2161 1137 2268 1186 tam
2297 1132 2622 1202 unanimem,
2665 1135 2755 1206 qui
2803 1135 3007 1193 sincera
3035 1138 3315 1197 affectione
3340 1158 3436 1213 pro
3463 1144 3612 1200 vobis
3636 1147 3746 1203 sol-

2161 1224 2339 1282 licitus
2361 1226 2450 1282 sit.
2485 1226 2683 1284 Omnes
2709 1230 2850 1284 enim
2885 1244 2981 1286 sua
3020 1242 3294 1302 qumrunt,
3340 1252 3446 1291 non
3473 1253 3595 1309 qua:
3619 1249 3748 1297 sunt

2161 1317 2289 1374 Jesu
2311 1316 2532 1375 Christi.
2579 1320 3014 1392 Experimeutum
3053 1335 3229 1382 autem
3267 1329 3382 1398 ejus
3410 1334 3744 1404 cognoscite,

2162 1411 2410 1480 quoniam
2449 1411 2586 1466 sicut
2614 1413 2748 1482 patri
2783 1413 2922 1472 ﬁlius
2944 1457 2962 1483 ,
3005 1431 3214 1473 mecum
3240 1421 3459 1477 servivit
3486 1423 3542 1479 in
3564 1425 3748 1481 Evan-

2161 1503 2322 1573 gelio.
2367 1503 2519 1561 Hunc
2545 1505 2705 1576 igitur
2733 1521 2891 1576 spero
2915 1523 3003 1565 me
3036 1510 3286 1579 mittere,
3318 1529 3443 1569 mox
3468 1524 3528 1571 ut
3559 1517 3749 1575 videro

2161 1611 2282 1666 quae
2308 1598 2450 1652 circa
2477 1612 2562 1654 me
2601 1607 2743 1654 sunt.
2785 1600 3008 1658 Conﬁdo
3033 1613 3208 1660 autem
3243 1606 3297 1661 in
3323 1607 3580 1678 Domino,
3607 1627 3747 1683 quo-

2160 1689 2302 1744 niam
2327 1697 2383 1745 et
2410 1689 2526 1761 ipse
2549 1693 2757 1747 veniam
2789 1693 2856 1748 ad
2895 1710 2990 1752 vos
3013 1697 3141 1753 cito.
3167 1697 3534 1758 Necessarium
3564 1715 3749 1762 autem

2161 1785 2457 1841 existimavi
2484 1785 2907 1858 Epaphroditum
2938 1789 3155 1846 fratrem
3183 1800 3236 1847 et
3263 1803 3666 1865 cooperatorem
3687 1806 3749 1854 et

2160 1877 2579 1934 commilitonem
2606 1893 2783 1935 meum
2803 1921 2820 1950 ,
2848 1889 3086 1938 vestrum
3121 1893 3298 1942 autem
3322 1888 3620 1958 apostolum
3641 1931 3658 1958 ,
3688 1898 3749 1947 et

2162 1969 2465 2025 ministrum
2508 1960 2842 2028 necessitatis
2870 1988 3004 2029 mea:
3026 2016 3042 2042 ,
3083 1975 3296 2033 mittere
3331 1977 3398 2033 ad
3436 1993 3532 2034 vos
3563 1998 3577 2033 :
3603 1997 3743 2053 quo-

2159 2060 2302 2116 niam
2328 2062 2540 2132 quidem
2565 2078 2753 2119 omnes
2781 2079 2875 2120 vos
2913 2064 3270 2136 desiderabat,
3307 2077 3362 2125 et
3389 2079 3606 2126 moestus
3627 2083 3748 2130 erat

2162 2162 2380 2225 propter
2404 2155 2544 2224 quod
2585 2156 2807 2212 audistis
2842 2156 2991 2218 illum
3020 2159 3366 2216 inﬁrmatum.
3410 2161 3544 2219 Nam
3569 2173 3627 2220 et
3658 2165 3744 2220 in-

2119 2248 2126 2256 '
2163 2244 2402 2301 ﬁrmatus
2452 2254 2535 2302 est
2571 2262 2739 2318 usque
2779 2248 2845 2303 ad
2885 2259 3146 2319 mortem,
3183 2251 3277 2306 sed
3313 2253 3452 2309 Deus
3491 2255 3745 2312 misertus

2161 2344 2244 2392 est
2269 2337 2387 2408 ejus
2420 2355 2434 2393 :
2461 2353 2565 2394 non
2588 2338 2759 2394 solum
2781 2349 2958 2396 autem
2987 2341 3122 2411 ejus,
3152 2358 3335 2399 verum
3358 2346 3516 2402 etiam
3543 2356 3597 2402 et
3612 2349 3743 2417 mei,

2161 2443 2230 2492 ne
2254 2427 2523 2484 tristitiam
2555 2445 2716 2500 super
2755 2433 3019 2488 tristitiam
3056 2433 3330 2491 haberem.
3383 2437 3746 2498 Festinantius

2160 2534 2286 2592 ergo
2314 2521 2435 2577 misi
2461 2520 2609 2577 illum
2635 2563 2651 2590 ,
2696 2533 2752 2578 ut
2775 2524 2889 2580 viso
2912 2541 2978 2582 eo
3005 2527 3196 2582 iterum
3223 2529 3495 2600 gaudeatis
3517 2572 3533 2599 ,
3565 2540 3619 2588 et
3643 2548 3745 2603 ego

2160 2615 2280 2671 sine
2324 2615 2534 2671 tristitia
2577 2617 2700 2672 sim.
2754 2617 2997 2689 Excipite
3043 2621 3221 2692 itaque
3254 2622 3399 2678 illum
3437 2639 3559 2681 cum
3593 2628 3746 2684 omni

2159 2707 2352 2776 gaudio
2373 2708 2424 2762 in
2448 2707 2711 2777 Domino;
2743 2719 2797 2766 et
2812 2711 3072 2782 ejusmodi
3090 2729 3211 2769 cum
3238 2713 3440 2772 honore
3457 2716 3742 2776 habetote:

2159 2801 2410 2870 quoniam
2460 2809 2679 2872 propter
2720 2817 2852 2872 opus
2879 2802 3074 2860 Christi
3119 2820 3285 2877 usque
3308 2807 3374 2863 ad
3405 2818 3630 2865 mortem
3655 2826 3746 2868 ac-

2161 2894 2342 2961 cessit,
2374 2895 2592 2950 tradens
2616 2896 2848 2950 animam
2878 2912 3050 2964 suam,
3081 2907 3140 2954 ut
3164 2899 3409 2970 impleret
3429 2901 3572 2972 quod
3589 2903 3746 2960 vobis

2160 2985 2343 3042 deerat
2368 3002 2492 3058 erga
2523 3002 2696 3043 meum
2727 2988 3058 3059 obsequium.
3650 3002 3748 3063 -..αἱ

2231 3077 2302 3134 Et
2327 3078 2482 3151 paulo
2518 3088 2630 3150 post
2655 3078 2779 3154 [111.]
2809 3098 2823 3135 :
2851 3079 3096 3151 Fratres,
3136 3097 3235 3154 ego
3259 3099 3346 3139 me
3372 3099 3477 3140 non
3512 3084 3747 3142 arbitror

2159 3173 2579 3246 apprehendissc
2605 3190 2620 3227 :
2651 3189 2813 3228 unum
2835 3182 3033 3240 autem,
3067 3190 3185 3246 quae
3211 3177 3423 3246 quidem
3448 3186 3595 3233 retro
3620 3187 3749 3236 sunt

2161 3265 2510 3334 obliviscens,
2551 3265 2619 3320 ad
2648 3281 2711 3322 ea
2749 3280 2875 3322 vero
2911 3282 3029 3338 quae
3071 3275 3196 3322 sunt
3235 3269 3413 3338 priora
3450 3270 3747 3326 extendens

2161 3371 2278 3424 me,
2319 3357 2387 3412 ad
2411 3357 2730 3413 destinatum
2757 3373 3068 3428 persequor,
3105 3359 3178 3414 ad
3219 3360 3465 3416 bravium
3495 3377 3748 3434 superna:

2159 3447 2452 3503 vocationis
2475 3449 2568 3503 Dei
2602 3449 2654 3504 in
2683 3447 2895 3505 Christo
2921 3449 3066 3506 Jesu.
3098 3451 3427 3524 Quicumque
3465 3469 3592 3524 ergo
3614 3469 3747 3526 per-

2161 3537 2321 3606 fecti,
2354 3537 2457 3594 hoc
2484 3540 2812 3606 sentiamus;
2844 3550 2898 3596 et
2924 3542 2966 3596 si
2990 3541 3114 3612 quid
3135 3543 3291 3598 aliter
3326 3545 3532 3615 sapitis,
3559 3555 3613 3602 et
3640 3547 3750 3603 hoc

2161 3629 2316 3686 vobis
2346 3631 2485 3686 Deus
2504 3633 2759 3687 revelabit
2791 3651 2805 3689 :
2834 3643 3203 3691 verumtamen
3233 3637 3299 3691 ad
3330 3637 3381 3692 id
3409 3639 3425 3671 ¹
3453 3639 3592 3710 quod
3617 3655 3748 3710 per-

2162 3724 2427 3792 venimus,
2467 3733 2527 3780 ut
2553 3725 2692 3782 idem
2722 3727 2990 3798 sapiamus
3013 3770 3028 3794 ,
3056 3736 3110 3783 et
3133 3730 3186 3784 in
3212 3729 3397 3786 eadem
3424 3747 3746 3802 permanea-

2160 3831 2280 3873 mus
2318 3818 2520 3889 regula.
2570 3819 2869 3876 lmitatores
2906 3821 3014 3876 mei
3053 3830 3247 3891 estote,
3290 3823 3518 3892 fratres;
3561 3834 3617 3882 et
3645 3827 3750 3883 ob-

2159 3917 2370 3965 servate
2405 3924 2498 3965 eos
2527 3911 2616 3981 qui
2645 3911 2717 3966 ita
2754 3911 3026 3968 ambulant
3050 3955 3066 3982 ,
3110 3914 3249 3970 sicut
3285 3915 3491 3973 habetis
3517 3917 3746 3973 formam

2161 4008 2423 4057 nostram.
2455 4001 2603 4056 Multi
2635 4001 2779 4058 enim
2813 4004 3116 4072 ambulant,
3149 4023 3282 4078 quos
3320 4023 3462 4079 saepe
3497 4009 3747 4066 dicebam

2160 4093 2332 4160 vehis,
2387 4109 2528 4151 nunc
2572 4103 2748 4152 autem
2785 4104 2840 4152 et
2894 4097 3030 4153 ﬁens
3074 4098 3225 4168 dico,
3279 4100 3520 4157 inimicos
3565 4104 3750 4159 crucis

2161 4184 2356 4242 Christi
2387 4204 2402 4242 :
2431 4203 2654 4258 quorum
2693 4188 2815 4245 ﬁnis
2853 4189 3130 4259 interitus;
3178 4207 3402 4264 quorum
3445 4195 3584 4250 Deus
3610 4212 3749 4252 ven-

2163 4286 2267 4347 ter,
2303 4287 2360 4334 et
2384 4279 2550 4350 gloria
2573 4281 2627 4335 in
2654 4281 2962 4338 confusione
2990 4285 3266 4353 ipsorum;
3301 4287 3391 4356 qui
3417 4295 3624 4344 terrena
3653 4305 3748 4346 sa-

2162 4370 2334 4440 piunt.
2360 4369 2550 4427 Nostra
2581 4382 2756 4428 autem
2787 4376 3122 4432 conversatio
3145 4377 3197 4431 in
3222 4378 3371 4433 caelis
3400 4389 3502 4436 est.

2233 4461 2303 4516 Et
2350 4473 2460 4533 post
2504 4463 2738 4518 tredecim
2782 4483 2950 4521 versus
2977 4465 3096 4542 [tv.]
3131 4468 3409 4527 :Gaudete
3437 4472 3490 4527 in
3516 4472 3749 4530 Domino

2163 4570 2416 4626 semper;
2443 4557 2634 4612 iterum
2660 4557 2798 4623 dico,
2839 4559 3084 4629 gaudete.
3124 4561 3381 4619 Modestis
3415 4573 3590 4620 vestra
3617 4577 3748 4623 nota

2163 4649 2232 4704 sit
2274 4649 2520 4705 omnibus
2563 4651 2884 4706 hominibus.
2940 4651 3196 4708 Dominus
3239 4656 3383 4710 enim
3428 4672 3597 4728 prope
3637 4668 3745 4716 est.

2161 4739 2303 4796 Nihil
2327 4743 2534 4797 solliciti
2562 4743 2678 4797 sitis
2710 4761 2723 4797 :
2759 4743 2851 4798 sed
2879 4744 2931 4798 in
2964 4747 3108 4799 omni
3147 4747 3388 4804 oratione
3412 4757 3462 4803 et
3483 4747 3745 4806 obsecra-

2162 4833 2306 4888 tione
2337 4849 2456 4888 cum
2494 4836 2779 4905 gratiarum
2810 4837 3016 4891 actione
3044 4838 3326 4908 petitiones
3350 4848 3542 4896 vestrae
3582 4842 3746 4897 inno-

2163 4934 2366 4978 tescant
2385 4924 2522 4996 apud
2541 4925 2727 4981 Deum.
2750 4926 2817 4980 Et
2839 4942 2938 4997 pax
2961 4927 3074 4993 Dei,
3089 4944 3207 5000 qua:
3227 4940 3509 5002 exsuperat
3523 4947 3742 4990 omnem

2161 5029 2375 5069 sensum
2404 5055 2420 5083 ,
2467 5015 2734 5070 custodiat
2758 5015 2918 5071 corda
2951 5027 3125 5073 vestra
3151 5029 3204 5074 et
3246 5020 3621 5092 intelligentias
3648 5040 3748 5081 ve—

2160 5115 2299 5161 stras
2328 5107 2379 5161 in
2410 5105 2624 5162 Christo
2671 5107 2816 5163 Jesu.
2857 5108 2933 5164 De
2971 5118 3187 5178 caetero,
3217 5109 3434 5181 fratres,
3473 5129 3748 5185 quaecum-

2159 5213 2262 5268 que
2283 5209 2404 5254 sunt
2427 5213 2572 5265 vera,
2599 5215 2946 5272 quaecumque
2967 5202 3177 5272 pudica,
3203 5219 3549 5278 quaecumque
3569 5208 3743 5278 justa,

2158 5307 2504 5364 quacumque
2528 5304 2711 5350 sancta
2727 5336 2743 5362 ,
2785 5310 3133 5367 quaecumque
3155 5298 3402 5354 amabilia
3426 5342 3444 5368 ,
3469 5316 3746 5373 quaecum-

2157 5401 2262 5458 que
2289 5389 2443 5443 bonae
2489 5388 2680 5455 famae;
2726 5388 2770 5444 si
2795 5403 2895 5460 qua
2921 5389 3090 5445 virtus
3112 5432 3126 5457 ,
3160 5392 3204 5445 si
3243 5407 3346 5462 qua
3372 5394 3485 5448 laus
3513 5396 3534 5428 ³
3555 5435 3575 5462 ,
3625 5395 3742 5454 haec

2157 5481 2385 5551 cogitate
2419 5496 2579 5552 :quae
2620 5490 2674 5536 et
2717 5481 3010 5548 didicistis,
3060 5490 3115 5539 et
3140 5484 3456 5554 accepistis,
3497 5495 3552 5541 et
3589 5489 3737 5544 audi-

2125 5626 2132 5639 .
2221 5592 2519 5667 '_Abest,1'd,
2543 5607 2570 5644 a
2590 5596 2740 5667 sacris
2774 5594 2964 5667 Bibliis;
2975 5609 3147 5667 neque
3180 5599 3231 5648 in
3263 5596 3360 5649 illis
3389 5598 3637 5662 particula,
3675 5607 3738 5663 ct,

2156 5665 2265 5721 post
2285 5658 2506 5718 verbum,
2527 5658 3065 5721 sapimnus,_reperimr.

2219 5723 2240 5753 ³
2263 5721 2397 5794 Αρυίξ
2413 5725 2524 5794 hev.
2777 5719 2938 5794 fuerat
2965 5722 3061 5794 hic,
3094 5721 3380 5794 dimdium,
3398 5723 3538 5786 juxta
3558 5722 3735 5786 Vulga-

2155 5781 2521 5897 ιῖξὶθξὲἀωῖω.
2545 5788 2618 5830 Π.
2655 5789 2706 5833 et
2723 5785 2898 5848 Regius
2917 5783 3073 5834 codex
3095 5797 3266 5835 vocem
3287 5781 3428 5836 istam
3447 5798 3557 5835 cum
3573 5781 3738 5858 grana

2156 5861 2187 5909 Ῐ)
2460 5880 2471 5893 υ
