4074 6354
279 412 413 472 1017

277 528 405 595 slis,
451 532 507 581 et
546 520 755 578 vidistis
798 520 854 575 in
890 531 1014 585 me,
1056 513 1171 571 haec
1200 508 1375 584 agite;
1425 518 1481 567 et
1526 511 1665 567 Deus
1712 508 1861 582 pacis

278 621 380 678 erit
403 618 701 673 vobiscum.
744 611 967 669 Gavisus
991 623 1106 664 sum
1136 615 1311 662 autem
1357 606 1411 660 in
1439 603 1664 659 Domino
1700 601 1862 657 vehe-

282 720 496 772 menter
521 752 538 778 ,
588 706 839 779 quoniam
875 701 1089 758 tandem
1114 698 1395 771 aliquando
1425 695 1738 753 reﬁoruistis
1766 707 1862 763 pro

277 822 366 863 me
397 802 622 866 sentire,
654 798 789 853 sicut
813 802 868 851 et
890 790 1202 850 sentiebatis
1230 808 1245 845 :
1272 788 1515 859 occupati
1543 794 1721 842 autem
1744 800 1864 841 era-

279 899 368 954 tis.
418 896 536 951 Non
586 891 738 964 quasi
784 897 1002 960 propter
1048 884 1326 957 penuriam
1373 881 1513 937 dico.
1565 879 1679 951 Ego
1720 878 1862 933 enim

278 988 463 1055 didici,
495 986 550 1041 in
577 983 769 1055 quibus
795 995 915 1035 sum
937 1020 952 1046 ,
983 976 1253 1033 sufﬁciens
1279 988 1418 1030 esse.
1459 972 1583 1028 Scio
1608 981 1661 1027 et
1686 970 1861 1025 humi-

278 1079 398 1137 liari
427 1095 441 1145 ;
484 1077 597 1132 scio
623 1082 679 1129 et
705 1070 979 1128 abundare
1009 1085 1024 1123 :
1053 1067 1248 1137 ubique
1271 1064 1402 1121 etin
1431 1062 1678 1119 omnibus
1716 1059 1865 1115 insti-

281 1181 427 1228 tutus
454 1184 596 1235 sum,
626 1178 681 1223 et
704 1164 908 1231 satiari,
936 1172 991 1218 et
1013 1161 1240 1226 esurire,
1266 1166 1320 1214 et
1352 1156 1624 1211 abundare
1647 1198 1661 1223 ,
1693 1163 1746 1210 ct
1774 1168 1866 1224 pe-

280 1264 490 1320 nuriam
518 1259 631 1330 pati
660 1276 673 1311 :
702 1252 880 1311 omnia
911 1267 1128 1325 possum
1159 1251 1213 1307 in
1243 1265 1308 1306 eo
1337 1249 1425 1319 qui
1466 1263 1553 1303 me
1578 1246 1860 1302 confortat.

281 1355 664 1411 Verumtamen
687 1349 824 1403 bene
848 1346 1047 1401 fecistis
1067 1341 1522 1399 communicantes
1541 1337 1866 1393 tribulationi

282 1462 439 1504 mere.
491 1443 650 1499 Scitis
689 1448 869 1495 autem
912 1445 966 1492 et
1005 1451 1138 1501 vos,
1184 1432 1583 1503 Philippenses,
1628 1428 1767 1500 quod
1813 1427 1865 1482 in

282 1537 547 1612 principio
579 1531 883 1602 Evangelii,
931 1528 1143 1599 quando
1180 1526 1447 1595 profectus
1486 1537 1602 1577 sum
1641 1536 1669 1575 a
1696 1520 1868 1576 Mace-

284 1630 442 1687 donia
470 1669 484 1693 ,
527 1626 669 1682 nulla
698 1623 827 1678 mihi
857 1620 1092 1676 Ecclesia
1137 1615 1545 1673 communicavit
1584 1614 1635 1668 in
1664 1614 1869 1668 ratione

285 1721 395 1777 dati
424 1729 480 1775 et
502 1715 704 1786 accepti
730 1755 743 1779 ,
788 1714 891 1767 nisi
920 1725 1015 1765 vos
1039 1710 1136 1765 soli
1168 1726 1179 1761 :
1212 1708 1335 1778 quia
1363 1716 1417 1762 et
1445 1707 1496 1760 in
1528 1703 1869 1759 Thessaloni-

282 1829 403 1870 cam
423 1822 478 1867 et
507 1809 673 1865 semel
701 1816 756 1863 et
784 1806 864 1860 bis
894 1805 945 1859 in
975 1818 1127 1857 usum
1163 1801 1293 1855 mihi
1321 1799 1557 1854 misistis.
1602 1797 1716 1852 Non
1747 1796 1868 1867 quia

284 1920 471 1979 quaero
507 1901 722 1965 datum,
768 1897 863 1953 sed
904 1895 1119 1965 requiro
1155 1893 1382 1947 fructum
1421 1890 1776 1946 abundantem
1814 1889 1869 1943 in

284 1997 544 2054 rationem
568 2003 794 2047 vestram
827 1989 867 2042 ¹.
918 1987 1098 2041 Habeo
1123 1994 1300 2039 autem
1324 1982 1524 2046 omnia,
1556 1989 1609 2035 et
1636 1979 1865 2035 abundo.

289 2087 546 2158 Repletus
580 2100 716 2151 sum,
744 2082 974 2151 acceptis
1009 2078 1076 2133 ab
1099 2075 1459 2147 Epaphrodito
1487 2089 1604 2145 quas
1629 2073 1865 2138 misistis,

285 2179 511 2235 odorem
558 2175 867 2239 suavitatis,
924 2170 1151 2226 hostiam
1199 2164 1615 2237 acceptabilem,
1656 2165 1870 2235 placen-

286 2282 395 2328 tem
421 2273 551 2327 Deo.

430 2362 521 2418 DE
567 2357 899 2415 EPISTOLA
936 2355 958 2412 Ι
1007 2355 1069 2410 Β.
1128 2351 1331 2410 PAULI
1391 2351 1481 2405 AD
1518 2348 1724 2406 ΤΗΕὸ-

825 2444 1346 2506 SALONICENSES.

360 2550 514 2624 [Cap.
547 2544 632 2620 n.]
660 2544 764 2617 ipsi
785 2542 954 2608 scitis,
990 2541 1202 2605 fratres,
1245 2536 1518 2592 introitum
1546 2545 1785 2589 nostrum
1808 2533 1876 2588 ad

288 2657 406 2709 vos,
451 2640 572 2710 quia
605 2651 709 2692 non
758 2634 927 2688 inanis
957 2630 1054 2686 fuit
1086 2649 1097 2683 :
1125 2629 1219 2685 sed
1259 2636 1381 2683 ante
1418 2625 1559 2697 passi
1598 2625 1795 2680 multa”
1822 2633 1878 2679 et

289 2730 635 2789 contumeliis
661 2726 856 2793 affecti,
888 2724 1023 2779 sicut
1053 2722 1220 2787 scitis,
1249 2721 1300 2775 in
1329 2718 1603 2788 Philippis,
1628 2717 1874 2772 ﬁduciam

291 2824 578 2881 habuimus
604 2821 658 2875 in
684 2820 794 2874 Deo
820 2827 1003 2873 nostro
1027 2815 1168 2886 loqui
1196 2814 1262 2868 ad
1286 2828 1387 2867 vos
1415 2810 1757 2881 Evangelium
1781 2809 1873 2864 Dei

292 2919 347 2974 in
379 2916 546 2971 multa
572 2911 941 2969 sollicitudine.
970 2907 1282 2963 Exhortatio
1302 2905 1443 2961 enim
1474 2911 1652 2958 nostra
1680 2917 1787 2956 non
1810 2902 1878 2957 de

292 3023 504 3076 errore,
522 3021 696 3076 neque
710 3004 776 3059 de
798 3000 1154 3066 immunditia,
1183 3013 1354 3068 neque
1376 2997 1428 3050 in
1446 2995 1570 3050 dolo
1597 3011 1612 3047 :
1647 2993 1739 3048 sed
1770 2994 1876 3049 sic-

293 3109 354 3156 ut
412 3097 617 3170 probati
645 3108 827 3149 sumus
854 3108 886 3146 a
911 3092 1019 3146 Deo
1038 3132 1054 3158 ,
1097 3097 1155 3143 ut
1179 3087 1487 3142 crederetur
1517 3085 1668 3140 nobis
1698 3084 1873 3138 Evan-

292 3192 514 3263 gelium,
546 3188 617 3243 ita
634 3186 903 3257 loquimur
922 3199 937 3247 ;
958 3196 1061 3236 non
1080 3180 1230 3251 quasi
1256 3177 1560 3232 hominibus
1584 3177 1874 3246 placentes,

294 3282 531 3339 sed'Deo
551 3322 566 3345 ,
595 3279 683 3349 qui
729 3277 918 3347 probat
960 3273 1119 3327 corda
1162 3280 1363 3326 nostra.
1397 3270 1579 3339 Neque
1607 3268 1747 3322 enim
1778 3266 1878 3320 ali-

294 3375 508 3448 quando
551 3373 743 3427 fuimus
768 3372 819 3425 in
859 3381 1101 3424 sermone
1129 3362 1465 3428 adulationis,
1511 3361 1649 3415 sicut
1690 3360 1876 3415 scitis:

295 3486 475 3541 neque
496 3469 548 3523 in
579 3466 858 3521 occasione
902 3459 1135 3516 avaritiae
1156 3500 1170 3524 ,
1202 3457 1341 3511 Deus
1372 3454 1520 3509 testis
1548 3462 1631 3509 est
1662 3471 1674 3505 :
1707 3465 1879 3521 neque

295 3569 598 3635 qurerentes
633 3556 700 3611 ab
720 3554 1022 3609 hominibus
1048 3550 1293 3621 gloriam,
1326 3562 1498 3617 neque
1523 3562 1551 3598 a
1581 3545 1753 3610 vobis,
1780 3558 1878 3598 ne-

294 3674 399 3730 que
419 3657 487 3713 ab
512 3653 647 3709 aliis.
673 3650 805 3707 Cum
836 3659 1115 3719 possemus
1142 3642 1291 3697 vobis
1316 3638 1464 3694 oneri
1488 3652 1625 3703 esse,
1658 3644 1715 3691 ut
1732 3636 1881 3691 Chri-

296 3728 363 3805 sti
400 3744 677 3817 Apostoli:
726 3739 817 3795 sed
861 3737 980 3793 facti
1018 3749 1202 3790 sumus
1240 3731 1442 3803 parvuli
1483 3730 1534 3784 in
1577 3728 1756 3783 medio
1783 3742 1879 3782 ve-

301 3851 494 3905 strum,
533 3845 783 3903 tanquam
812 3830 856 3885 si
886 3828 1063 3884 nutrix
1100 3826 1274 3880 foveat
1302 3823 1436 3878 ﬁlios
1460 3836 1605 3876 suos.
1633 3819 1707 3874 Ita
1735 3818 1879 3873 desi-

296 3933 550 3989 derantes
575 3941 691 3992 vos,
720 3921 910 3991 cupide
929 3918 1236 3974 volebamus
1260 3914 1467 3970 tradere
1491 3912 1640 3966 vobis
1663 3924 1768 3965 non
1795 3923 1883 3964 so-

298 4026 407 4081 lum
436 4019 781 4090 Evangelium
805 4014 920 4081 Dei,
944 4011 1037 4067 sed
1062 4010 1220 4064 etiam
1248 4008 1451 4061 animas
1479 4013 1684 4058 nostras
1710 4019 1723 4068 ;
1752 4016 1884 4073 quo-

296 4119 439 4175 niam
462 4111 759 4172 charissimi
786 4108 939 4164 nobis
968 4105 1087 4159 facti
1111 4104 1256 4158 estis.
1293 4100 1558 4155 Memores
1586 4098 1727 4151 enim
1755 4094 1883 4149 facti

300 4211 428 4267 estis
447 4250 464 4275 ,
507 4206 726 4269 fratres,
752 4199 949 4256 laboris
977 4195 1142 4251 nostri
1178 4202 1232 4249 et
1257 4190 1576 4262 fatigationis
1606 4208 1617 4243 :
1650 4195 1806 4243 nocte
1830 4195 1885 4242 et

299 4305 384 4359 die
409 4301 737 4362 laborantes,
766 4309 833 4348 ne
862 4305 1018 4362 quem
1040 4297 1272 4343 vestrum
1296 4297 1659 4356 gravaremus,
1693 4280 1885 4351 prazdi-

302 4394 538 4449 cavimus
568 4390 621 4443 in
648 4386 801 4440 vobis
826 4379 1167 4451 Evangelium
1200 4377 1314 4432 Dei.
1349 4374 1457 4430 Vos
1487 4381 1647 4428 testes
1675 4372 1803 4427 estis
1832 4378 1883 4426 et

303 4486 441 4541 Deus
464 4524 481 4550 ,
522 4495 682 4552 quam
707 4482 919 4540 sancte,
943 4481 997 4527 et
1019 4470 1162 4541 juste
1181 4510 1194 4535 ,
1223 4474 1278 4523 et
1303 4467 1418 4520 sine
1457 4462 1672 4534 querela
1710 4459 1881 4525 vobis,

304 4577 391 4649 qui
417 4569 744 4635 credidistis,
771 4564 1019 4621 affuimus
1048 4581 1061 4617 ε
1093 4560 1229 4616 sicut
1248 4557 1414 4621 scitis,
1440 4554 1664 4625 qualiter
1693 4564 1885 4604 unum-

302 4643 567 4740 quemque
591 4670 855 4724 vestrum,
886 4666 1132 4725 tanquam
1162 4658 1313 4722 pater
1349 4648 1485 4703 ﬁlios
1512 4660 1657 4711 suos,
1691 4643 1885 4713 depre-

303 4734 497 4817 cantes
513 4770 629 4821 vos,
658 4764 710 4809 et
739 4749 1104 4809 consolantes,
1133 4740 1397 4799 testiﬁcati
1418 4752 1601 4793 sumus
1621 4744 1678 4790 ut
1696 4734 1885 4788 ambu-

303 4853 487 4909 laretis
506 4851 664 4919 digne
689 4847 820 4913 Deo,
849 4843 938 4913 qui
962 4839 1168 4895 vocavit
1199 4852 1295 4891 vos
1331 4836 1382 4889 in
1410 4847 1561 4887 suum
1590 4846 1809 4899 regnum
1835 4837 1889 4884 et

301 4946 546 5019 gloriam.
578 4941 700 4996 Ideo
728 4947 781 4993 et
807 4952 905 4992 nos
927 4933 1123 5006 gratias
1161 4929 1366 5000 agimus
1409 4927 1518 4981 Deo
1567 4925 1680 4979 sine
1721 4924 1886 4977 inter-

304 5012 590 5099 missione;
624 5030 873 5102 quoniam
916 5041 1039 5081 cum
1067 5018 1407 5090 accepissetis
1433 5031 1462 5069 a
1489 5015 1642 5069 nobis
1668 5012 1886 5067 verbum

306 5130 519 5186 auditus
539 5124 656 5191 Dei,
675 5118 956 5189 accepistis
983 5114 1110 5170 illud
1130 5127 1231 5166 non
1260 5118 1316 5165 ut
1337 5108 1555 5164 verbum
1586 5104 1884 5171 hominum,

307 5222 399 5280 sed
422 5221 562 5276 sicut
590 5224 673 5272 est
694 5228 822 5269 vere
840 5209 1061 5266 verbum
1083 5204 1211 5268 Dei,
1240 5203 1327 5274 qui
1358 5208 1607 5270 operatur
1636 5198 1684 5251 in
1716 5195 1887 5263 vobis,

309 5314 393 5383 qui
410 5306 734 5367 credidistis.
757 5302 865 5358 Vos
880 5300 1021 5355 enim
1045 5295 1336 5351 imitatores
1357 5291 1479 5346 facti
1502 5289 1650 5352 estis,
1675 5286 1886 5352 fratres,

309 5378 666 5464 Ecclesiarum
692 5397 811 5463 Dei,
838 5408 955 5464 quae
976 5398 1099 5446 sunt
1124 5388 1175 5442 in
1201 5384 1403 5447 Judtea,
1428 5384 1479 5437 in
1496 5380 1709 5435 Christo
1730 5378 1884 5445 Iesu;

309 5500 429 5569 quia
458 5494 646 5552 eadem
674 5487 817 5561 passi
845 5485 972 5542 estis
996 5490 1052 5538 et
1072 5493 1167 5536 vos
1196 5493 1224 5531 a
1250 5471 1633 5532 contribulibus
1661 5470 1850 5525 vestris
1870 5511 1886 5534 ,

310 5594 446 5647 sicut
470 5599 524 5645 et
551 5586 649 5657 ipsi
682 5600 712 5639 a
736 5580 951 5637 Judteis.

381 5680 451 5737 Et
471 5680 571 5733 alio
597 5678 705 5731 loco
731 5670 856 5745 [μμ]
880 5689 892 5724 :
925 5671 997 5723 De
1018 5673 1214 5721 caetero
1235 5675 1380 5730 ergo,
1407 5658 1620 5719 fratres,
1644 5667 1890 5725 rogamus

374 5775 392 5808 ι
415 5772 537 5823 Editi
570 5776 711 5819 antea
744 5765 881 5826 juxta
901 5758 1183 5826 Vulgatamt
1200 5750 1254 5802 in
1487 5752 1684 5826 austro;
1707 5750 1762 5795 At
1781 5751 1886 5795 Mss.

311 5815 672 5901 juxta
696 5815 1465 5901 et'antiqnag‘iinaLLaIW
1484 5815 1688 5877 vestram

376 5879 722 5947 Rogauit“.
746 5902 774 5937 a
794 5879 942 5936 sacris
958 5880 1116 5933 Bibliis
1130 5879 1286 5927 abest.

1890 311 2232 333 ‘ansumr-w

1488 397 1577 455 DE
1615 393 1999 455 SCRIPTUM
2033 397 2277 459 SACRA.

3406 416 3503 475 IOI

1965 419 1999 454 ι
2034 419 2277 459 anuus.
3135 435 3139 440 ’
3406 419 3545 479 1018

1965 528 2082 583 vos,
2102 525 2156 572 et
2170 517 2511 574 obsecramus
2535 520 2589 576 in
2608 506 2834 577 Domino
2851 519 2997 591 Jesu,
3020 529 3078 581 ut
3098 525 3544 597 quemadmodum

1964 613 2245 681 accepistis
2270 629 2299 668 a
2322 615 2476 670 nobis
2500 616 2770 687 quomodo
2793 632 2888 673 vos
2914 628 3155 690 oporteat
3180 620 3471 690 ambulare,
3492 631 3547 678 et

1965 703 2177 775 placere
2206 706 2350 772 Deo,
2382 708 2460 764 sic
2497 717 2551 763 et
2592 709 2906 777 ambulctis,
2949 721 3006 766 ut
3046 711 3329 769 abundetis
3356 714 3544 784 magis.

1966 796 2125 855 Scitis
2146 801 2287 855 enim
2312 816 2431 871 quae
2457 811 2717 873 praecepta
2744 802 3046 859 dederimus
3070 804 3221 859 vobis
3247 820 3347 877 per
3370 806 3548 861 Domi-

1967 907 2096 948 num
2125 891 2325 948 Jesum.
2358 893 2482 949 Ilaec
2508 901 2592 950 est
2618 894 2759 950 enim
2786 894 3030 951 voluntas
3056 896 3169 961 Dei,
3200 897 3548 958 sanctiﬁcatio

1967 994 2143 1041 vestra
2169 1027 2185 1053 ,
2238 994 2294 1039 ut
2341 985 2647 1042 abstineatis
2674 1001 2770 1041 vos
2813 1002 2841 1039 a
2884 987 3265 1054 fornicatione;
3314 999 3373 1044 ut
3417 990 3550 1044 sciat

1967 1079 2331 1149 unusquisque
2358 1086 2591 1133 vestrum
2624 1093 2776 1133 suum
2802 1093 2895 1133 vas
2922 1078 3191 1149 possidere
3224 1079 3275 1134 in
3309 1079 3547 1135 sanctiﬁ-

1969 1170 2178 1226 catione
2203 1179 2257 1225 et
2280 1170 2502 1235 honore,
2534 1185 2639 1225 non
2668 1171 2718 1225 in
2748 1170 2998 1241 passione
3027 1170 3304 1239 desiderii,
3336 1172 3471 1227 sicut
3496 1182 3551 1227 et

1969 1272 2154 1335 gentes
2182 1277 2301 1332 quae
2347 1262 2590 1333 ignorant
2616 1262 2812 1329 Deum;
2843 1270 2897 1318 et
2921 1277 2989 1318 ne
3022 1263 3139 1333 quis
3180 1262 3549 1333 supergredia-

1970 1361 2078 1421 tur,
2123 1368 2295 1424 neque
2339 1352 2717 1408 circumveniat
2766 1354 2820 1407 in
2865 1352 3077 1425 negotio
3104 1352 3319 1408 fratrem
3358 1368 3547 1409 suum:

1970 1445 2221 1516 quoniam
2251 1443 2445 1501 vindex
2473 1453 2554 1499 est
2585 1444 2725 1499 Deus
2754 1444 2821 1499 de
2849 1444 2935 1500 his
2961 1444 3229 1513 omnibus,
3252 1445 3388 1500 sicut
3411 1459 3552 1516 prae-

1970 1537 2199 1593 diximus
2218 1537 2370 1592 vobis
2388 1580 2402 1605 ,
2434 1546 2487 1592 et
2515 1537 2782 1593 testiﬁcati
2809 1552 3011 1593 sumus.
3042 1537 3158 1594 Non
3180 1539 3321 1594 enim
3347 1538 3556 1594 vocavit

1972 1646 2070 1687 nos
2102 1630 2243 1686 Deus
2272 1631 2323 1685 in
2366 1631 2787 1699 immunditiam,
2829 1631 2923 1687 sed
2963 1630 3017 1686 in
3059 1631 3552 1687 sanctiﬁcationem.

1972 1722 2153 1795 Itaque
2194 1727 2281 1794 qui
2328 1723 2442 1778 lure
2485 1725 2708 1793 Spernit,
2742 1738 2847 1778 non
2874 1722 3145 1779 hominem
3189 1723 3423 1793 spernit,
3458 1722 3555 1779 sed

1973 1816 2138 1871 Deum
2182 1835 2194 1871 :
2230 1816 2317 1885 qui
2349 1816 2508 1870 etiam
2547 1815 2693 1871 dedit
2734 1815 2986 1885 Spiritum
3028 1830 3182 1869 suum
3222 1824 3461 1869 sanctum
3501 1814 3555 1869 in

1972 1909 2143 1964 vobis.
2184 1909 2257 1963 De
2294 1908 2550 1964 charitate
2595 1916 2772 1963 autem
2807 1907 3149 1962 fraternitatis
3192 1923 3295 1963 non
3335 1920 3557 1963 necesse

1975 2000 2230 2055 habemus
2270 2000 2504 2053 scribere
2530 1998 2681 2053 vobis
2711 2016 2723 2051 :
2756 1998 2855 2068 ipsi
2882 1998 3024 2053 enim
3056 2013 3150 2052 vos
3176 2012 3206 2050 a
3235 1997 3342 2051 Dco
3368 1995 3555 2051 didici—

1974 2097 2071 2151 stis
2097 2105 2153 2149 ut
2179 2094 2408 2163 diligatis
2434 2093 2679 2147 invicem.
2710 2091 2921 2147 Etenim
2947 2090 3116 2146 facitis
3144 2089 3273 2145 illud
3293 2090 3347 2144 in
3373 2104 3559 2144 omnes

1974 2188 2170 2244 fratres
2210 2187 2261 2240 in
2304 2188 2548 2240 universa
2579 2183 2905 2238 Macedonia.
2936 2182 3203 2253 Rogamus
3236 2190 3411 2236 autem
3441 2195 3557 2248 vos,

1976 2282 2190 2347 fratres,
2215 2287 2274 2333 ut
2294 2277 2573 2333 abundetis
2600 2276 2799 2347 magis;
2822 2285 2877 2331 et
2900 2290 3120 2345 operam
3141 2273 3297 2339 detis,
3326 2281 3383 2327 ut
3399 2272 3562 2343 quieti

1977 2373 2096 2429 sitis
2119 2389 2133 2439 ;
2154 2379 2206 2425 et
2228 2378 2285 2424 ut
2308 2377 2541 2423 vestrum
2563 2367 2831 2438 negotium
2849 2366 3038 2436 agatis,
3063 2373 3117 2420 et
3132 2364 3423 2435 Operemini
3447 2378 3561 2417 ma-

1978 2464 2134 2519 nibus
2176 2461 2374 2517 vestris
2396 2502 2410 2525 ,
2455 2460 2592 2514 sicut
2629 2458 2982 2529 prmccpimus
3029 2457 3181 2512 vobis
3210 2474 3222 2510 :
3258 2465 3318 2510 ut
3342 2456 3563 2511 honeste

1977 2555 2262 2611 ambuletis
2286 2553 2353 2608 ad
2378 2566 2474 2608 eos
2494 2552 2581 2622 qui
2612 2551 2740 2605 foris
2764 2559 2906 2618 sunt,
2938 2558 2993 2605 et
3018 2549 3215 2605 nullius
3246 2547 3440 2618 aliquid
3467 2547 3565 2603 de-

1979 2649 2247 2705 sideretis.
2286 2647 2541 2701 Nolumus
2593 2653 2769 2700 autem
2800 2658 2895 2698 vos
2934 2644 3211 2714 ignorare,
3245 2642 3462 2708 fratres,
3497 2640 3565 2696 de

1980 2739 2369 2797 dormientibus
2390 2781 2404 2806 ,
2437 2746 2494 2793 ut
2520 2754 2630 2793 non
2667 2736 3086 2803 contristemini,
3119 2735 3257 2791 sicut
3293 2743 3347 2790 et
3385 2734 3563 2790 caeteri

1979 2835 2067 2906 qui
2095 2847 2242 2904 spem
2264 2847 2369 2887 non
2395 2831 2611 2885 habent.

2052 2924 2123 2980 Et
2162 2934 2274 2996 post
2302 2924 2495 2994 aliquos
2525 2938 2691 2976 versus
2720 2917 2824 2994 [v.]
2850 2939 2863 2974 :
2892 2919 3053 2991 Igitur
3073 2934 3177 2974 non
3206 2917 3529 2973 dormiamus
3548 2957 3563 2983 ,

1980 3018 2116 3073 sicut
2131 3024 2185 3071 et
2204 3015 2383 3071 caeteri
2405 3033 2417 3068 :
2441 3013 2535 3069 sed
2556 3012 2826 3082 vigilemus
2846 3020 2899 3066 et
2914 3010 3074 3066 sobrii
3100 3009 3284 3064 simus.
3306 3007 3407 3075 Qui
3424 3007 3567 3063 enim

1982 3107 2279 3170 dormiunt,
2311 3113 2468 3159 nocte
2509 3103 2812 3167 dormiunt;
2862 3110 2917 3157 et
2957 3102 3043 3171 qui
3076 3099 3210 3156 ebrii
3235 3108 3378 3165 sunt,
3410 3107 3568 3154 nocte

1984 3198 2122 3256 ebrii
2151 3207 2295 3253 sunt.
2335 3196 2442 3252 Nos
2484 3204 2658 3251 autem
2689 3196 2778 3265 qui
2803 3194 2905 3249 diei
2935 3208 3139 3260 sumus,
3181 3192 3341 3248 sobrii
3367 3191 3565 3257 simus;

1983 3291 2151 3346 induti
2183 3288 2402 3343 loricam
2443 3287 2565 3343 ﬁdei
2592 3295 2645 3341 et
2678 3285 2969 3350 charitatis,
2997 3292 3050 3338 et
3078 3283 3279 3353 galeam
3301 3296 3449 3353 spem
3476 3296 3567 3337 sa:

1984 3381 2131 3435 Iutis.
2163 3378 2424 3445 Quoniam
2455 3391 2559 3430 non
2589 3376 2765 3447 posuit
2790 3389 2889 3429 nos
2924 3374 3064 3428 Deus
3088 3373 3141 3427 in
3170 3372 3299 3428 iram
3320 3413 3335 3440 ,
3374 3371 3468 3427 sed
3512 3372 3567 3427 in

1983 3470 2387 3542 aequisitionem
2428 3468 2613 3522 salutis
2635 3510 2648 3530 ,
2687 3482 2783 3536 per
2810 3464 3088 3521 Dominum
3118 3473 3356 3520 nostrum
3384 3462 3565 3520 Jesum

1982 3563 2250 3619 Christum
2283 3579 2296 3616 :
2325 3560 2412 3629 qui
2452 3570 2694 3614 mortuus
2718 3567 2799 3614 est
2824 3573 2918 3627 pro
2944 3557 3116 3623 nobis,
3159 3565 3219 3611 ut
3246 3556 3358 3611 sive
3382 3555 3568 3625 vigileo

1983 3671 2123 3717 mus,
2155 3653 2267 3709 sive
2303 3652 2653 3718 dormiamus,
2684 3651 2839 3706 simul
2881 3664 3002 3705 cum
3032 3649 3120 3704 illo
3142 3649 3400 3704 vivamus.
3431 3648 3565 3703 Pro-

1983 3757 2101 3819 pter
2146 3747 2285 3817 quod
2333 3744 2677 3800 consolamini
2718 3743 2980 3811 invicem,
3012 3750 3066 3798 et
3107 3742 3364 3797 aediﬁcate
3411 3741 3570 3798 alter-

1985 3850 2162 3895 utrum
2186 3881 2201 3908 ,
2234 3839 2370 3894 sicut
2402 3846 2455 3892 ct
2485 3836 2674 3892 facitis.
2705 3837 2972 3906 Rogamus
2996 3844 3175 3891 autem
3201 3850 3317 3901 vos,
3344 3834 3565 3901 fratres,

1986 3943 2047 3988 ut
2075 3931 2331 3986 noveritis
2352 3944 2446 3985 eos
2474 3929 2561 3999 qui
2588 3928 2833 3983 laborant
2857 3928 2993 3982 inter
3011 3942 3126 3991 vos,
3147 3935 3203 3982 et
3228 3936 3462 3997 praesunt
3479 3940 3571 3982 vo-

1986 4025 2068 4081 bis
2097 4026 2149 4080 in
2174 4024 2418 4089 Domino,
2451 4031 2506 4079 et
2524 4031 2745 4078 monent
2768 4036 2882 4087 vos,
2909 4029 2969 4076 ut
2994 4020 3231 4076 habeatis
3260 4020 3377 4075 illos
3400 4020 3571 4075 abun-

1991 4118 2207 4175 dantius
2258 4118 2310 4172 in
2342 4116 2633 4183 charitate,
2684 4124 2901 4186 propter
2942 4130 3075 4186 opus
3112 4113 3354 4178 illorum;
3387 4127 3568 4181 pacem

1989 4210 2182 4268 habete
2211 4224 2331 4265 cum
2371 4208 2472 4263 eis.
2499 4208 2769 4277 Rogamus
2796 4216 2971 4261 autem
3002 4218 3117 4269 vos,
3148 4202 3374 4267 fratres;
3401 4201 3569 4257 corri-

1989 4302 2098 4374 pite
2122 4302 2404 4372 inquietos,
2438 4297 2786 4353 consolamini
2813 4294 3197 4365 pusillanimes,
3220 4291 3469 4360 suscipite
3489 4290 3571 4344 in-

1992 4394 2192 4457 ﬁrmos,
2216 4392 2479 4461 patientes
2505 4397 2675 4444 estote
2695 4387 2760 4442 ad
2787 4401 2992 4442 omnes.
3014 4384 3201 4439 Videte
3226 4398 3293 4438 ne
3317 4380 3435 4452 quis
3455 4396 3570 4437 ma~

1990 4486 2098 4541 lum
2130 4499 2226 4555 pro
2254 4484 2393 4537 malo
2414 4482 2570 4536 alicui
2594 4479 2782 4535 reddat
2808 4498 2821 4534 :
2854 4478 2948 4534 sed
2979 4492 3191 4547 semper
3210 4475 3350 4547 quod
3373 4476 3569 4530 bonum

1990 4584 2072 4632 est
2099 4574 2376 4631 sectamini
2403 4573 2456 4627 in
2486 4572 2735 4637 invicem,
2770 4579 2823 4626 et
2849 4570 2899 4624 in
2931 4584 3140 4625 omnes.
3180 4569 3405 4638 Semper
3426 4583 3571 4639 gau-

1992 4669 2150 4731 dete;
2200 4666 2316 4723 sine
2361 4662 2751 4719 intermissione
2796 4672 2979 4728 orate;
3007 4662 3059 4717 in
3094 4661 3337 4716 omnibus
3378 4659 3573 4731 gratias

1992 4760 2151 4831 agite.
2183 4758 2311 4812 Haec
2334 4756 2475 4812 enim
2510 4756 2753 4810 voluntas
2782 4754 2876 4810 Dei
2908 4762 2990 4810 est
3021 4755 3076 4809 in
3105 4753 3316 4810 Christo
3340 4751 3485 4818 Jesu,
3517 4751 3572 4806 in

1992 4851 2238 4907 omnibus
2262 4848 2430 4903 vobis.
2473 4847 2726 4918 Spiritum
2762 4846 2923 4902 nolite
2951 4848 3305 4917 exstinguere.
3331 4842 3570 4911 Pr0phc-

1993 4943 2094 4998 tias
2121 4940 2286 4997 nolite
2304 4954 2577 5010 spernere.
2600 4937 2787 4994 Omnia
2814 4947 2991 4992 autem
3020 4936 3238 5007 probate
3263 4953 3277 4990 :
3305 4932 3446 5004 quod
3475 4931 3572 4986 bo-

1994 5051 2122 5091 num
2151 5042 2234 5091 est
2260 5038 2453 5089 t’enete.
2484 5032 2564 5086 Ab
2584 5031 2726 5085 omni
2754 5031 2931 5100 specie
2954 5028 3093 5083 mala
3119 5026 3377 5083 abstinete
3403 5038 3515 5079 vos.

2148 5126 2238 5182 DE
2277 5124 2604 5181 EPISTOLA
2641 5122 2684 5177 II
2731 5122 2794 5177 B.
2837 5119 3040 5177 PAULI
3077 5119 3169 5173 AD
3206 5115 3407 5173 THES-

2222 5236 2231 5241 '
2524 5209 3043 5270 SALONICENSES.

2067 5307 2215 5383 [Cap.
2257 5306 2321 5381 ι.]
2349 5305 2557 5364 Gratias
2587 5319 2745 5375 agere
2794 5301 3046 5358 debemus
3092 5300 3203 5355 Deo
3237 5312 3447 5368 semper
3479 5312 3578 5368 pro

1996 5400 2168 5467 vobis,
2201 5399 2413 5461 fratres,
2439 5398 2511 5451 ita
2540 5404 2598 5450 ut
2621 5395 2836 5465 dignum
2864 5401 2977 5457 est;
3005 5391 3253 5461 quoniam
3293 5403 3576 5458 supercre-

1997 5494 2099 5549 scit
2137 5491 2268 5548 ﬁdes
2296 5498 2492 5556 vestra,
2521 5496 2575 5544 et
2617 5484 2851 5541 abundat
2888 5483 3117 5538 charitas
3164 5480 3576 5551 uniuscujusque

1996 5592 2226 5639 vestrum
2264 5580 2318 5633 in
2353 5579 2576 5633 invicem
2610 5594 2623 5630 :
2657 5577 2727 5629 ita
2755 5583 2814 5628 ut
2852 5588 2949 5629 nos
2979 5572 3076 5642 ipsi
3109 5572 3158 5626 in
3191 5570 3340 5625 vobis
3378 5570 3575 5640 glorie-

1996 5689 2118 5728 mur
2147 5672 2198 5724 in
2231 5668 2484 5724 Ecclesiis
2523 5667 2646 5732 Dei,
2676 5680 2771 5735 pro
2809 5663 3058 5734 patientia
3096 5669 3271 5717 vestra
3301 5669 3353 5714 et
3391 5660 3495 5716 ﬁde
3520 5662 3575 5716 in

1995 5762 2243 5820 omnibus
2270 5758 2728 5830 persecutionibus
2776 5756 2964 5811 vestris
3008 5762 3062 5809 et
3108 5750 3571 5819 tribulationibus,

1998 5870 2128 5927 quas
2152 5850 2422 5909 sustinetis
2448 5851 2498 5906 in
2524 5849 2822 5919 exemplum
2842 5846 2966 5917 justi
2992 5844 3174 5916 judicii
3203 5844 3315 5913 Dei,
3342 5850 3400 5898 ut
3426 5842 3572 5911 dign.
