4074 6354
18 494 22 674 Ι

18 494 22 674 Ι

477 341 624 429 toto

477 461 782 543 habeamini
807 498 975 558 regno
1011 483 1128 552 Dei,
1154 497 1254 556 pro
1281 496 1396 558 quo
1415 489 1473 542 et
1506 481 1772 556 patimini.
1799 479 1858 539 Si
1887 490 2068 538 tamen

474 578 675 653 justum
690 587 770 636 est
786 579 924 651 apud
941 571 1129 646 Deum,
1147 577 1443 636 retribuere
1462 577 1854 633 tribulationem
1885 576 1951 632 iis
1977 574 2067 647 qui

476 687 574 728 vos
605 671 858 728 tribulam
875 689 889 738 ;
907 680 961 728 et
981 669 1132 727 vobis
1151 670 1239 742 qui
1267 669 1610 736 tribulamini,
1625 669 1866 740 requiem
1885 667 2070 725 nobis-

479 779 601 821 cum
619 805 637 833 ,
663 765 715 821 in
746 765 1074 821 revelatione
1105 764 1311 820 Domini
1337 763 1465 820 Jesu
1487 764 1555 820 de
1579 763 1718 820 coelo
1737 779 1858 819 eum
1885 768 2066 836 Ange-

476 858 543 917 lis
567 859 777 916 virtutis
800 858 936 929 ejus,
968 856 1020 912 in
1048 855 1259 912 ﬂama
1287 857 1444 930 ignis,
1470 856 1645 913 dantis
1684 857 1971 914 vindictam
2001 857 2066 914 iis

476 952 568 1024 qui
588 967 694 1008 non
723 957 985 1006 noverunt
1005 950 1194 1017 Deum,
1221 958 1275 1006 et
1299 951 1390 1022 qui
1417 965 1521 1005 non
1543 950 1797 1006 obediunt
1823 949 2067 1022 Evange-

476 1044 550 1100 lio
579 1042 788 1099 Domini
810 1042 982 1106 ,nostri
1017 1039 1146 1098 Jcsu
1171 1041 1386 1098 Christi.
1414 1041 1516 1111 Qui
1545 1056 1732 1113 poenas
1771 1040 1971 1097 dabunt
2007 1042 2064 1097 in

474 1137 742 1194 interitum
772 1137 788 1168 ⁸
809 1144 1057 1203 internas,
1089 1151 1119 1190 a
1143 1134 1276 1192 facie
1305 1135 1535 1202 Domini,
1562 1143 1618 1191 et
1644 1150 1674 1190 a
1703 1135 1868 1206 gloria
1897 1133 2062 1191 virtu-

472 1230 542 1286 tis
568 1229 707 1300 ejus,
736 1245 855 1285 cum
879 1228 1085 1285 venerit
1105 1228 1390 1301 glorificari
1417 1229 1470 1284 in
1500 1228 1700 1286 sanctis
1728 1229 1859 1296 suis,
1887 1239 1943 1285 et
1970 1225 2065 1285 ad-

472 1321 730 1378 mirabilis
759 1321 874 1377 tieri
903 1322 955 1376 in
979 1322 1227 1379 omnibus
1251 1321 1340 1394 qui
1360 1321 1720 1387 crediderunt,
1741 1322 1860 1393 quia
1889 1321 2062 1378 credi-

470 1425 581 1474 tum
611 1425 696 1473 est
723 1417 1081 1474 testimonium
1107 1423 1348 1472 nostrum
1373 1432 1534 1490 super
1555 1433 1652 1474 vos
1676 1418 1732 1473 in
1750 1417 1838 1474 die
1866 1415 1978 1472 illo.
2003 1415 2061 1474 ln

471 1525 578 1582 quo
603 1509 763 1566 etiam
803 1524 1020 1567 oramus
1049 1524 1261 1582 semper
1288 1524 1384 1581 pro
1412 1509 1583 1576 vobis,
1613 1519 1670 1566 ut
1693 1509 1940 1582 dignetur
1969 1524 2062 1564 vo-

467 1606 677 1664 catione
705 1622 799 1663 vos
819 1622 912 1663 sua
934 1607 1074 1662 Deus
1091 1615 1295 1674 noster,
1324 1615 1379 1662 et
1398 1606 1616 1677 impleat
1634 1621 1847 1662 omnem
1866 1604 2060 1662 volun-

471 1707 631 1756 tatem
661 1700 965 1768 honitalis’,
989 1709 1044 1755 et
1071 1715 1205 1770 opus
1233 1698 1354 1755 fidei
1382 1700 1433 1755 in
1460 1699 1654 1755 virtute
1683 1717 1696 1754 :
1722 1708 1778 1755 ut
1801 1699 2061 1756 clarillce-

471 1801 558 1848 tur
585 1810 778 1850 nomen
806 1793 1012 1848 Domini
1038 1792 1207 1848 nostri
1225 1791 1352 1848 Jesu
1378 1790 1575 1847 Christi
1601 1792 1654 1846 in
1680 1791 1857 1859 vobis,
1884 1799 1940 1849 et
1964 1807 2059 1847 vos

469 1885 523 1940 in
551 1884 663 1952 illo,
695 1884 987 1941 secundum
1017 1883 1242 1956 gratiam
1271 1883 1365 1939 Dei
1393 1884 1580 1952 nostri,
1613 1893 1667 1940 et
1695 1885 1901 1940 Domini
1930 1884 2057 1941 Jesu

469 1976 686 2034 Christi.

539 2068 608 2124 Et
633 2068 736 2124 alio
769 2069 879 2124 loco
905 2066 1035 2142 [111.]
1064 2086 1078 2124 :
1119 2068 1504 2125 Denuntiamus
1529 2078 1705 2125 autem
1733 2067 1902 2134 vobis,
1943 2068 2055 2124 fra-

467 2169 597 2229 tres,
617 2163 670 2217 in
698 2163 912 2218 nomine
935 2161 1141 2218 Domini
1169 2161 1337 2219 nostri
1355 2161 1480 2218 Iesu
1505 2161 1724 2228 Christi,
1755 2170 1811 2215 ut
1839 2162 2052 2217 subtra-

468 2253 608 2310 hatis
635 2269 731 2310 vos
755 2255 823 2310 ab
841 2255 986 2310 omni
1007 2253 1172 2312 fratre
1195 2253 1502 2311 ambulante
1521 2251 1842 2322 inordinate,
1871 2263 2050 2310 etnon

466 2347 758 2404 secundum
791 2347 1132 2404 traditionem
1162 2362 1322 2418 quam
1346 2355 1668 2418 acceperunt
1687 2363 1718 2402 a
1743 2346 1916 2403 nobis.
1950 2347 2052 2420 lpsi

462 2439 606 2496 enim
627 2440 773 2495 scitis
795 2439 1243 2511 quemadmodum
1269 2450 1512 2510 Oporteat
1535 2438 1730 2496 imitari
1755 2455 1856 2496 nos
1881 2459 1893 2495 :
1923 2458 2054 2513 quo-

463 2535 606 2590 niam
633 2549 740 2589 non
769 2533 992 2604 inquieti
1019 2532 1216 2590 fuimus
1241 2535 1376 2588 inter
1403 2549 1517 2600 vos,
1553 2549 1726 2605 neque
1761 2535 1928 2605 gratis
1955 2551 2052 2606 pa-

462 2642 586 2683 nem
617 2625 1055 2682 utenducavimus
1080 2625 1150 2681 ab
1176 2625 1387 2697 aliquo;
1415 2626 1510 2682 sed
1546 2626 1597 2681 in
1637 2626 1820 2682 labore
1845 2635 1900 2683 et
1925 2626 2051 2683 fati-

460 2719 708 2790 gatione,
749 2725 905 2774 nocte
943 2732 1007 2773 ac
1038 2716 1126 2774 die
1147 2726 1459 2789 operantes,
1507 2734 1576 2774 ne
1613 2733 1772 2790 quem
1814 2728 2052 2776 vestrum

462 2825 827 2881 gravaremus.
857 2809 974 2864 Non
999 2809 1148 2880 quasi
1177 2824 1284 2864 non
1315 2809 1656 2866 habuerimus
1695 2821 2049 2882 potestatem;

460 2904 558 2960 sed
577 2912 638 2958 ut
661 2903 1019 2973 nosmetipsos
1039 2902 1264 2958 formam
1291 2902 1542 2959 daremus
1563 2905 1716 2960 vobis
1741 2905 1808 2961 ad
1836 2905 2049 2961 imitan-

459 2994 588 3050 dum
615 3009 734 3050 nos.
765 2994 898 3050 Nam
928 3004 1128 3050 etcum
1158 3009 1400 3050 essemus
1421 2995 1560 3065 apud
1589 3010 1703 3063 vos,
1727 2997 1828 3052 boc
1844 2997 2049 3052 denun-

461 3087 724 3142 tiabsmus
743 3086 914 3153 vobis,
943 3087 1196 3157 quoniam
1217 3085 1263 3141 si
1284 3085 1404 3156 quis
1430 3102 1535 3142 non
1560 3088 1671 3142 vult
1693 3090 1922 3158 operari,
1952 3104 2050 3146 nec

459 3180 764 3238 manducet.
795 3179 1112 3235 Audivimus
1133 3180 1276 3237 enim
1299 3179 1438 3236 inter
1467 3195 1560 3234 vos
1583 3179 1841 3249 quosdam
1862 3181 2052 3236 ambu-

457 3274 572 3332 lare
605 3273 874 3346 inquieto,
917 3271 1048 3327 nihil
1077 3280 1360 3342 operantes
1381 3312 1394 3335 ,
1440 3272 1532 3326 sed
1559 3271 1768 3326 curiose
1805 3281 2044 3343 agentes.

457 3365 552 3421 llis
575 3373 753 3420 autem
783 3363 875 3434 qui
901 3363 1164 3433 ejusmodi
1209 3371 1354 3430 sunt,
1386 3362 1778 3428 denuntiamus,
1812 3373 1865 3419 et
1891 3365 2047 3419 ohse-

456 3463 670 3513 eramus
695 3456 748 3511 in
779 3455 1006 3511 Domino
1045 3453 1173 3510 Jesu
1198 3453 1432 3517 Christo,
1453 3462 1510 3507 ut
1532 3469 1652 3509 cum
1679 3455 1894 3510 silentio
1919 3471 2050 3526 ope-

453 3553 659 3618 rantes,
689 3563 845 3604 suum
872 3561 1062 3620 panem
1090 3546 1434 3602 manducent.
1466 3545 1574 3601 Vos
1589 3553 1792 3615 autem,
1819 3546 2010 3605 fratres
2031 3591 2046 3615 ,

454 3643 621 3699 nolite
643 3641 876 3698 deiicere
901 3639 1315 3697 benefacientes.
1358 3638 1511 3706 Quod
1549 3638 1595 3692 si
1633 3639 1755 3710 quis
1788 3655 1894 3695 non
1922 3640 2048 3696 obe—

453 3731 615 3790 dierit
638 3731 802 3787 verbo
825 3740 1008 3787 nostro
1029 3746 1124 3801 per
1143 3729 1446 3800 epistolam,
1475 3729 1616 3786 hunc
1637 3737 1838 3796 notate,
1865 3739 1920 3788 et
1939 3747 2046 3788 non

453 3822 910 3881 commisceamini
956 3838 1077 3878 eum
1107 3822 1232 3888 illo,
1279 3831 1336 3880 ut
1362 3822 1738 3880 confundatur.
1781 3825 1849 3880 Et
1884 3826 2052 3884 nolite

453 3913 606 3986 quasi
633 3913 905 3968 inimicum
937 3914 1243 3968 existimare
1262 3955 1279 3980 ,
1311 3914 1406 3970 sed
1431 3915 1686 3984 corripite
1717 3925 1773 3971 ut
1803 3916 2046 3975 fratrem.

509 4006 603 4062 DE
640 4003 972 4061 EPISTOLA
1025 4005 1084 4060 Β.
1125 4004 1330 4061 PAULI
1368 4005 1461 4060 AD
1496 4005 1988 4068 COLOSSENSES.

524 4096 678 4173 [Cap.
703 4095 806 4171 111.]
825 4096 1003 4168 igitur,
1027 4096 1074 4151 si
1097 4097 1512 4152 consurrexistis
1527 4114 1647 4153 cum
1670 4099 1906 4170 Christo,
1927 4119 2048 4174 qua:

452 4206 674 4248 sursum
706 4199 832 4247 sunt
857 4190 1099 4261 quaerite,
1129 4189 1218 4244 ubi
1245 4189 1490 4245 Christus
1519 4198 1602 4245 est
1627 4191 1681 4246 in
1707 4191 1925 4248 dextera
1949 4195 2047 4251 Dei

454 4283 690 4343 sedens:
721 4299 839 4355 qua:
859 4295 1070 4339 sursum
1099 4290 1224 4338 sunt
1242 4282 1440 4352 sapite,
1469 4297 1574 4338 non
1604 4298 1723 4354 qum
1747 4297 1908 4354 super
1937 4295 2046 4342 ter-

450 4395 590 4438 ram.
618 4379 813 4436 Mortui
842 4377 984 4433 enim
1013 4378 1164 4446 estis,
1193 4385 1250 4433 et
1283 4377 1387 4432 vita
1417 4385 1596 4434 vestra
1629 4377 1938 4435 abscondita
1965 4388 2050 4436 est

451 4488 578 4531 cum
601 4472 816 4530 Christo
842 4470 895 4527 in
927 4471 1058 4527 Deo.
1087 4469 1222 4526 Cum
1255 4478 1432 4527 autem
1459 4469 1704 4526 Christus
1739 4473 2048 4542 apparuerit

450 4568 563 4624 vita
587 4577 786 4636 vestra,
817 4573 944 4621 tunc
963 4574 1018 4620 et
1033 4579 1129 4620 vos
1155 4564 1487 4635 apparebitis,
1503 4579 1622 4620 cum
1643 4566 1760 4636 ipso
1781 4565 1832 4620 in
1852 4567 2041 4636 gloria.

451 4659 771 4718 Mortiﬁcate
795 4673 924 4730 ergo
951 4657 1193 4714 membra
1218 4669 1416 4724 vestra,
1448 4671 1567 4728 quae
1591 4667 1717 4714 sunt
1740 4673 1904 4730 super
1933 4668 2043 4715 ter-

450 4763 593 4822 ram,
623 4752 1054 4819 fornicationem,
1081 4751 1493 4818 immunditiam,
1524 4752 1819 4821 libidinem,
1848 4768 2045 4810 concu-

449 4845 771 4920 piscentiam
799 4844 1031 4911 malam,
1063 4851 1118 4899 et
1143 4843 1446 4910 avaritiam,
1495 4855 1616 4915 qua:
1657 4853 1740 4901 est
1781 4845 2043 4901 idolorum

451 4939 686 4997 servitus
714 4951 729 4994 ε
757 4945 978 5010 propter
990 4945 1111 5008 qua:
1136 4937 1282 4992 venit
1305 4937 1383 4992 ira
1395 4937 1493 4992 Dei
1507 4952 1668 5009 super
1697 4938 1836 4995 filios
1865 4939 2045 4996 incre-

454 5031 712 5089 dulitatis.
742 5029 798 5086 In
827 5030 1020 5102 quibus
1046 5037 1102 5085 et
1127 5043 1226 5084 vos
1247 5029 1561 5085 ambulastis
1584 5029 1892 5101 aliquando,
1921 5045 2042 5087 eum

452 5117 709 5182 viveretis
743 5115 800 5180 In
831 5119 956 5178 illis.
983 5119 1136 5178 Nunc
1160 5127 1339 5178 autem
1368 5120 1619 5192 deponite
1639 5131 1698 5179 et
1723 5137 1818 5180 vos
1842 5127 2042 5196 omnia,

452 5218 614 5286 iram,
632 5214 1070 5288 indignationem,
1089 5213 1368 5282 malitiam,
1397 5213 1810 5286 blaSphcmiam;
1837 5225 2045 5288 turpem

453 5315 759 5369 sermonem
789 5309 858 5365 de
895 5323 990 5364 ore
1021 5318 1203 5364 vesm
1227 5322 1296 5362 ne
1321 5307 1605 5363 emiseritis
1621 5306 1664 5361 ³.
1696 5305 1868 5364 Nolite
1890 5323 2046 5366 men-

454 5405 542 5463 tiri
563 5406 824 5473 invicem;
856 5402 1216 5474 exspolieutes
1243 5413 1341 5457 vos
1361 5409 1596 5457 veterem
1629 5401 1898 5457 hominem
1921 5411 2044 5460 eum

527 5517 638 5572 isie
655 5525 764 5571 ttss.
807 5523 863 5571 At
885 5515 1024 5580 editi,
1047 5513 1229 5570 dum
1253 5513 1492 5570 attentus.
1537 5513 1757 5582 Vulgata,
1788 5515 1966 5568 dabtmt
1993 5515 2047 5570 in

452 5581 791 5722 ﬂagitis
810 5645 1097 5706 addebatur,
1127 5655 1232 5698 suae
1257 5655 1276 5696 :
1306 5656 1422 5709 quae
1455 5654 1553 5695 vox
1587 5643 1732 5696 abest
1755 5655 1784 5693 a
1813 5651 1919 5705 Mss.
1947 5650 1999 5695 et
2017 5654 2047 5696 a

453 5710 960 5842 "iﬁegiiiggqun
984 5770 1140 5822 uidex
1161 5777 1215 5822 et
1244 5779 1380 5842 sacra
1396 5767 1743 5842 uitalia-carent
1758 5769 1842 5842 bis
1861 5769 2046 5842 verbis,

455 5845 518 5884 ne
539 5831 832 5899 emiseritis':
851 5835 1068 5899 itemque
1092 5846 1212 5886 voce
1245 5831 1355 5896 Dei,
1385 5845 1496 5899 qua:
1516 5833 1595 5892 hic
1615 5835 1665 5884 iu
1680 5845 1728 5885 v.
1751 5833 1830 5894 i0,
1848 5839 1975 5896 post,
1996 5831 2048 5884 in

449 5895 763 5960 agnitionem,
785 5894 984 5958 legitur.

1655 365 1714 424 S.
1751 361 2124 424 AUGUSTINI
2151 361 2522 429 sumunt

3621 387 3760 448 1020

2172 481 2379 571 actibus
2398 485 2532 556 ejus,
2562 495 2617 544 et
2656 487 2935 548 induentes
2970 506 3189 562 novum,
3212 511 3334 553 eum
3359 497 3452 571 qui
3473 513 3765 560 renovatur

2172 570 2227 628 in
2242 574 2566 646 agnitionem
2589 578 2701 647 Dei,
2720 579 3009 638 secundum
3029 583 3314 657 imaginem
3335 570 3474 659 ejus,
3493 591 3588 664 qui
3606 608 3762 651 crea-

2171 666 2248 724 vit
2283 684 2404 726 eum
2432 687 2445 723 :
2475 671 2564 727 ubi
2591 687 2696 728 non
2721 683 2803 729 est
2824 674 3048 733 Gentilis
3077 687 3131 734 et
3151 677 3386 751 Iudaeus,
3415 683 3759 743 circumcisio

2171 768 2226 817 et
2251 763 2594 833 praeputium,
2627 763 2889 823 Barbarus
2925 777 2980 824 et
3020 766 3248 842 Scytha,
3278 787 3464 830 servus
3490 782 3547 831 et
3583 775 3756 846 liber;

2170 855 2264 912 sed
2292 858 2468 912 omnia
2496 868 2553 914 et
2593 860 2645 914 in
2682 849 2930 917 omnibus
2958 861 3220 922 Christus.
3255 865 3460 925 induite
3491 885 3621 942 ergo
3659 887 3764 929 vos

2169 947 2307 1005 sicut
2325 950 2478 1006 electi
2502 951 2614 1016 Dei,
2638 953 2806 1009 sancti
2824 963 2879 1010 et
2895 955 3092 1022 dilecti,
3116 959 3321 1018 viscera
3344 961 3757 1033 misericordiae,

2167 1041 2546 1114 benignitatem
2571 1086 2586 1110 ,
2621 1045 3002 1116 humilitatem,
3032 1049 3346 1107 modestiam
3364 1092 3380 1118 ,
3405 1054 3715 1124 patientiam
3736 1073 3762 1124 ;

2168 1143 2540 1205 supportantes
2561 1136 2807 1204 invicem,
2841 1147 2896 1196 et
2911 1139 3171 1214 donantes
3200 1143 3352 1199 vobis
3382 1146 3530 1217 ipsis,
3561 1148 3607 1203 si
3631 1149 3760 1220 quis

2166 1226 2422 1284 adversus
2449 1230 2680 1301 aliquem
2709 1231 2870 1288 habet
2897 1235 3169 1304 querelam
3201 1255 3215 1292 :
3247 1238 3386 1295 sicut
3413 1249 3468 1295 et
3495 1241 3762 1298 Dominus

2166 1317 2390 1375 donavit
2415 1322 2586 1387 vobis,
2615 1322 2685 1378 ita
2711 1332 2765 1378 et
2787 1339 2883 1380 vos
2910 1325 3121 1382 facite‘.
3154 1327 3329 1399 Super
3365 1331 3543 1386 omnia
3571 1343 3756 1390 autem

2166 1407 2282 1466 haec
2300 1412 2614 1470 charitatem
2645 1414 2857 1483 habete,
2897 1417 3039 1487 quod
3065 1428 3146 1474 est
3173 1419 3437 1476 vinculum
3460 1423 3757 1494 perfectio-

2165 1504 2286 1560 nis:
2318 1515 2371 1562 et
2413 1522 2516 1578 pax
2555 1506 2750 1564 Christi
2781 1511 3010 1567 exsultet
3049 1511 3102 1567 in
3142 1513 3392 1571 cordibus
3427 1518 3656 1586 vestris,
3701 1520 3757 1574 in

2165 1613 2265 1669 qua
2296 1609 2352 1656 et
2391 1603 2564 1657 vocati
2611 1604 2740 1660 estis
2763 1603 2821 1660 in
2863 1620 2969 1662 uno
3009 1621 3260 1678 corpore;
3287 1607 3344 1664 et
3384 1610 3519 1681 grati
3557 1620 3758 1669 eStote.

2163 1689 2398 1748 Verbum
2421 1694 2619 1750 Christi
2646 1695 2850 1754 habitet
2879 1698 2932 1752 in
2962 1697 3116 1754 vobis
3144 1698 3497 1770 abundanter,
3527 1701 3579 1756 in
3604 1703 3761 1762 omni

2164 1783 2423 1854 sapientia
2446 1786 2702 1844 docentes
2725 1796 2780 1843 et
2803 1799 3209 1846 commonentes
3235 1793 3589 1864 vosmetipsos
3613 1796 3762 1866 psal-

2163 1877 2285 1942 mis,
2319 1879 2532 1951 hymnis
2574 1889 2630 1936 et
2661 1881 2882 1936 canticis
2925 1883 3307 1952 Spiritualibus,
3339 1885 3392 1940 in
3425 1887 3591 1957 gratia
3619 1903 3761 1944 can-

2163 1980 2336 2028 tantes
2371 1972 2426 2026 in
2471 1973 2722 2029 cordibus
2762 1976 2954 2030 vestris
2991 1975 3121 2032 Deo.
3161 1977 3332 2033 Omne
3381 1978 3764 2052 quodcumque

2160 2062 2337 2120 facitis
2363 2065 2418 2120 in
2447 2064 2612 2121 verbo
2636 2066 2805 2121 autin
2829 2068 3206 2138 opere,omnia
3223 2068 3275 2124 in
3294 2069 3507 2126 nomine
3541 2070 3760 2127 Domini

2160 2159 2330 2214 nostri
2356 2158 2480 2214 Jesu
2510 2159 2745 2226 Christi,
2769 2161 2974 2231 gratias,
3003 2171 3222 2232 agentes
3254 2161 3363 2217 Deo
3401 2171 3455 2218 et
3491 2163 3633 2219 Patri
3659 2177 3766 2233 per

2162 2249 2359 2320 ipsum.
2405 2250 2682 2315 Mulieres,
2735 2251 2958 2306 subdita:
2983 2262 3154 2308 estote
3179 2252 3327 2319 viris,
3371 2254 3507 2309 sicut
3539 2267 3760 2326 oportet

2158 2339 2213 2396 in
2235 2341 2478 2398 Domino.
2500 2342 2847 2414 Viri,diligite
2863 2358 3056 2399 uxores
3067 2353 3293 2414 vestras,
3313 2354 3368 2401 et
3391 2345 3556 2402 nolite
3584 2349 3758 2406 amari

2157 2446 2277 2488 esse
2298 2433 2362 2487 ad
2386 2433 2520 2487 illas.
2553 2433 2699 2502 Filii,
2719 2433 2934 2490 obedite
2951 2436 3264 2508 parentibus
3295 2451 3390 2507 per
3413 2438 3626 2504 omnia;
3651 2439 3762 2497 hoc

2157 2527 2299 2582 enim
2331 2527 2582 2596 placitum
2613 2528 2776 2584 estin
2815 2527 3062 2584 Domino.
3096 2529 3295 2595 Patres,
3327 2530 3491 2587 nolite
3519 2532 3582 2588 ad
3611 2533 3757 2588 indi-

2155 2621 2463 2691 gnationem
2519 2635 2815 2691 provocare
2865 2621 3007 2676 filios
3050 2629 3282 2690 vestros,
3326 2629 3384 2678 ut
3423 2639 3526 2679 non
3556 2623 3758 2696 pusillo

2156 2711 2340 2766 animo
2363 2712 2510 2767 fiant.
2541 2711 2715 2778 Servi,
2739 2711 2955 2770 obedite
2979 2729 3074 2784 per
3101 2715 3281 2770 omnia
3301 2716 3532 2773 dominis
3559 2733 3757 2776 carna-

2157 2804 2313 2871 libus,
2343 2821 2448 2862 non
2471 2807 2540 2862 ad
2561 2806 2773 2862 oculum
2794 2806 3110 2876 servientes,
3140 2809 3290 2880 quasi
3314 2809 3619 2866 hominibus
3641 2813 3759 2883 pla-

2155 2906 2373 2964 centes;
2395 2897 2490 2954 sed
2517 2898 2570 2953 in
2594 2897 2936 2972 simplicitate
2954 2899 3153 2966 cordis,
3179 2899 3426 2957 timentes
3445 2902 3758 2958 Dominum.

2155 2991 2540 3064 Quodcumque
2567 2991 2743 3048 facitis
2761 3033 2776 3058 ,
2809 3008 2876 3049 ex
2903 2993 3083 3048 animo
3121 2995 3436 3070 operamini,
3464 2995 3600 3052 sicut
3645 2997 3760 3053 Do-

2154 3086 2331 3149 mino.
2383 3095 2437 3140 et
2471 3100 2578 3140 non
2621 3084 2965 3153 hominibus;
3015 3085 3247 3142 scientes
3282 3087 3423 3159 quod
3451 3103 3482 3144 a
3524 3089 3761 3147 Domino
3851 3143 3861 3148 -

2155 3179 2432 3248 accipietis
2481 3179 2886 3235 retributionem
2929 3178 3278 3240 hereditatis.
3321 3181 3551 3238 Domino
3591 3183 3757 3240 Chri-

2153 3281 2240 3327 sto
2284 3271 2501 3326 servite.
2557 3271 2658 3339 Qui
2716 3272 2861 3328 enim
2909 3272 3033 3329 facit
3089 3273 3366 3344 injuriant,
3425 3276 3646 3348 recipiet
3697 3277 3756 3335 id

2153 3365 2294 3436 quod
2343 3365 2522 3435 inique
2550 3364 2747 3436 gessit;
2777 3373 2834 3421 et
2875 3381 2982 3421 non
3008 3374 3094 3423 est
3129 3381 3475 3436 personarum
3507 3371 3759 3441 acceptio

2153 3456 2294 3529 apud
2315 3457 2504 3513 Deum.

2225 3547 2345 3622 [1v.]
2378 3549 2618 3617 Domini,
2658 3549 2801 3621 quod
2839 3549 3041 3620 justum
3079 3560 3254 3620 estet
3290 3567 3538 3626 aequum,
3574 3557 3757 3613 servis

2153 3649 2438 3715 prmstatc;
2471 3643 2702 3698 scientes
2728 3642 2979 3712 quoniam
3019 3626 3088 3700 et.
3102 3659 3198 3700 vos
3223 3644 3505 3702 Dominum
3542 3645 3760 3704 habetis

2155 3737 2209 3791 in
2231 3736 2388 3792 coelo.
2415 3735 2655 3792 Orationi
2683 3736 2894 3804 instate,
2919 3737 3200 3809 vigilantes
3229 3739 3284 3795 in
3311 3754 3376 3796 ea
3405 3754 3527 3797 cum
3552 3743 3758 3812 gratia-

2153 3831 2274 3883 rum
2303 3827 2552 3883 actione:
2579 3835 2797 3883 orantes
2835 3828 2994 3883 simul
3039 3837 3094 3884 et
3141 3845 3238 3900 pro
3277 3829 3467 3900 nobis,
3511 3840 3569 3886 ut
3613 3833 3754 3890 Deus

2154 3918 2359 3990 aperiat
2389 3918 2543 3974 nobis
2565 3919 2763 3974 ostium
2788 3921 3054 3978 serenis
3087 3921 3156 3977 ad
3195 3922 3518 3995 loquendum
3550 3934 3756 3998 myste—

2155 4013 2292 4068 rium
2333 4011 2573 4080 Christi,
2623 4020 2844 4083 propter
2879 4013 3021 4084 quod
3064 4015 3224 4070 etiam
3266 4017 3475 4073 vinctus
3512 4033 3664 4085 sum,
3693 4028 3756 4076 ut

2155 4105 2490 4162 manifestem
2520 4105 2648 4162 illud
2677 4107 2748 4162 ita
2770 4116 2828 4162 ut
2853 4116 3065 4177 oportet
3093 4123 3180 4164 me
3207 4107 3376 4180 loqui.
3401 4109 3458 4164 in
3487 4111 3754 4182 sapientia

2153 4199 2424 4254 ambulate
2447 4198 2513 4254 ad
2551 4205 2646 4256 eus
2673 4199 2764 4268 qui
2791 4198 2922 4255 foris
2947 4207 3108 4268 sunt,
3151 4208 3360 4271 tempus
3402 4202 3752 4260 redimentes.

2153 4287 2345 4344 Sermo
2375 4297 2556 4344 vester
2591 4303 2809 4359 semper
2851 4288 2906 4344 in
2945 4290 3114 4360 gratia
3141 4291 3257 4347 sale
3284 4291 3529 4349 conditus
3555 4294 3666 4362 sit,
3691 4304 3755 4352 ut

2151 4382 2334 4439 sciatis
2351 4379 2622 4452 quomodo
2637 4390 2885 4452 oporteat
2902 4395 2999 4437 vos
3019 4382 3305 4454 unicuique
3326 4384 3675 4456 respondere.

2215 4491 2305 4548 DE
2345 4490 2678 4550 EPISTOLA
2717 4492 2737 4548 1
2771 4492 2836 4549 Β.
2879 4489 3085 4552 PAULl
3123 4495 3216 4550 AD
3253 4495 3685 4557 TiMOTHEUII.

2225 4603 2460 4681 [Cap.1.]
2482 4605 2628 4662 Finis
2655 4613 2832 4663 autem
2857 4608 3108 4678 prmcepti
3128 4619 3211 4664 est
3233 4607 3467 4668 Charitas
3493 4610 3564 4669 de
3583 4612 3753 4673 corde

2151 4715 2310 4773 puro,
2341 4703 2396 4756 et
2419 4700 2746 4756 conscientia
2783 4699 2946 4764 bona,
2973 4707 3028 4756 et
3055 4697 3158 4757 fide
3181 4715 3288 4757 non
3319 4703 3462 4759 ficta.
3485 4703 3526 4763 Α
3553 4706 3754 4776 quibus

2149 4794 2365 4866 quidam
2411 4792 2760 4861 aberrantes,
2792 4793 3038 4848 conversi
3079 4803 3202 4850 sunt
3249 4793 3302 4849 in
3347 4795 3750 4869 vaniloquium,

2150 4887 2395 4943 volentes
2419 4900 2540 4941 esse
2565 4883 2696 4956 legis
2717 4884 2998 4953 doctores,
3025 4901 3131 4942 non
3177 4887 3532 4960 intelligentes
3572 4905 3752 4962 neque

2150 4993 2271 5051 qua:
2309 4978 2618 5048 loquuntur,
2647 4991 2819 5047 neque
2865 4977 2935 5032 de
2978 4977 3174 5048 quibus
3216 4979 3502 5036 affirmant.
3531 4980 3753 5042 Scimus

2149 5081 2329 5130 autem
2355 5072 2604 5144 quoniam
2641 5071 2778 5126 bona
2805 5079 2888 5126 est
2914 5071 2998 5126 lex
3019 5113 3034 5137 ,
3063 5071 3107 5126 si
3134 5073 3251 5143 quis
3276 5088 3336 5129 ea
3365 5072 3600 5146 legitime
3628 5083 3753 5132 uta-

2151 5173 2273 5223 tur:
2301 5165 2530 5222 scientcs
2561 5163 2663 5220 hoc
2681 5165 2726 5230 ’,
2755 5164 2877 5236 quia
2903 5163 3048 5235 justo
3076 5164 3162 5221 lex
3188 5181 3294 5220 non
3320 5174 3404 5222 est
3427 5167 3623 5239 posita,
3651 5170 3753 5227 sed

2151 5245 2362 5330 injustis
2390 5265 2445 5315 et
2473 5273 2580 5313 non
2600 5256 2848 5323 subditis,
2874 5257 3052 5328 impiis
3075 5267 3130 5313 et
3153 5257 3550 5330 peccatoribus,
3578 5259 3755 5320 scele-

2150 5353 2284 5410 ratis
2309 5359 2366 5410 et
2389 5349 2762 5406 contaminatis
2781 5389 2797 5417 ,
2823 5347 3102 5420 parricidis
3139 5358 3193 5403 et
3233 5350 3546 5421 matricidis,
3573 5349 3754 5410 homi-

2152 5444 2307 5513 cidis,
2339 5439 2660 5508 fornicariis,
2680 5440 3040 5497 masculorum
3067 5439 3520 5513 concubitoribus,
3541 5443 3752 5518 plagia-

2155 5537 2286 5604 riis,
2327 5533 2708 5601 mendacibus,
2749 5533 3007 5606 pet-juris;
3047 5541 3102 5590 et
3136 5534 3180 5588 si
3232 5531 3360 5606 quid
3407 5535 3554 5594 aliud
3601 5553 3756 5599 sana

2156 5627 2412 5685 doctrina:
2458 5626 2795 5693 adversatur,
2825 5641 2946 5697 quae
2964 5635 3049 5682 est
3082 5626 3372 5683 secundum
3395 5625 3752 5703 Evangelium

2153 5721 2340 5795 glorizc.
2371 5721 2510 5777 beati
2541 5719 2666 5787 Dei,
2693 5717 2833 5791 quod
2857 5719 3117 5776 creditum
3144 5727 3226 5777 est
3249 5719 3402 5778 mihi.

2222 5835 2250 5905 t
2265 5834 2492 5905 verbum,
2516 5831 2676 5905 facite,
2698 5834 2844 5905 abest
2865 5847 2893 5884 a
2917 5833 3063 5905 Regio
3079 5833 3248 5905 codice
3273 5841 3325 5888 et
3344 5846 3373 5888 a
3395 5838 3547 5891 lucris
3568 5841 3748 5898 Bibliis

2234 5900 2253 5929 ⁸
2279 5898 2491 5962 \ulgatu,
2514 5897 2666 5949 sciens
2689 5897 2794 5948 hoc.
2818 5904 2985 5958 time"
3008 5897 3155 5947 cidds.
