4082 6466
416 574 484 632 Et
526 580 638 647 post
680 569 944 645 paululum
982 560 1116 645 [IL]
1156 582 1171 622 :
1208 556 1442 622 Obsecro
1492 562 1653 635 igitur
1701 561 1932 633 primum

339 668 584 729 omnium
614 664 732 722 ﬁeri
760 659 1181 727 obsecrationes,
1206 657 1498 722 orationes,
1524 655 1931 727 postulationes,

341 761 634 836 gratiarum
662 756 921 823 actiones,
946 762 1046 825 pro
1074 751 1321 808 omnibus
1356 749 1658 805 hominibus
1682 765 1694 802 :
1718 756 1817 820 pro
1840 760 1932 801 re-

338 856 516 929 gibus,
548 862 601 910 et
618 850 865 909 omniths
890 848 978 921 qui
1008 848 1061 903 in
1085 843 1411 903 sublimitate
1431 851 1589 909 sunt;
1618 850 1677 897 ut
1699 841 1929 913 quietam

338 954 395 1007 et
419 945 757 1018 tranquillam
777 938 937 997 vitam
962 953 1201 1013 agamus,
1228 936 1283 993 in
1309 935 1454 993 omni
1471 937 1671 1007 pietate
1694 943 1749 991 et
1767 932 1932 989 casti-

340 1052 469 1098 tate.
489 1039 615 1094 Item
636 1042 746 1110 post
770 1028 1035 1110 paululum
1049 1032 1217 1091 :Volo
1233 1046 1360 1105 ergo
1376 1032 1517 1088 viros
1535 1040 1689 1086 orare
1712 1030 1765 1085 in
1785 1029 1933 1086 omni

336 1130 478 1200 loco,
503 1132 741 1207 levantes
773 1143 932 1202 puras
956 1140 1149 1184 manus
1172 1127 1287 1183 sine
1314 1127 1392 1182 ira
1436 1135 1490 1181 et
1525 1124 1929 1196 disceptatione.

337 1224 596 1281 Similiter
624 1231 678 1281 et
705 1221 957 1280 mulieres
986 1222 1042 1277 in
1070 1220 1253 1277 habitu
1284 1225 1494 1285 ornato,
1519 1232 1641 1274 cum
1678 1232 1934 1273 verecun-

337 1318 426 1376 dia
457 1327 513 1376 et
541 1317 831 1376 sobrietate
858 1323 1110 1373 ornantes
1153 1330 1212 1371 se
1232 1357 1246 1383 ,
1276 1328 1381 1370 non
1411 1314 1464 1369 in
1495 1313 1653 1370 tortis
1688 1312 1934 1371 crinibus

337 1418 433 1470 aut
474 1422 642 1479 auro,
689 1419 779 1466 aut
825 1408 1160 1481 margaritis,
1200 1406 1286 1464 vel
1318 1416 1467 1463 veste
1505 1406 1773 1478 pretiosa;
1802 1404 1932 1474 sed,

337 1503 484 1577 quod
504 1503 663 1560 decet
678 1503 953 1569 mulieres,
976 1502 1349 1572 promittentes
1367 1500 1619 1572 pietatem
1646 1512 1744 1571 per
1768 1512 1933 1571 opera

338 1596 501 1653 bona.
527 1594 715 1652 Mulier
738 1592 792 1649 in
823 1593 1035 1650 silentio
1054 1592 1225 1649 discat
1245 1608 1365 1649 cum
1399 1593 1546 1649 omni
1577 1592 1931 1662 subjectione.

341 1688 546 1745 Docere
572 1694 748 1743 autem
779 1683 987 1742 mulieri
1014 1701 1122 1741 non
1163 1685 1439 1757 permitto,
1468 1700 1642 1758 neque
1671 1682 1935 1743 dominari

340 1779 397 1837 in
422 1780 614 1845 virum,
640 1777 736 1835 sed
760 1788 881 1834 esse
907 1776 961 1833 in
988 1778 1219 1833 silentio.

420 1868 483 1925 Et
512 1876 623 1942 post
651 1869 842 1941 aliquot
865 1884 1036 1926 versus
1049 1868 1125 1944 [tu
1136 1867 1174 1943 .]
1201 1887 1212 1923 :
1242 1868 1467 1940 Oportet
1486 1884 1610 1942 ergo
1626 1869 1933 1941 episcopum

339 1960 870 2034 irreprehensibiiem
895 1972 1034 2028 esse,
1067 1962 1223 2017 unius
1248 1962 1429 2016 uxoris
1452 1961 1643 2030 virum,
1674 1958 1932 2031 sobrium,

340 2052 657 2127 prudentem
679 2096 693 2119 ,
725 2061 969 2109 ornatum
991 2095 1004 2117 ,
1039 2051 1286 2123 pudicum
1306 2095 1321 2119 ,
1364 2052 1678 2124 hospitalem
1698 2095 1712 2120 ,
1745 2054 1935 2111 docto-

340 2154 458 2202 rem
483 2162 497 2200 :
520 2156 627 2200 non
661 2144 1025 2209 vinolentum,
1054 2158 1157 2199 non
1188 2158 1597 2215 percussorem,
1627 2143 1721 2200 sed
1752 2145 1934 2202 mode-

343 2246 525 2304 stum;
552 2250 661 2292 non
683 2236 992 2309 litigiosum,
1025 2253 1129 2293 non
1161 2237 1407 2309 cupidum
1430 2281 1444 2305 ,
1475 2239 1570 2296 sed
1604 2254 1717 2295 suae
1755 2240 1937 2297 domui

342 2330 485 2387 bene
512 2330 879 2400 prmpositum,
908 2328 1044 2386 ﬁlios
1073 2329 1355 2386 habentem
1388 2328 1629 2388 subditos
1649 2348 1767 2388 cum
1790 2332 1935 2389 omni

343 2424 609 2482 castitate.
636 2423 691 2482 Si
717 2425 834 2495 quis
860 2435 1036 2479 autem
1076 2424 1257 2480 domui
1295 2438 1405 2481 sum
1449 2440 1681 2496 prmesse
1731 2428 1933 2496 nescit,

344 2515 613 2587 quomodo
638 2514 889 2573 Ecclesire
917 2512 1012 2572 Dei
1040 2515 1366 2588 diligentiam
1394 2514 1777 2575 habebit?Non
1809 2536 1939 2576 nco-

342 2604 563 2682 phytum
586 2652 600 2675 ,
630 2622 697 2665 ne
741 2608 793 2663 in
834 2610 1137 2680 superbiam
1166 2608 1337 2665 elatus
1366 2608 1419 2663 in
1443 2610 1701 2681 judicium
1741 2610 1939 2667 incidat

342 2694 558 2758 diaboli.
596 2698 819 2773 Oportet
858 2713 1035 2759 autem
1063 2708 1117 2759 et
1143 2702 1291 2759 illum
1345 2702 1708 2760 testimonium
1740 2704 1939 2763 habere

341 2791 540 2848 bonum
580 2790 647 2849 ab
692 2790 755 2850 iis
798 2794 888 2865 qui
934 2790 1061 2850 foris
1087 2805 1246 2860 sunt,
1280 2802 1343 2851 ut
1372 2808 1476 2852 non
1508 2796 1561 2850 in
1593 2796 1938 2868 opprobrium

344 2884 546 2945 incidat
567 2887 881 2960 etiaqueum
906 2884 1121 2944 diaboli.
1148 2888 1409 2945 Diaconos
1425 2889 1670 2945 similiter
1694 2886 1936 2961 pudicos,

342 2990 451 3038 non
476 2978 757 3053 bilingues,
790 2990 897 3039 non
922 2984 1088 3039 multo
1117 2982 1240 3039 vino
1270 2982 1508 3049 deditos,
1529 2995 1641 3039 non
1671 2993 1825 3056 turpe
1854 2984 1938 3039 lu-

340 3084 490 3128 crum
512 3078 799 3140 sectantes,
820 3072 1075 3131 habentes
1096 3075 1408 3147 mysterium
1436 3072 1556 3130 ﬁdei
1582 3074 1633 3130 in
1661 3078 1939 3133 conscien-

342 3162 414 3219 tia
443 3176 596 3237 pura.
629 3162 693 3221 Et
722 3166 777 3221 hi
806 3175 983 3223 autem
1027 3168 1319 3237 probentur
1348 3168 1578 3238 primum
1601 3211 1616 3237 ,
1647 3178 1701 3223 et
1727 3169 1805 3224 sic
1836 3168 1936 3223 mi-

340 3251 606 3323 niStrent,
634 3252 837 3313 nullum
881 3257 1085 3313 crlmen
1123 3255 1398 3314 habentes.
1424 3258 1668 3315 Mulieres
1696 3260 1939 3317 similiter

340 3344 582 3419 pudicas,
608 3362 712 3405 non
735 3344 1098 3417 detrahentes,
1124 3349 1351 3419 sobrias,
1380 3349 1562 3406 ﬁdeles
1591 3350 1643 3406 in
1670 3352 1935 3408 euntibus.

341 3435 561 3494 Diaconi
589 3437 696 3494 sint
718 3440 874 3495 unius
896 3440 1074 3495 uxoris
1096 3438 1215 3507 viri,
1243 3441 1333 3510 qui
1360 3437 1481 3495 ﬁliis
1509 3440 1619 3498 suis
1638 3442 1775 3497 bene
1794 3458 1936 3514 prae—

339 3530 500 3586 sunt‘
519 3530 705 3587 etsuis
732 3532 998 3589 domibus.
1027 3532 1126 3599 Qui
1144 3531 1286 3589 enim
1317 3532 1455 3589 bene
1482 3535 1936 3605 ministraverint,

336 3623 562 3695 gradum
604 3620 805 3680 bonum
847 3623 947 3679 sibi
981 3624 1325 3695 acquirunt‘,
1358 3634 1412 3681 et
1441 3626 1660 3681 multam
1688 3626 1937 3683 ﬁduciam

338 3714 397 3771 in
426 3712 529 3771 ﬁde
557 3726 675 3787 rpite
703 3715 860 3771 estin
882 3714 1099 3772 Christo
1122 3710 1273 3771 .lesu.

412 3805 482 3865 Et
512 3819 623 3882 post
651 3810 915 3865 duodecim
941 3826 1109 3867 versus
1136 3809 1260 3885 [μὴ]
1287 3830 1299 3866 :
1331 3809 1562 3882 Spiritus
1602 3821 1778 3869 autem
1824 3830 1936 3870 ma-

342 3898 545 3958 nifeste
580 3898 711 3958 dicit
747 3902 869 3974 quia
899 3902 951 3959 in
978 3902 1281 3959 novissimis
1313 3902 1642 3974 temporibus
1662 3904 1937 3962 discedent

339 3992 557 4065 quidam
574 4010 601 4048 a
622 3992 742 4059 ﬁde,
767 3990 1101 4050 attendentes
1123 3994 1394 4065 spiritibus
1418 3996 1639 4064 erroris,
1662 4004 1715 4051 ct
1741 3994 1937 4052 doctri-

339 4086 425 4143 nis
439 4082 844 4153 daemoniorum,
865 4085 917 4141 in
939 4087 1205 4158 hypocrisi
1225 4087 1551 4157 loquentium
1570 4088 1928 4157 mendacium,

339 4187 397 4238 et
418 4181 760 4238 cauteriatam
789 4181 1098 4237 habentium
1139 4192 1289 4237 suam
1329 4181 1728 4249 conscientiam,
1755 4181 1936 4251 prohi-

340 4275 581 4332 bentium
608 4276 833 4345 nubere,
866 4273 1138 4331 abstinere
1172 4290 1201 4329 a
1232 4273 1365 4331 cibis
1394 4289 1528 4346 quos
1566 4275 1707 4331 Deus
1736 4276 1937 4333 creavit

338 4362 408 4422 ad
437 4364 837 4438 percipiendum
866 4381 985 4423 cum
1015 4367 1302 4438 gratiarum
1337 4368 1547 4424 actione
1589 4368 1851 4435 ﬁdelibus,
1882 4377 1937 4423 et

339 4456 408 4517 iis
446 4458 535 4532 qui
574 4469 941 4533 cognoverunt
968 4462 1265 4517 veritatem.
1305 4462 1436 4531 Quia
1476 4462 1651 4517 omnis
1688 4471 1932 4517 creatura

337 4553 435 4610 Dei
465 4553 603 4610 bona
623 4595 636 4620 ,
670 4563 723 4609 et
752 4553 883 4608 nihil
922 4553 1276 4624 abiiciendum
1306 4552 1448 4624 quod
1488 4568 1609 4608 cum
1644 4553 1931 4624 gratiarum

337 4646 549 4702 actione
573 4644 883 4717 percipitur.
912 4640 1283 4702 Sanctificatur
1304 4646 1442 4700 enim
1470 4661 1568 4716 per
1593 4640 1813 4701 verbum
1839 4640 1931 4700 Dei

336 4743 393 4793 et
420 4737 740 4794 orationem.
772 4730 895 4793 llaec
944 4748 1246 4807 proponens
1290 4735 1570 4801 fratribus,
1614 4732 1784 4791 bonus
1826 4738 1932 4791 eris

336 4829 582 4887 minister
608 4829 807 4887 Christi
840 4831 965 4886 Jesu
986 4871 1001 4897 ,
1044 4830 1273 4885 nutritus
1311 4824 1487 4884 verbis
1532 4824 1655 4884 ﬁdei
1686 4840 1739 4885 et
1774 4829 1931 4886 bonze

335 4920 593 4976 doctrina:
633 4934 789 4991 quam
822 4928 1096 4976 assecutus
1123 4934 1203 4974 es.
1235 4914 1449 4989 ineptas
1487 4927 1663 4975 autem
1688 4927 1743 4976 et
1762 4919 1931 4977 aniles

336 5010 541 5067 fabulas
567 5011 761 5068 devita.
789 5011 989 5067 Exerce
1011 5010 1237 5082 teipsum
1264 5008 1331 5066 ad
1358 5010 1629 5082 pietatem.
1651 5010 1782 5068 Nam
1805 5029 1929 5069 cor-

334 5103 534 5175 poralis
559 5104 870 5160 exercitatio
892 5104 957 5159 ad
978 5103 1245 5177 modicum
1271 5100 1413 5158 utilis
1438 5111 1545 5159 est:
1567 5105 1735 5175 pietas
1749 5113 1928 5160 autem

334 5197 403 5252 ad
440 5198 624 5256 omnia
665 5197 812 5253 utilis
851 5206 966 5265 cst,
999 5198 1404 5267 promissionem
1431 5198 1635 5254 habens
1663 5201 1784 5253 vitae
1806 5211 1928 5269 quae

334 5304 479 5346 nunc
502 5297 605 5355 est,
635 5298 688 5347 et
717 5290 927 5346 futurae.
949 5286 1148 5347 Fidelis
1174 5304 1351 5347 sermo
1373 5298 1429 5347 et
1448 5292 1590 5347 omni
1621 5294 1928 5362 acceptione

333 5383 548 5454 dignus.
576 5382 635 5438 ln
662 5383 763 5439 hoc
797 5384 941 5440 enim
978 5382 1281 5439 laboramus
1312 5390 1366 5438 et
1390 5384 1776 5452 maledicimur,
1803 5387 1926 5455 quia

333 5490 617 5548 speramus
653 5476 709 5531 in
750 5474 916 5532 Deum
944 5477 1121 5532 vivum
1141 5519 1157 5545 ,
1185 5476 1273 5548 qui
1304 5486 1387 5533 est
1415 5477 1647 5533 Salvator
1688 5480 1923 5534 omnium

331 5566 614 5624 hominum
637 5608 655 5635 ,
688 5570 920 5624 maxime
944 5569 1200 5625 ﬁdelium.
1242 5569 1477 5639 Praccipe
1506 5571 1619 5625 hinc
1638 5613 1652 5637 ,
1682 5580 1735 5626 et
1770 5572 1920 5628 doce.

330 5659 503 5717 Nemo
530 5661 941 5718 adolescentiam
970 5669 1109 5716 tuam
1134 5670 1442 5718 contemnat
1466 5680 1477 5716 :
1502 5662 1597 5719 sed
1620 5665 1923 5734 exemplum

396 5799 412 5830 ι
439 5796 662 5861 vulgata,
685 5795 901 5861 praesint.
924 5798 995 5847 sic
1017 5798 1162 5861 etiam
1178 5798 1324 5861 Lugd.
1343 5804 1401 5848 Μ.

394 5858 658 5930 ινιιιςεω,
681 5858 1230 5930 αεφιίνεηεηΑιρρᾱῖείξε
1247 5858 1396 5925 huius
1411 5859 1619 5927 saeculi.
1636 5859 1924 5929 αεςυίνυηιί

326 5920 631 5985 ωπωεδὶηθ
645 5920 827 5987 meo,
852 5920 1213 5986 peripoioﬁluai.

1566 437 1658 500 DE
1692 432 2087 501 SCRIPTURA
2127 435 2375 501 SACRA.

3490 448 3629 515 i022

2037 566 2156 615 esto
2186 559 2424 618 ﬁdelium
2445 604 2461 631 ,
2492 562 2547 619 in
2578 562 2775 635 verbo,
2802 562 2860 620 in
2899 565 3340 635 conversatione,
3368 566 3423 624 in
3452 569 3628 627 chari-

2036 661 2167 722 tate,
2189 654 2243 711 in
2271 656 2391 729 ﬁde,
2425 656 2477 713 in
2504 660 2767 717 castitate.
2788 659 2922 714 Dum
2944 657 3120 729 Venio,
3146 658 3360 719 attende
3388 663 3627 728 lectioni,

2037 748 2417 819 exhortationi,
2440 750 2717 807 doctrinae.
2748 750 2867 808 Noli
2892 754 3158 825 negligere
3183 755 3407 826 gratiam
3431 770 3550 827 qua:
3574 756 3629 812 in

2038 845 2092 896 te
2119 847 2239 909 est,
2272 854 2391 913 qua:
2418 843 2538 898 data
2565 851 2652 899 est
2680 844 2773 899 tibi
2803 858 2896 915 per
2918 846 3250 917 prophetiam
3268 891 3283 915 ,
3314 860 3435 904 cum
3462 848 3631 919 impo-

2039 932 2233 990 sitione
2279 949 2532 990 manuum
2562 937 2902 1010 presbyterii.
2946 938 3072 995 Βριξο
3115 939 3408 1009 meditare,
3452 942 3505 996 in
3544 921 3661 997 his'

2038 1032 2153 1081 esto
2181 1068 2195 1094 ,
2219 1034 2275 1081 ut
2300 1020 2570 1098 profectus
2608 1037 2727 1084 tuus
2770 1028 3080 1085 manifesms
3104 1031 3171 1086 sit
3192 1031 3445 1087 omnibus
3471 1033 3510 1085 ί.
3536 1034 3626 1087 At-

2038 1117 2200 1174 tende
2241 1116 2337 1175 tibi
2377 1127 2432 1174 et
2470 1119 2754 1188 doctrinm,
2784 1121 2921 1178 insta
2966 1122 3018 1177 in
3044 1122 3184 1178 illis:
3213 1123 3314 1179 hoc
3354 1124 3499 1180 enim
3544 1123 3625 1179 fac

2037 1212 2219 1282 ciens,
2261 1220 2315 1269 et
2359 1214 2586 1285 teipsum
2631 1216 2837 1272 salvum
2875 1216 3065 1286 facies,
3095 1226 3148 1273 et
3189 1232 3281 1274 eos
3319 1218 3409 1290 qui
3442 1226 3495 1275 te
3529 1232 3625 1274 au.

2038 1305 2213 1362 diunt.

2110 1396 2211 1473 [v.]
2238 1399 2515 1457 Seniorem
2544 1418 2609 1459 ne
2641 1404 3023 1475 increpaveris,
3064 1406 3158 1462 sed
3195 1406 3416 1464 obsecm
3443 1417 3501 1464 ut
3527 1424 3623 1480 pa-

2038 1498 2210 1561 trem;
2233 1494 2476 1565 juvenes,
2508 1504 2564 1552 ttt
2591 1497 2815 1566 fratres;
2845 1514 2997 1567 anus,
3029 1509 3089 1555 ut
3109 1500 3342 1569 matres;
3369 1502 3628 1574 juvencuo

2039 1585 2157 1653 ias,
2209 1595 2266 1642 ut
2305 1602 2555 1659 sorores,
2603 1593 2656 1647 in
2700 1594 2850 1649 omni
2879 1596 3142 1651 castitate.
3173 1595 3371 1651 Viduas
3401 1596 3623 1663 honora,

2037 1686 2158 1750 quae
2183 1696 2313 1739 vere
2340 1684 2514 1741 vidua:
2545 1694 2687 1743 sunt.
2726 1688 2783 1745 Si
2828 1705 2927 1760 qua
2972 1697 3149 1745 autem
3188 1690 3343 1746 vidua
3374 1690 3510 1747 ﬁlios
3538 1698 3630 1747 aut

2039 1782 2260 1845 nepotes
2289 1776 2477 1845 habet;
2501 1780 2708 1836 discant
2728 1784 2749 1813 '
2773 1781 3000 1852 primum
3020 1783 3236 1839 domum
3254 1798 3402 1840 suam
3419 1796 3625 1855 regere,

2039 1873 2095 1922 et
2123 1876 2358 1925 mutuam
2386 1872 2554 1928 vicem
2582 1870 2809 1931 reddere
2846 1877 3156 1946 parentibus
3180 1895 3192 1931 ε
3221 1877 3323 1933 hoc
3355 1878 3497 1934 enim
3532 1892 3627 1934 ac-

2040 1970 2255 2031 ceptum
2285 1973 2368 2020 est
2394 1979 2571 2021 coram
2614 1966 2744 2023 Deo.
2783 1969 2912 2036 Quae
2957 1980 3135 2027 autem
3180 1986 3307 2027 vere
3347 1970 3503 2027 vidua
3548 1970 3632 2029 est

2041 2060 2096 2107 ct
2123 2053 2386 2123 deSolata,
2418 2067 2599 2129 sperat
2624 2055 2675 2114 in
2708 2060 2911 2128 Deum,
2936 2072 2989 2116 et
3019 2062 3178 2116 instat
3205 2062 3226 2094 ³
3251 2062 3632 2118 obsecrationi-

2040 2143 2141 2200 bus
2168 2153 2224 2201 et
2246 2148 2574 2204 orationibus
2603 2158 2763 2207 nocte
2787 2160 2840 2207 et
2866 2149 2970 2207 die.
3018 2151 3149 2207 Nam
3176 2168 3294 2223 quae
3332 2153 3386 2207 in
3428 2153 3632 2210 deliciis

2040 2246 2157 2305 est,
2184 2240 2373 2296 vivens
2409 2249 2621 2300 mortua
2660 2251 2760 2300 est.
2804 2244 2870 2300 Et
2909 2244 3007 2299 hoc
3036 2245 3285 2317 praecipe,
3316 2252 3375 2300 ut
3400 2245 3631 2316 irrepre-

2041 2328 2332 2390 hensibiies
2360 2335 2489 2391 sint.
2514 2335 2570 2393 Si
2602 2338 2721 2409 quis
2750 2347 2925 2394 autem
2949 2352 3182 2407 suorutn,
3213 2349 3266 2395 et
3291 2341 3519 2396 maxime
3538 2340 3634 2398 do-

2042 2426 2387 2481 mesticorum
2428 2442 2610 2483 curam
2638 2444 2743 2486 non
2776 2428 2966 2496 habet,
2998 2428 3156 2487 ﬁdem
3195 2432 3439 2503 negavit,
3472 2441 3526 2488 et
3549 2440 3633 2489 est

2042 2516 2246 2572 inﬁdeli
2288 2517 2542 2574 deterior.
2573 2518 2744 2576 Vidua
2774 2523 2996 2593 eligatur
3024 2536 3125 2579 non
3164 2523 3337 2579 minus
3363 2524 3634 2596 sexaginta

2043 2621 2324 2679 annorum,
2352 2627 2470 2681 quae
2498 2611 2660 2669 fuerit
2691 2614 2850 2670 unius
2870 2616 2969 2671 viri
2999 2631 3152 2683 uxor,
3180 2614 3231 2671 in
3262 2617 3513 2688 operibus
3538 2618 3633 2674 bo-

2043 2705 2127 2759 nis
2154 2704 2515 2762 testimonium
2549 2704 2771 2777 habens,
2798 2710 2844 2764 si
2867 2710 3003 2766 ﬁlios
3031 2709 3290 2774 educavit,
3327 2710 3373 2765 si
3398 2707 3631 2781 hospitio

2042 2795 2267 2866 recepit,
2296 2799 2339 2853 si
2367 2808 2678 2855 sanctarum
2706 2800 2870 2871 pedes
2890 2800 3036 2869 lavit,
3062 2801 3105 2856 si
3132 2800 3523 2861 tribulationem
3544 2816 3637 2872 pa-

2046 2888 2297 2946 tientibus
2326 2891 2782 2963 subministravit,
2815 2894 2858 2949 si
2904 2908 3060 2949 onme
3111 2910 3243 2965 opus
3276 2895 3472 2951 bonum
3507 2894 3636 2951 sub-

2048 2993 2227 3039 secuta
2255 2994 2355 3041 est.
2390 2984 2849 3045 Adulescentiores
2871 2999 3047 3043 autem
3076 2988 3256 3044 viduas
3286 2988 3480 3043 devita.
3501 2988 3634 3044 Cum

2044 3076 2185 3131 enim
2228 3076 2505 3133 luxuriata:
2549 3080 2745 3135 fuerint
2795 3080 2845 3135 in
2895 3075 3141 3147 Christo,
3173 3080 3375 3137 nubere
3412 3081 3633 3147 volunt;

2044 3167 2303 3223 habentes
2342 3169 2738 3226 damnationem
2762 3215 2775 3239 ,
2813 3174 2935 3243 quia
2967 3172 3190 3242 primam
3234 3171 3387 3226 ﬁdem
3433 3172 3636 3228 irritam

2042 3260 2302 3316 fecerunt.
2327 3262 2494 3318 Simul
2532 3274 2707 3319 autem
2762 3273 2815 3320 et
2864 3267 3050 3320 otiosae
3099 3264 3311 3320 discunt
3356 3267 3637 3323 circumire

2044 3351 2266 3415 domos;
2304 3370 2408 3409 non
2439 3356 2606 3409 solum
2638 3359 2845 3424 otiosa),
2871 3356 2964 3412 sed
2995 3367 3047 3411 et
3076 3357 3335 3421 verbosre,
3360 3358 3637 3428 loquentes

2044 3458 2163 3514 qum
2193 3458 2301 3500 non
2328 3454 2559 3517 oportet.
2593 3444 2723 3502 Volo
2750 3457 2924 3504 autem
2951 3448 3194 3519 juniores
3235 3448 3466 3515 nubere,
3500 3449 3635 3505 ﬁlios

2044 3550 2326 3606 procreare
2349 3579 2363 3601 ,
2397 3537 2829 3595 matresfamilias
2880 3554 3030 3607 esse,
3065 3539 3265 3594 nullam
3297 3539 3631 3597 occasionem

2043 3626 2173 3685 dare
2212 3628 2518 3686 adversario
2562 3631 2827 3688 maledicti
2854 3630 3040 3703 gratia.
3073 3632 3189 3687 .lam
3225 3633 3365 3687 enim
3393 3631 3633 3703 qumdam

2042 3730 2314 3775 conversm
2355 3726 2477 3776 sunt
2522 3732 2668 3780 retro
2717 3732 2834 3794 post
2882 3733 3143 3779 satanam.
3176 3723 3231 3780 Si
3262 3725 3380 3796 quis
3412 3720 3583 3781 ﬁdelis
3612 3724 3635 3757 ⁸

2043 3808 2205 3866 habet
2227 3811 2414 3867 viduas
2436 3853 2449 3874 ,
2478 3812 2845 3869 subministrat
2872 3815 2973 3870 illis
2993 3857 3006 3881 ,
3037 3824 3093 3869 ut
3124 3828 3229 3871 non
3260 3825 3507 3887 gravetur
3536 3816 3636 3870 Ec-

2039 3902 2230 3971 clesia,
2264 3912 2321 3959 ut
2348 3904 2412 3960 iis
2445 3920 2561 3977 qum
2589 3921 2713 3961 vere
2743 3907 2911 3961 videre
2943 3916 3064 3961 sunt
3090 3904 3331 3962 sufﬁciat.
3362 3906 3460 3975 Qui
3495 3906 3635 3963 bene
3662 3932 3668 3940 ι

2040 4003 2281 4067 praesunt
2307 3996 2638 4069 presbyteri,
2671 3994 2865 4069 duplici
2892 3998 3098 4054 honore
3124 3999 3268 4069 digni
3296 3999 3589 4055 habeantur
3616 4015 3630 4051 :

2040 4089 2274 4145 maxime
2299 4089 2387 4160 qui
2415 4088 2658 4145 laborant
2688 4090 2739 4143 in
2762 4088 2924 4145 verbo
2953 4098 3008 4145 et
3037 4090 3301 4144 doctrina.
3330 4088 3469 4145 Dicit
3488 4090 3629 4146 enim

2040 4178 2335 4249 Scriptura,
2365 4180 2481 4235 Non
2517 4178 2800 4235 infrenabis
2823 4180 2843 4211 ⁸
2874 4194 2934 4234 os
2956 4178 3077 4235 bovi
3102 4179 3402 4246 trituranti;
3432 4187 3507 4246 et,
3540 4179 3632 4233 Di-

2039 4284 2175 4341 gnus
2195 4279 2276 4327 est
2302 4275 2575 4342 operarius
2606 4272 2855 4327 mercede
2885 4286 2998 4327 sua.
3023 4271 3316 4326 Adversum
3348 4271 3629 4341 presbyte-

2039 4377 2155 4417 rum
2213 4365 2605 4420 accusationem
2658 4365 2766 4419 noii
2815 4364 3085 4433 recipere,
3135 4363 3236 4417 nisi
3275 4361 3373 4417 sub
3422 4360 3632 4419 duobus

2038 4464 2093 4511 et
2136 4456 2301 4511 tribus
2350 4456 2593 4511 tcStibus.
2651 4456 2937 4511 Peccantes
2995 4470 3176 4510 coram
3229 4453 3476 4510 omnibus
3539 4468 3630 4509 ar—

2036 4554 2239 4618 guc,ut
2282 4555 2339 4602 et
2385 4547 2561 4603 caateri
2615 4548 2859 4601 timorem
2910 4546 3159 4603 habeant.
3209 4546 3397 4603 Testor
3448 4560 3628 4602 coram

2037 4639 2147 4695 Deo
2195 4649 2248 4694 et
2292 4627 2507 4695 Christo
2550 4638 2675 4694 .lcsu
2724 4647 2777 4693 et
2821 4639 3005 4694 electis
3071 4639 3324 4711 Angelis,
3388 4648 3448 4693 ut
3514 4636 3630 4695 haec

2036 4731 2304 4787 custodias
2366 4731 2485 4786 sine
2528 4730 2867 4801 prtejudicio,
2922 4730 3052 4785 nihil
3097 4728 3297 4785 faciens
3318 4725 3372 4785 in
3406 4729 3626 4784 alteram

2035 4832 2240 4895 partem
2285 4822 2621 4880 declinando.
2644 4823 2829 4878 Manus
2872 4824 2980 4878 cito
3029 4823 3228 4878 nemini
3274 4822 3622 4893 imposueris,

2035 4930 2210 4987 neque
2266 4916 2751 4972 communicaveris
2813 4916 3046 4986 peccatis
3110 4914 3313 4970 alienis.
3372 4913 3625 4984 Teipsum

2035 5020 2239 5067 castum
2270 5010 2501 5067 custodi.
2533 5009 2650 5066 Noli
2688 5009 2861 5065 adhuc
2897 5024 3089 5081 aquam
3112 5009 3326 5076 bibere,
3361 5008 3456 5064 sed
3500 5008 3626 5063 vino

2034 5104 2245 5161 modico
2297 5113 2487 5173 utere,
2545 5114 2760 5176 propter
2803 5102 3132 5160 stomachum
3183 5111 3328 5157 tuum
3354 5144 3370 5169 ,
3425 5109 3480 5159 et
3521 5102 3625 5158 fre-

2095 5305 2114 5337 ί
2137 5304 2314 5377 Regius
2329 5298 2504 5365 codex,
2524 5301 2801 5369 numifesms
2817 5300 2878 5354 sit
2894 5299 2945 5354 in
2965 5300 3181 5354 omnibus
3194 5314 3215 5365 ;
3232 5302 3372 5365 juxta
3388 5308 3623 5365 gruum,

2456 5427 2911 5502 codicesﬂSpeculi;
2940 5427 3361 5502 juxtagra‘acum,
3400 5424 3623 5476 mentita-

2030 5489 2243 5541 nétbsan.
2292 5498 2347 5541 At
2389 5490 2603 5553 Vulgata,
2630 5487 2802 5553 discat,
2826 5487 3031 5539 numero
3062 5487 3312 5551 singulari.

2092 5556 2113 5587 ε
2135 5552 2348 5617 vulgata,
2387 5544 2551 5617 speFet
2575 5544 2621 5603 et
2648 5544 2804 5617 austeri
2846 5560 3006 5617 ursam
3036 5544 3298 5617 euripum,
3319 5544 3508 5617 cipitata
3542 5546 3624 5599 kal

2027 5610 2296 5680 prospu‘ﬁei
2314 5610 2343 5675 ,⁷
2362 5610 2570 5679 speravit
2589 5620 2634 5666 et
2656 5613 2799 5680 instat
2828 5627 2845 5663 :
2870 5615 2981 5680 hinc
3016 5610 3192 5680 uegius
3212 5610 3398 5680 culex,
3411 5610 3573 5680 littera
3587 5624 3623 5680 νυ

2027 5671 2117 5741 per
2143 5671 2456 5749 librarios,'ut
2477 5690 2609 5741 saepe
2629 5678 2806 5741 sacpius
2832 5671 3287 5738 contingitfmutata
3307 5673 3355 5721 in
3382 5671 3429 5734 ὑ,
3450 5672 3616 5734 habet,

2028 5739 2407 5853 sperii’i‘émsus
2424 5802 2726 5865 Cbe.BibliiS
2748 5817 2762 5865 ;
2781 5802 2829 5865 si
2846 5801 2952 5865 quis
2970 5796 3131 5865 ﬁdelis
3145 5794 3217 5851 vel
3238 5795 3283 5850 si
3302 5810 3398 5862 qua
3420 5790 3612 5863 ﬁdem;

2020 5864 2411 5931 juxtagrcecum,
2432 5862 2486 5931 et"
2495 5861 2556 5915 tis
2577 5864 2721 5931 pictos
2734 5864 2762 5915 ἑ
2772 5861 2908 5929 pisié.

2091 5930 2113 5961 ⁸
2136 5920 2211 5977 sic
2232 5920 2524 5979 eumiCorb.
2563 5920 2679 5978 cibi.
2704 5920 2909 5979 At'nunc
2930 5922 3149 5989 Vulgata.
3171 5936 3265 5977 non
3296 5920 3535 5988 alligabit.
