4082 6458
480 423 625 486 ιωδ

480 548 708 612 quentes
727 546 848 596 tuas
871 538 1224 595 inﬁrmitates.
1247 534 1611 605 Quorumdam
1643 535 1917 591 hominum
1944 548 2072 604 pec--

479 643 597 689 cata
627 633 911 689 manifesta
938 639 1079 698 sunt,
1111 630 1467 701 praecedentia
1495 629 1561 685 ad
1583 627 1838 697 judicium
1865 640 2068 697 :quos-

479 727 603 782 dam
629 738 804 783 autem
834 735 891 783 et
913 725 1328 796 subsequuntur.
1355 723 1612 781 Similiter
1651 732 1705 778 et
1748 721 1886 778 facta
1929 722 2069 777 bona

478 818 763 876 manifesta
789 826 946 886 sunt;
966 825 1158 888 etquae
1182 817 1338 873 aliter
1361 831 1421 874 se
1443 816 1661 881 habent,
1685 814 1938 870 abscondi
1959 828 2066 870 non

479 920 722 982 possunt.

474 1045 485 1063 .
550 1001 667 1078 [vn]
689 1002 1020 1072 Quicumque
1047 1009 1173 1057 sunt
1195 1001 1296 1057 sub
1318 1001 1447 1073 jugo
1466 1000 1636 1066 servi,
1658 998 1906 1056 dominos
1933 1011 2061 1054 suos

477 1099 625 1155 omni
656 1096 859 1151 honore
893 1095 1081 1166 dignos
1106 1095 1336 1151 habeant
1365 1095 1405 1162 ί,
1447 1109 1516 1151 ne
1548 1108 1746 1150 nomen
1782 1092 1988 1148 Domini
2014 1098 2070 1146 et

474 1191 716 1247 doctrina
743 1189 1162 1260 blasphemetur.
1184 1187 1286 1256 Qui
1308 1197 1484 1242 autem
1517 1186 1699 1244 ﬁdeles
1737 1185 1933 1240 habent
1965 1183 2064 1238 do-

476 1283 671 1348 minos,
700 1298 806 1337 non
837 1289 1201 1348 contemnant,
1231 1280 1354 1350 quia
1376 1278 1566 1334 fratres
1593 1287 1750 1343 sunt;
1782 1276 1878 1332 sed
1898 1275 2066 1346 magis

471 1375 730 1442 serviant,
759 1375 881 1444 quia
907 1373 1092 1430 ﬁdeles
1117 1379 1243 1427 sunt
1265 1381 1320 1428 et
1339 1372 1537 1437 dilecti,
1563 1370 1652 1442 qui
1673 1369 1914 1427 beneﬁcii
1944 1384 2068 1440 par-

474 1471 661 1542 ticipes
703 1469 1002 1527 sunt:h:ec
1037 1469 1202 1536 doce,
1231 1477 1286 1524 et
1310 1466 1611 1523 exhortare.
1657 1464 1712 1522 Si
1751 1466 1869 1536 quis
1911 1465 2065 1520 aliter

471 1566 647 1633 docet,
677 1575 731 1621 et
756 1581 861 1620 non
889 1563 1177 1635 acquiescit
1205 1563 1351 1618 sanis
1375 1560 1711 1617 sermonibus
1736 1558 1946 1614 Domini
1967 1575 2065 1614 no-

471 1660 570 1714 stri
597 1659 724 1715 Jcsu
753 1657 982 1725 Christi,
1013 1667 1066 1714 et
1111 1658 1159 1713 ei
1199 1672 1316 1726 qua:
1360 1655 1652 1711 secundum
1692 1654 1941 1724 pietatem
1981 1660 2066 1708 est

470 1752 726 1807 doctrinae
743 1795 757 1818 ,
781 1751 1040 1822 superbus
1060 1751 1104 1818 ³,
1125 1749 1259 1804 nihil
1281 1749 1473 1814 sciens,
1503 1747 1598 1803 sed
1629 1748 1888 1818 languens
1919 1745 2060 1801 circa

473 1842 796 1912 quaestiones
835 1851 887 1897 et
923 1855 1126 1912 pugnas
1166 1840 1480 1904 verborum,
1503 1853 1571 1894 ex
1604 1837 1796 1909 quibus
1819 1837 2064 1892 oriuntur

471 1931 708 2000 invidiae,
730 1933 1125 1998 contentiones,
1145 1929 1510 2001 blasphemiae,
1529 1928 1860 1998 suspiciones
1882 1927 2058 1996 malae,

474 2025 894 2080 conﬁictationes
939 2024 1214 2080 hominum
1255 2031 1434 2078 mente
1459 2030 1829 2092 corruptorum
1850 2062 1866 2089 _.
1892 2028 1946 2075 et
1969 2019 2062 2092 qui

471 2118 662 2190 privati
701 2126 824 2173 sunt
862 2117 1123 2182 veritate;
1171 2115 1586 2172 existimantium
1632 2122 1894 2185 quaestum
1940 2127 2060 2169 esse

469 2211 742 2281 pietatem.
771 2209 868 2264 Est
892 2218 1067 2265 autem
1089 2217 1324 2279 quaestus
1347 2221 1589 2278 magnus,
1619 2206 1787 2277 pietas
1809 2220 1931 2261 cum
1952 2204 2062 2262 suf-

469 2303 719 2358 ﬁcientia.
741 2302 881 2358 Nihil
901 2301 1044 2357 enim
1071 2301 1344 2356 intulimus
1364 2302 1416 2356 in
1437 2301 1580 2356 hunc
1601 2301 1860 2356 mundum
1881 2317 1896 2355 :
1918 2300 2060 2356 haud

467 2394 684 2450 dubium
715 2395 834 2464 quia
880 2409 988 2466 nec
1020 2392 1230 2448 auferre
1273 2393 1400 2462 quid
1439 2407 1742 2464 possumus.
1788 2393 2060 2451 Habentes

466 2493 642 2541 autem
687 2485 965 2551 alimenta,
995 2493 1050 2540 et
1073 2484 1265 2556 quibus
1296 2492 1556 2556 tegamur,
1585 2484 1669 2539 his
1705 2486 1940 2540 contenti
1979 2486 2058 2541 si-

467 2593 612 2632 mus.
641 2576 771 2631 Nam
795 2577 882 2646 qui
903 2577 1085 2631 volunt
1102 2576 1294 2633 divites
1313 2577 1448 2644 ﬁeri,
1468 2577 1707 2633 incidunt
1727 2579 1781 2633 in
1804 2580 2056 2634 tentatio-

463 2683 584 2732 nes,
601 2677 655 2722 et
669 2669 722 2722 in
752 2668 996 2738 laqueum
1015 2667 1233 2735 diaboli,
1250 2677 1307 2724 et
1318 2668 1582 2724 desideria
1601 2671 1764 2724 multa
1783 2671 1986 2726 inutilia
2000 2679 2058 2728 et

463 2758 652 2814 nociva
675 2801 688 2822 ,
720 2775 837 2828 qua:
863 2767 1108 2830 mergunt
1133 2759 1379 2816 homines
1401 2759 1455 2815 in
1484 2761 1753 2817 interitum
1785 2770 1838 2816 et
1875 2763 2054 2833 perdi-

462 2849 680 2904 tionem.
720 2849 889 2905 Radix
915 2853 1056 2906 enim
1085 2851 1322 2906 omnium
1353 2851 1613 2907 malorum
1654 2862 1738 2908 est
1769 2854 2052 2924 cupiditas,

460 2958 622 3012 quam
645 2942 857 3013 quidam
879 2951 1189 3014 appetentes
1205 2955 1518 3000 erraverunt
1541 2960 1569 2999 a
1593 2945 1716 3012 fide,
1738 2955 1794 3002 et
1812 2946 2054 3004 inserue-

461 3043 589 3090 runt
610 3049 670 3090 se
703 3034 978 3090 doloribus
1001 3036 1202 3091 multis.
1229 3037 1311 3091 Tu
1338 3045 1537 3104 autem,
1555 3055 1587 3094 ο
1611 3039 1773 3095 homo
1799 3039 1913 3108 Dei,
1939 3041 2054 3097 hzec

459 3126 585 3197 fuge
611 3144 623 3180 :
648 3135 853 3183 sectare
873 3143 1001 3184 vero
1020 3128 1278 3198 justitiam
1296 3170 1310 3192 ,
1338 3130 1591 3198 pietatem
1612 3173 1626 3198 ,
1653 3132 1810 3187 ﬁdem
1833 3175 1848 3200 ,
1878 3133 2054 3189 chari-

460 3226 645 3285 tatem,
679 3219 1004 3288 patientiam,
1032 3220 1511 3276 mansuetudinem.
1534 3221 1690 3278 Certa
1713 3223 1908 3279 bonum
1930 3241 2050 3280 cer-

460 3317 642 3365 tamen
669 3309 825 3376 ﬁdei;
852 3310 1193 3380 apprehende
1219 3311 1378 3365 vitam
1408 3321 1680 3379 aeternam,
1712 3313 1764 3368 in
1794 3331 1895 3386 qua
1924 3316 1945 3348 ⁸
1965 3333 2053 3374 νο-

457 3411 608 3458 catus
645 3417 741 3470 es,
784 3411 837 3457 et
878 3401 1153 3459 confessus
1196 3403 1386 3458 bonam
1435 3403 1826 3461 confessionem
1867 3424 2047 3464 coram

457 3494 638 3548 multis
670 3494 910 3549 testibus.
938 3494 1196 3564 Praecipio
1221 3495 1314 3549 tibi
1344 3510 1523 3550 coram
1552 3497 1682 3564 Deo,
1703 3499 1792 3568 qui
1819 3500 2052 3558 viviﬁcat

456 3589 658 3653 omnia,
680 3595 734 3642 et
757 3585 972 3642 Christo
1000 3587 1125 3643 Jesu
1145 3629 1162 3655 ,
1190 3588 1280 3659 qui
1311 3589 1670 3646 testimonium
1697 3592 1927 3648 reddidit
1947 3595 2050 3651 sub

456 3677 647 3734 Pontio
675 3677 844 3733 Pilato
873 3678 1066 3733 bonam
1090 3678 1504 3748 confessionem,
1531 3690 1588 3735 ut
1617 3695 1800 3738 serves
1827 3685 2052 3740 manda-

457 3778 570 3825 tum
595 3771 710 3827 sine
739 3771 968 3838 macula,
990 3771 1474 3841 irreprehensibile,
1497 3788 1667 3844 usque
1687 3775 1739 3829 in
1759 3776 2045 3832 adventum

457 3861 667 3918 Domini
689 3861 857 3916 nostri
884 3861 1009 3916 Jesu
1033 3861 1248 3916 Christi.
1277 3861 1344 3915 Et
1374 3872 1484 3934 post
1503 3881 1690 3935 paucos
1719 3883 1888 3921 versus
1912 3883 1931 3921 :
1953 3868 2046 3923 Di-

456 3953 654 4009 vitibus
693 3953 850 4023 hujus
891 3955 1070 4010 saeculi
1114 3955 1378 4028 praecinei
1425 3973 1532 4013 non
1573 3960 1802 4029 superbe
1850 3977 2040 4033 sapere

458 4064 631 4120 neque
656 4064 874 4120 sperare
900 4050 951 4104 in
983 4051 1184 4106 incerto
1213 4051 1550 4119 divitiarum,
1583 4055 1679 4110 sed
1708 4056 1761 4110 in
1794 4057 1923 4125 Deo,
1953 4058 2045 4130 qui

459 4151 675 4214 praestat
704 4144 857 4199 nobis
880 4145 1056 4199 omnia
1082 4145 1292 4201 abunde
1313 4147 1381 4201 ad
1410 4145 1728 4214 fruendum;
1760 4150 1896 4206 bene
1915 4165 2043 4220 age-

434 4231 492 4292 'e
533 4277 549 4302 ,
580 4237 772 4292 divites
817 4237 932 4293 fieri
975 4238 1027 4291 in
1071 4239 1323 4308 operibus
1367 4238 1555 4305 bonis,
1593 4238 1750 4295 facile
1786 4241 2040 4312 tribuere,

455 4329 868 4394 communicare,
898 4329 1257 4386 thesaurizare
1285 4330 1385 4385 sibi
1416 4329 1812 4386 fundamentum
1844 4333 2041 4390 bonum

455 4419 512 4476 in
538 4419 770 4475 futurum
793 4463 808 4488 ,
845 4432 903 4476 ut
940 4421 1343 4492 apprehendant
1370 4437 1547 4477 veram
1580 4424 1760 4478 vitam.
1791 4425 1836 4480 0
1861 4425 2044 4482 Timo-

457 4509 602 4578 tliee,
635 4512 932 4582 depositum
957 4512 1182 4579 custodi,
1202 4511 1442 4568 devitans
1467 4515 1712 4583 profanas
1732 4531 1918 4572 vocum
1948 4531 2045 4572 no-

454 4605 647 4660 vitates
674 4614 728 4660 et
755 4605 1118 4675 oppositiones
1156 4605 1272 4661 falsi
1312 4607 1542 4662 nominis
1581 4609 1851 4676 scientite,
1883 4626 2042 4682 quam

457 4695 670 4767 quidam
719 4699 1085 4765 promittentes
1114 4697 1253 4753 circa
1282 4697 1440 4754 ﬁdem
1483 4699 1815 4757 exciderunt.
1860 4703 2042 4760 Gratia

455 4799 652 4845 tecum.
681 4789 873 4844 Amen.

515 4882 601 4936 DE
644 4881 972 4937 EPISTOLA
1012 4881 1055 4936 Il
1095 4885 1154 4938 Β.
1197 4884 1399 4940 PAULI
1436 4887 1529 4941 AD
1567 4886 1988 4947 TIMOTHEUM.

488 4972 640 5048 [Cap.
670 4973 732 5048 1.]
770 4973 885 5029 Non
917 4975 1057 5045 enim
1085 4975 1232 5031 dedit
1259 4977 1410 5031 nobis
1436 4978 1575 5035 Deus
1603 4981 1845 5049 spiritum
1881 4984 2040 5039 timo-

452 5066 546 5133 ris,
577 5065 670 5120 sed
700 5066 908 5120 virtutis
939 5076 994 5122 et
1022 5067 1322 5123 dilectionis
1356 5078 1413 5125 et
1437 5070 1758 5128 sobrietatis.
1789 5073 1908 5130 Noli
1937 5076 2038 5134 ita-

449 5172 556 5229 que
571 5157 887 5213 erubescere
914 5159 1274 5214 testimonium
1305 5161 1513 5216 Domini
1545 5164 1735 5232 nostri,
1758 5180 1930 5237 neque
1952 5185 2040 5227 me

450 5250 686 5306 vinctum
717 5251 865 5322 ejus;
898 5253 992 5309 sed
1016 5254 1281 5310 collabora
1309 5254 1596 5326 Evangelio
1620 5258 1912 5315 secundum
1933 5263 2040 5317 vir-

450 5349 618 5396 tutem
649 5343 762 5398 Dei.
795 5342 865 5397 Et
904 5353 1015 5415 post
1042 5361 1228 5415 paucos
1261 5362 1430 5400 versus
1459 5363 1477 5402 :
1507 5347 1752 5403 Formam
1780 5350 1917 5408 habe
1955 5369 2040 5409 sa-

451 5450 644 5492 norum
683 5436 992 5504 verborum,
1022 5454 1142 5508 quae
1171 5454 1202 5492 a
1238 5453 1324 5495 me
1357 5439 1548 5495 audisti
1585 5441 1637 5496 in
1683 5441 1786 5497 ﬁde
1826 5452 1880 5499 et
1905 5445 2039 5502 dile-

449 5531 630 5587 ctione
650 5531 703 5586 in
732 5529 949 5586 Christo
972 5532 1120 5587 Jesu.
1153 5533 1361 5588 Bonum
1384 5533 1681 5604 depositum
1706 5537 1912 5592 custodi
1944 5554 2038 5608 per

449 5625 707 5698 Spiritum
733 5635 995 5694 sanctum,
1026 5627 1113 5696 qui
1139 5626 1339 5680 habitat
1363 5627 1416 5682 in
1445 5627 1614 5683 nobis.

511 5743 530 5773 ί
551 5739 769 5805 Vulgata,
790 5739 1097 5792 arbitrentur.

510 5805 532 5835 ²
555 5804 833 5854 Leaendum
863 5817 972 5854 cum
1009 5803 1097 5854 Vni

511 5817 532 5835 ι
557 5817 833 5866 Legenaum
863 5817 972 5855 cum

450 5873 583 5916 una
605 5879 834 5929 graecum,
858 5873 988 5930 tetup
1118 5905 1133 5930 .

513 5930 533 5959 ³
555 5928 713 5979 Graeca
734 5928 988 5991 scriptura,
1011 5929 1079 5982 eis
1101 5929 1178 5988 en.
1196 5928 1249 5980 in
1263 5942 1433 5981 quam.

1161 5807 1229 5865 ta,
1269 5803 1503 5868 superbus
1522 5811 1624 5870 est;
1649 5806 1749 5870 vel,
1780 5808 1996 5876 superbit
2017 5823 2037 5864 .'

1683 421 1740 477 S.
1782 416 2152 478 AUGUSTINI
2183 417 2556 482 SPECULUM

3627 428 3770 490 1021

2249 533 2318 590 Et
2338 537 2492 608 paulo
2521 545 2636 610 post
2669 535 2776 612 [n.]
2807 553 2822 592 :
2850 539 2930 595 Tu
2958 553 3118 611 ergo,
3152 539 3229 597 ﬁli
3257 540 3353 607 mi,
3383 541 3688 602 confortare
3712 547 3770 604 in

2174 630 2366 700 gratia,
2395 646 2514 701 quae
2551 637 2635 687 est
2662 631 2715 686 in
2745 631 2959 688 Christo
2981 631 3143 700 Jesu;
3171 644 3227 690 et
3253 650 3373 705 quae
3400 635 3595 692 audisti
3621 652 3655 692 a
3682 653 3772 696 me

2175 735 2272 791 per
2296 721 2492 778 multos
2534 730 2718 792 testes,
2751 722 2869 780 haec
2906 725 3220 781 commenda
3260 726 3506 785 ﬁdelibus
3538 727 3771 785 homini-

2173 811 2296 880 bus,
2327 813 2419 884 qui
2446 813 2622 870 idonei
2667 825 2825 870 erunt
2853 824 2909 870 et
2949 815 3084 872 alios
3125 816 3338 873 docere.
3381 818 3586 875 Labora
3627 821 3769 878 sicut

2172 903 2348 960 bonus
2374 904 2530 960 miles
2559 906 2757 962 Christi
2785 905 2934 962 Jesu.
2964 906 3135 962 Nemo
3166 908 3400 964 militans
3425 909 3555 975 Deo,
3585 910 3769 982 impli-

2173 1005 2259 1052 cat
2281 1012 2340 1054 se
2361 1000 2586 1070 negotiis
2614 1000 2978 1066 saecularibus,
3009 1008 3070 1056 ut
3097 1000 3149 1058 ei
3174 1002 3400 1073 placeat,
3423 1003 3510 1058 cui
3540 1018 3602 1060 se
3633 1020 3766 1074 pro.

2171 1088 2337 1145 bavit.
2368 1090 2502 1146 Nam
2537 1099 2592 1147 et
2615 1093 2704 1163 qui
2723 1101 2892 1148 certat
2915 1093 2969 1148 in
2991 1108 3184 1165 agone,
3213 1110 3321 1150 non
3348 1103 3638 1152 coronatur
3661 1097 3769 1155 nisi

2171 1182 2404 1254 legitime
2452 1185 2755 1240 certaverit.
2807 1185 3165 1243 Laborantem
3214 1189 3502 1260 agricolam
3549 1199 3764 1260 oportet

2169 1276 2400 1346 primum
2446 1276 2514 1333 de
2542 1277 2805 1334 fructibus
2849 1280 3112 1350 accipere.
3166 1280 3406 1352 lntellige
3433 1298 3553 1355 quae
3589 1283 3763 1340 dico:

2170 1367 2319 1424 dabit
2341 1369 2482 1424 enim
2517 1371 2608 1425 tibi
2648 1372 2909 1427 Dominus
2936 1373 3261 1429 intellectum
3283 1375 3339 1430 in
3361 1375 3628 1431 omnibus.
3655 1377 3768 1432 Me-

2167 1475 2289 1516 mor
2331 1472 2446 1517 esto
2474 1463 2759 1519 Dominum
2795 1464 2980 1520 Jesum
3021 1466 3291 1522 Christum
3334 1471 3696 1526 resurrexisse
3733 1486 3767 1530 a

2169 1555 2394 1609 mortuis
2447 1571 2512 1611 ex
2567 1558 2776 1613 semine
2825 1557 3020 1626 David,
3077 1560 3368 1616 secundum
3414 1561 3768 1634 Evangelium

2169 1661 2384 1714 meum;
2430 1648 2484 1702 in
2523 1665 2627 1719 quo
2656 1650 2840 1705 laboro
2869 1666 3039 1721 usque
3069 1651 3136 1704 ad
3162 1652 3393 1719 vincula,
3424 1654 3576 1724 quasi
3621 1655 3766 1712 male

2168 1754 2398 1810 operans
2430 1757 2443 1794 :
2473 1740 2568 1796 sed
2613 1742 2833 1797 verbum
2879 1742 2975 1798 Dei
3025 1759 3132 1799 non
3175 1752 3258 1800 est
3301 1745 3598 1816 alligatum.
3637 1744 3766 1804 Ideo

2167 1831 2348 1886 omnia
2389 1833 2629 1890 sustineo
2674 1841 2890 1904 propter
2921 1834 3144 1900 electos,
3194 1844 3254 1890 ut
3296 1845 3351 1890 et
3392 1837 3493 1907 ipsi
3534 1837 3765 1895 salutem

2166 1933 2580 1994 consequantur,
2619 1941 2740 1995 quae
2782 1933 2865 1982 est
2907 1926 2960 1980 in
2995 1925 3206 1981 Christo
3230 1925 3380 1994 Iesu,
3428 1942 3550 1982 cum
3589 1929 3763 2000 gloria

2165 2014 2394 2071 caelesti.
2427 2014 2627 2072 Fidelis
2651 2031 2828 2072 sermo
2860 2035 2872 2070 :
2901 2016 3034 2071 Nam
3062 2017 3108 2072 si
3130 2019 3453 2074 commortui
3471 2034 3680 2088 sumus,
3705 2029 3764 2078 et

2166 2107 2551 2175 convivemus;
2585 2109 2630 2163 si
2659 2108 3100 2178 sustinebimus‘,
3132 2119 3188 2166 et
3209 2112 3686 2183 conregnabimus;
3711 2113 3762 2171 si

2165 2200 2499 2270 negabimus,
2528 2208 2583 2255 et
2611 2200 2699 2256 ille
2727 2200 2940 2271 negabit
2975 2215 3106 2269 nos;
3138 2201 3183 2256 si
3209 2217 3316 2256 non
3351 2202 3638 2270 credimus,
3667 2204 3761 2261 ille

2164 2291 2335 2348 fidelis
2374 2301 2670 2362 permanet,
2716 2307 2911 2364 negare
2961 2293 3199 2364 seipsum
3241 2309 3351 2350 non
3398 2303 3590 2365 potest.
3633 2294 3760 2354 Πῶς

2163 2398 2468 2452 commone,
2499 2383 2790 2440 testiﬁcaris
2816 2399 2997 2441 coram
3024 2385 3153 2441 Deo.
3176 2384 3297 2442 Noli
3321 2386 3497 2442 verbis
3522 2395 3754 2443 conten-

2163 2476 2314 2544 dere,
2346 2477 2398 2532 in
2426 2476 2558 2532 nihil
2579 2477 2726 2544 utile,
2751 2476 2856 2532 nisi
2879 2477 2944 2532 ad
2969 2477 3374 2535 subversionem
3399 2479 3751 2535 audientium.

2163 2567 2400 2624 Sollicite
2447 2577 2623 2624 autem
2671 2577 2802 2625 'cura
2849 2569 3076 2640 tcipsum
3119 2570 3450 2641 probabilem
3497 2571 3757 2628 exhibere

2163 2659 2296 2723 Deo,
2346 2660 2650 2730 operarium
2695 2659 3128 2717 inconfusibilem
3149 2663 3192 2730 ⁸,
3245 2672 3390 2718 recte
3437 2671 3758 2726 tractante-

2160 2750 2381 2806 verbum
2402 2751 2661 2806 veritatis.
2689 2751 2919 2808 Profana
2938 2762 3116 2809 autem
3137 2762 3192 2810 et
3209 2754 3512 2827 vaniloquia
3537 2756 3753 2815 devita:

2167 2842 2395 2897 multum
2427 2843 2754 2914 proﬁcient'
2790 2844 2857 2901 ad
2884 2845 3245 2916 impietatem;
3275 2856 3330 2903 ct
3364 2863 3543 2904 sermo
3568 2865 3760 2912 eorum

2158 2944 2219 2988 ut
2241 2949 2434 2990 cancer
2467 2935 2656 3005 serpit.
2687 2935 2756 2991 Et
2783 2945 2896 3008 post
2934 2953 3024 2992 sea:
3049 2953 3218 2994 versus
3240 2955 3259 2994 :
3282 2938 3546 3010 Cognovit
3575 2942 3758 2998 Domi~

2158 3042 2260 3082 nus
2285 3027 2374 3098 qui
2412 3036 2536 3082 sunt
2565 3027 2715 3098 ejus;
2755 3038 2810 3084 et
2835 3027 3110 3086 discedant
3147 3030 3216 3086 ab
3257 3029 3535 3102 iniquitate
3562 3047 3757 3090 omnes

2158 3118 2250 3190 qui
2273 3118 2558 3175 invocant‘
2583 3135 2780 3176 nomen
2806 3121 3036 3176 Domini.
3072 3121 3128 3176 ln
3160 3137 3350 3194 magna
3376 3132 3555 3179 autem
3587 3123 3756 3182 domo

2157 3226 2264 3265 non
2294 3211 2468 3266 solum
2497 3221 2619 3267 sunt
2649 3227 2773 3268 vasa
2799 3228 2960 3269 aurea
2995 3223 3051 3269 et
3081 3224 3354 3284 argentea,
3381 3214 3475 3271 sed
3501 3225 3559 3272 et
3575 3216 3756 3287 lignea

2155 3311 2211 3360 et
2236 3304 2442 3370 fictilia;
2474 3313 2526 3360 et
2559 3305 2804 3376 quaedam
2846 3304 3062 3376 quidem
3101 3307 3153 3360 in
3183 3305 3465 3374 honorem,
3500 3305 3756 3379 quaedam

2155 3405 2330 3452 autem
2363 3399 2415 3452 in
2453 3397 2851 3454 contumeliam.
2897 3398 2954 3455 Si
2993 3399 3114 3470 quis
3154 3415 3284 3471 ergo
3309 3399 3649 3457 mandaverit
3686 3415 3753 3458 se

2155 3490 2386 3558 abistis,
2427 3491 2529 3546 erit
2553 3507 2646 3546 vas
2689 3492 2741 3546 in
2771 3491 3032 3548 honorem
3071 3493 3478 3562 sanctiﬁcatum,
3524 3503 3579 3551 et
3615 3496 3754 3552 utile

2155 3581 2381 3636 Domino
2408 3581 2473 3635 ad
2501 3596 2660 3638 omne
2683 3597 2816 3654 opus
2844 3583 3042 3638 bonum
3072 3593 3339 3654 paratum.
3364 3584 3627 3641 Juvenilia
3648 3601 3753 3642 au-

2155 3679 2260 3727 tem
2314 3671 2578 3727 desideria
2617 3672 2775 3744 fuge:
2806 3681 3015 3730 sectare
3052 3689 3181 3730 vero
3224 3675 3511 3744 justitiam,
3561 3675 3749 3746 ﬁdem,

2151 3763 2488 3831 charitatem,
2533 3781 2717 3835 pacem
2739 3783 2858 3822 cum
2883 3767 2948 3822 iis
2969 3768 3058 3838 qui
3088 3769 3336 3823 invocant
3361 3768 3647 3824 Dominum
3676 3768 3750 3825 de

2151 3856 2315 3912 corde
2345 3871 2502 3927 puro.
2531 3855 2736 3913 Stultas
2763 3866 2941 3914 autem
2967 3867 3021 3914 et
3043 3857 3160 3914 sine
3187 3858 3463 3929 disciplina
3491 3859 3749 3930 quaestio-

2151 3964 2249 4005 nes
2271 3949 2468 4014 devita,
2502 3949 2675 4005 sciens
2702 3949 2842 4021 quod
2871 3959 3128 4020 generant
3147 3950 3289 4006 lites.
3317 3951 3545 4007 Servum
3565 3959 3751 4007 autem

2151 4041 2365 4098 Domini
2393 4059 2497 4098 non
2524 4051 2738 4112 oportet
2762 4042 2993 4114 litigare,
3026 4043 3124 4101 sed
3150 4053 3485 4100 mansuetum
3521 4059 3644 4102 esse
3675 4045 3750 4102 ad

2149 4149 2358 4203 omnes,
2396 4135 2701 4203 docibilem,
2752 4137 3063 4206 patientem,
3107 4153 3229 4193 cum
3271 4137 3531 4195 modestia
3570 4140 3749 4195 corri-

2148 4226 2381 4295 pientem
2409 4242 2504 4283 eos
2527 4229 2617 4298 qui
2657 4227 2946 4284 resistunt“
2975 4248 2988 4284 :
3022 4230 3306 4301 nequando
3334 4230 3425 4287 det
3461 4231 3565 4288 illis
3597 4231 3747 4290 Deus

2149 4320 2516 4390 paenitentiam
2545 4321 2613 4376 ad
2643 4322 3070 4393 cognoscendam
3111 4323 3413 4392 veritatem,
3458 4333 3514 4382 et
3546 4326 3746 4398 resipi-

2148 4422 2298 4466 seant
2343 4428 2372 4467 a
2419 4411 2616 4468 diaboli
2660 4413 2886 4484 laqueis,
2923 4429 2954 4470 a
2999 4429 3107 4485 quo
3148 4414 3343 4486 captivi
3381 4424 3633 4473 tenentur
3673 4418 3745 4475 ad

2147 4502 2313 4573 ipsius
2335 4503 2681 4560 voluntatem.

2219 4593 2346 4670 [111.]
2387 4595 2499 4651 Hoc
2533 4604 2713 4653 autem
2761 4598 2916 4666 scito,
2947 4599 3090 4670 quod
3120 4599 3175 4655 in
3219 4601 3521 4658 novissimis
3550 4603 3742 4661 diebus

2147 4686 2420 4743 instabunt
2447 4697 2686 4760 tempora
2712 4689 3043 4760 periculosa;
3091 4700 3146 4748 et
3181 4702 3339 4749 erunt
3365 4693 3610 4752 homines
3653 4712 3746 4754 sc-

2146 4779 2292 4849 ipsos
2315 4788 2575 4848 amantes,
2607 4781 2806 4852 cupidi,
2839 4782 2984 4850 elati,
3013 4784 3253 4854 superbi,
3281 4785 3598 4857 blasphemi,
3637 4804 3742 4859 pa-

2145 4869 2386 4926 rentibus
2426 4886 2529 4926 non
2557 4871 2886 4939 obedientes,
2932 4874 3146 4946 ingrati,
3179 4876 3416 4946 scelesti,
3465 4879 3581 4936 sine
3608 4881 3744 4939 afl‘e-

2145 4962 2340 5028 ctione,
2367 4964 2482 5019 sine
2511 4979 2662 5035 pace,
2685 4965 3076 5036 criminatores,
3108 4968 3521 5039 incontinentes,
3554 4973 3739 5030 immi-

2147 5062 2248 5122 tes,
2295 5055 2412 5111 sine
2461 5055 2803 5128 benignitate,
2853 5058 3172 5129 proditores,
3214 5061 3468 5132 protervi,
3523 5065 3737 5134 tumidi,

2208 5190 2227 5221 ί
2250 5189 2558 5254 anutensis
2578 5189 2734 5254 codex
2760 5191 2966 5254 et_corb.
3000 5190 3167 5254 Biblia,
3189 5192 3236 5245 si
3269 5193 3571 5246 sustinemus.
3591 5197 3740 5250 Paulo

2143 5257 2269 5324 post,
2294 5250 2416 5322 loco,
2433 5250 2478 5301 si
2498 5249 2791 5323 negabimus,
2818 5252 2970 5305 habet
2999 5249 3177 5318 Regius
3207 5256 3383 5318 codex,
3400 5259 3541 5320 juxta
3561 5249 3740 5324 Vulga-

2143 5320 2258 5372 tam,
2275 5320 2320 5364 si
2336 5320 2682 5376 ηεθαυεηηιιω.

2207 5367 2690 5451 "testaceum"!
3235 5379 3377 5451 meo
3414 5381 3537 5451 iam
3560 5385 3742 5451 καθίμα

2141 5443 2305 5549 ἒβὼξι
2338 5438 2483 5488 editio
2516 5445 2610 5500 Eia,
2645 5444 2690 5490 et
2739 5438 3031 5504 Mammaea
3081 5440 3255 5492 devita.
3286 5444 3358 5494 sic
3408 5447 3555 5495 etiam
3592 5438 3734 5497 eam

2245 5513 2256 5548 1
2292 5534 2306 5548 ο

2142 5500 2306 5549 Biblia.

2206 5563 2230 5634 ἦ
2247 5562 2576 5634 Huiclectioni
2597 5563 3094 5634 sufh‘agaturgraews
3113 5572 3301 5618 textus.
3316 5575 3371 5619 At
3390 5567 3590 5632 Vulgata
3608 5583 3736 5634 prte-

2142 5623 2256 5691 fert,
2279 5623 2482 5691 multum
2499 5625 2626 5691 enim
2645 5623 2916 5691 pro/imm:

2200 5686 2386 5758 fsacra
2423 5688 2599 5749 Biblia,
2637 5686 2682 5740 et
2718 5686 2939 5740 discedat
2973 5689 3036 5740 ab
3352 5691 3504 5744 omnis
3540 5693 3621 5756 qui
3653 5708 3740 5748 ηο-

2204 5813 2226 5845 ⁸
2243 5811 2472 5876 Vulgata,
2495 5813 2721 5879 resigned
2743 5813 2949 5879 veritati.
2974 5823 3073 5866 Vox
3103 5823 3297 5877 tamen,
3331 5817 3546 5879 veritati,
3587 5821 3739 5876 abest

2140 5886 2171 5924 α
2202 5875 2364 5937 graeco
2394 5881 2490 5926 eta
2511 5875 2757 5927 codicibus
2777 5877 2921 5941 hujus
2947 5881 3125 5943 aperis,
3149 5875 3358 5943 excepto
3384 5888 3464 5931 Ms.
3505 5875 3735 5936 demblaé
