4082 6460
354 482 493 539 1025

350 597 681 665 voluptatum
709 602 972 653 amatores
1001 597 1166 669 magis
1194 612 1354 667 quam
1382 595 1496 663 Dei,
1524 595 1785 651 habentes
1811 610 1936 666 spe-

352 690 488 743 ciem
516 688 729 759 quidem
762 690 991 760 pietatis,
1022 690 1268 745 virtutem
1309 698 1485 745 autem
1523 689 1637 759 ejus
1665 689 1935 758 abnegan-

354 790 435 835 tes
466 798 478 833 :
504 790 557 835 et
595 779 692 834 hos
730 780 922 835 devita.
962 780 1039 835 Ex
1084 782 1148 836 iis
1192 782 1335 837 enim
1377 788 1500 835 sunt
1526 780 1616 851 qui
1659 788 1938 850 penetrant

350 875 561 941 domos,
593 885 646 930 et
674 878 907 945 captivas
942 876 1140 932 ducunt
1170 876 1509 933 mulierculas
1539 886 1787 932 oneratas
1815 891 1938 947 pec-

355 968 512 1035 catis,
542 984 659 1039 qutc
688 969 952 1023 ducuntur
975 970 1134 1024 variis
1160 970 1472 1031 desideriis;
1502 984 1715 1039 semper
1733 968 1937 1023 discen-

350 1066 453 1125 tes,
482 1068 534 1114 et
560 1076 829 1130 nunquam
867 1062 933 1116 ad
973 1062 1246 1117 scientiam
1272 1062 1511 1118 veritatis
1542 1061 1932 1132 pervenientes.

352 1149 420 1203 Et
442 1160 551 1220 post
577 1162 687 1205 octo
714 1168 883 1207 versus
906 1169 924 1206 :
954 1153 1034 1207 Tu
1060 1162 1234 1208 autem
1264 1164 1536 1208 assecutus
1556 1168 1613 1209 es
1638 1168 1808 1208 meam
1841 1152 1937 1207 do-

347 1242 597 1308 ctrinam,
640 1243 1049 1313 institutionem,
1087 1247 1438 1316 prepositum,
1482 1245 1661 1311 ﬁdem,
1692 1244 1934 1315 longani-

348 1334 612 1402 mitatem,
636 1334 996 1402 dilectionem,
1020 1337 1349 1407 patientiam,
1374 1337 1789 1407 persecutiones,
1814 1350 1937 1406 pas-

347 1424 549 1491 siones,
598 1425 773 1495 qualia
830 1426 960 1481 mihi
1000 1427 1137 1482 facta
1182 1437 1305 1482 sunt
1341 1427 1671 1495 Antiochiae,
1717 1426 1931 1496 Iconio,

347 1515 557 1590 Lystris
578 1534 593 1583 ;
615 1519 797 1589 quales
820 1521 1215 1589 persecutiones
1246 1521 1491 1587 sustinui,
1521 1530 1575 1576 et
1600 1536 1663 1575 ex
1686 1519 1933 1577 omnibus

347 1624 434 1663 me
460 1610 656 1679 eripuit
685 1610 955 1667 Dominus.
990 1612 1059 1667 Et
1085 1628 1272 1667 omnes
1301 1613 1390 1683 qui
1420 1612 1607 1667 volunt
1641 1612 1728 1682 pie
1750 1610 1933 1667 vivere

348 1700 402 1755 in
427 1700 643 1757 Christo
670 1702 816 1770 Jesu,
841 1704 1265 1773 persecutionem
1295 1706 1580 1775 patientur.
1611 1704 1731 1759 Mali
1755 1713 1931 1759 autem

347 1793 594 1851 homines
632 1805 685 1851 et
721 1797 1032 1853 seductores
1064 1799 1341 1868 proﬁcient
1369 1800 1419 1853 in
1448 1798 1618 1868 pejus,
1666 1805 1928 1865 errantes,

346 1898 402 1944 et
424 1889 478 1944 in
507 1905 744 1947 errorem
784 1892 1073 1948 mittentes.
1104 1892 1182 1948 Tu
1212 1908 1339 1949 vero
1365 1908 1621 1963 permane
1648 1894 1699 1947 in
1724 1893 1788 1947 iis
1813 1907 1931 1963 qua:

346 1980 600 2048 didicisti,
626 1982 895 2038 etcredita
922 1991 1046 2037 sunt
1064 1983 1181 2049 tibi,
1202 1985 1376 2039 sciens
1391 1999 1421 2038 a
1442 2000 1546 2054 quo
1571 1983 1838 2039 didiceris.
1863 1983 1933 2037 Et

345 2072 602 2141 quoniam
651 2073 718 2128 ab
756 2072 974 2128 infantia
1018 2090 1197 2129 sacras
1240 2074 1471 2129 Litteras
1513 2075 1672 2139 nosti,
1718 2088 1835 2144 qua:
1879 2081 1931 2129 te

343 2174 569 2236 possunt
597 2166 859 2223 instruere
901 2168 968 2223 ad
1007 2168 1254 2235 salutem,
1286 2184 1381 2238 per
1406 2167 1563 2222 ﬁdem
1603 2182 1720 2238 qua:
1762 2166 1928 2223 estin

343 2258 557 2315 Christo
585 2259 732 2316 Jesu.
759 2261 943 2317 Omnis
968 2261 1239 2333 Scriptura
1268 2261 1520 2317 divinitus
1549 2262 1821 2332 inspirata,
1846 2271 1930 2319 est

342 2350 489 2404 utilis
512 2351 578 2405 ad
605 2351 921 2419 docendum,
950 2353 1016 2408 ad
1036 2350 1384 2424 arguentium,
1406 2352 1473 2408 ad
1493 2352 1866 2423 corrigendum
1882 2354 1923 2422 ί,

341 2443 409 2497 ad
435 2443 783 2500 erudiendum
810 2446 861 2499 in
880 2444 1081 2515 justitia
1107 2463 1121 2500 :
1149 2445 1498 2516 upper-fectus
1525 2445 1594 2500 sit
1618 2444 1777 2499 homo
1808 2444 1925 2514 Dei,

342 2535 409 2591 ad
434 2551 592 2592 omne
616 2551 748 2607 opus
773 2537 969 2592 bonum
999 2537 1309 2592 instructus.

415 2626 539 2702 [1v.]
578 2629 856 2685 Testiticor
883 2646 1062 2686 coram
1089 2631 1202 2686 Deo
1228 2639 1283 2686 et
1306 2629 1521 2686 Christo
1541 2630 1689 2699 Jesu,
1716 2630 1808 2701 qui
1836 2630 1927 2701 ju-

340 2721 612 2777 dicaturus
655 2731 736 2777 est
775 2724 925 2778 vivos
978 2732 1031 2779 et
1075 2733 1335 2792 mortuos,
1388 2732 1443 2780 et
1493 2740 1591 2797 per
1640 2724 1925 2780 adventum

340 2812 511 2883 ipsius
537 2821 593 2869 et
616 2828 836 2886 regnum
862 2816 996 2886 ejus,
1026 2817 1255 2885 praedica
1284 2818 1528 2885 verbum,
1557 2819 1695 2873 insta
1725 2832 1925 2888 oppor-

340 2912 490 2971 tune,
530 2906 864 2977 importune;
916 2924 1097 2979 argue,
1141 2910 1383 2975 obsecra,
1428 2911 1643 2980 increpa
1686 2910 1737 2965 in
1780 2910 1925 2966 omni

343 2998 616 3070 patientia,
643 3010 695 3056 et
720 2999 978 3056 doctrina.
1012 3002 1124 3056 Erit
1153 3002 1293 3055 enim
1322 3012 1553 3073 tempus,
1582 3018 1700 3057 cum
1741 2998 1925 3057 sanam'

338 3090 636 3147 doctrinam
666 3108 769 3147 non
796 3093 1150 3160 sustinebunt,
1177 3093 1269 3149 sed
1302 3094 1368 3149 ad
1394 3109 1487 3149 sua
1509 3094 1774 3149 desideria
1796 3109 1926 3149 coa-

339 3184 632 3240 eervabunt
658 3184 760 3241 sibi
780 3186 1081 3257 magistros,
1108 3188 1406 3255 prurientes
1426 3187 1675 3254 auribus;
1700 3194 1755 3243 et
1779 3202 1809 3241 a
1836 3202 1928 3244 ve-

338 3278 497 3333 ritate
529 3278 741 3349 quidem
794 3279 1030 3335 auditum
1075 3287 1335 3347 avertent,
1387 3279 1455 3334 ad
1502 3278 1706 3335 fabulas
1746 3290 1925 3336 autem

339 3378 743 3424 convertentur.
801 3369 883 3425 Tu
927 3385 1056 3425 vero
1101 3371 1278 3441 vigila,
1326 3371 1381 3424 in
1425 3370 1673 3425 omnibus
1718 3371 1920 3438 labora,

339 3473 475 3529 opus
504 3459 586 3515 fac
610 3460 971 3531 evangelista,
998 3462 1352 3517 ministerium
1381 3470 1527 3517 tuum
1557 3462 1775 3533 imple‘.
1811 3463 1926 3533 Ego

338 3536 485 3606 enim
506 3551 615 3622 jam
646 3552 868 3621 delibor,
902 3562 957 3610 et
977 3565 1187 3624 tempus
1211 3569 1345 3610 meae
1374 3554 1718 3609 resolutionis
1738 3554 1922 3610 instat.

339 3643 548 3700 Bonum
568 3654 837 3703 certamen
863 3647 1081 3713 certavi,
1110 3663 1322 3704 cursum
1347 3648 1732 3716 consummavi,
1765 3649 1925 3705 ﬁdem

337 3740 549 3795 servavi
579 3758 592 3793 :
621 3741 674 3794 in
702 3742 906 3811 reliquo
931 3742 1161 3811 reposita
1186 3750 1271 3797 est
1293 3741 1424 3797 mihi
1448 3741 1668 3812 justitize
1694 3755 1919 3811 corona,

337 3846 498 3901 quam
522 3832 712 3888 reddet
746 3833 876 3888 mihi
907 3834 1165 3889 Dominus
1203 3834 1258 3889 in
1287 3834 1373 3888 illa
1412 3834 1498 3890 die
1517 3832 1693 3905 justus
1714 3833 1921 3905 judex;

336 3938 448 3979 non
472 3926 644 3981 solum
668 3935 846 3982 autem
887 3928 1036 3994 mihi,
1070 3928 1164 3983 sed
1189 3937 1242 3983 et
1265 3928 1329 3983 iis
1354 3928 1443 3998 qui
1469 3926 1691 3999 diligunt
1718 3927 1921 3983 adven-

334 4024 449 4073 tum
470 4019 604 4091 ejus.

529 4114 619 4168 DE
656 4113 984 4171 EPISTOLA
1026 4115 1085 4168 B.
1128 4114 1331 4170 PAULI
1368 4115 1459 4169 AD
1496 4113 1729 4171 TITUM.

416 4204 567 4279 [Cap.
597 4205 660 4280 1.]
702 4208 866 4278 Hujus
900 4210 978 4263 rei
1016 4209 1181 4279 gratia
1225 4209 1411 4279 reliqui
1449 4217 1504 4263 te
1530 4206 1723 4274 Cretae,
1762 4217 1823 4264 ιιι
1857 4223 1923 4265 ea

336 4314 459 4371 qua:
483 4299 695 4368 desunt,
721 4301 976 4370 corrigas,
1016 4308 1069 4355 et
1096 4303 1385 4354 constituas
1414 4315 1509 4369 per
1530 4300 1771 4356 civitates
1796 4315 1921 4370 pre-

336 4392 603 4464 sbyteros.
635 4393 771 4447 sicut
796 4408 894 4462 ego
924 4392 1015 4447 tibi
1044 4392 1301 4462 disposui.
1334 4391 1389 4447 Si
1417 4392 1534 4462 quis
1560 4392 1675 4447 sine
1698 4392 1921 4448 crimine

336 4493 440 4551 est,
470 4484 627 4539 unius
652 4484 831 4540 uxoris
858 4485 959 4550 vir,
992 4484 1128 4541 lilios
1154 4483 1359 4539 habens
1386 4482 1586 4548 fideles,
1620 4499 1726 4538 non
1747 4483 1799 4537 in
1827 4498 1921 4538 ac-

337 4575 617 4630 cusatione
648 4574 889 4643 luxuriae,
934 4584 1025 4630 aut
1065 4589 1171 4630 non
1216 4574 1476 4629 subditos.
1518 4573 1739 4643 Oportet
1776 4574 1920 4629 enim

336 4666 647 4737 episcopum
669 4666 784 4723 sine
803 4666 1026 4721 crimine
1041 4682 1179 4732 esse,
1198 4666 1335 4721 sicut
1350 4666 1442 4720 Dei
1462 4665 1916 4735 dispensatorem;

335 4772 445 4813 non
472 4758 781 4828 superbum,
808 4774 911 4813 non
937 4758 1263 4823 iracundum,
1295 4772 1400 4811 non
1429 4757 1778 4824 vinolentum,
1812 4772 1918 4813 non

238 4922 245 4927 ἡ
333 4864 727 4919 percussorem,
766 4866 873 4905 non
899 4849 1067 4918 turpis
1093 4849 1228 4903 lucri
1265 4848 1586 4918 cupidum':
1619 4849 1712 4904 sed
1738 4849 1921 4920 hospi-

332 4944 519 5010 talem,
550 4943 853 5016 benignum,
888 4942 1149 5011 sobrium,
1184 4942 1405 5013 justum,
1447 4951 1707 5011 sanctum,
1750 4943 1919 4999 conti-

334 5047 575 5103 nentem,
602 5039 1003 5108 amplectentem
1031 5052 1153 5092 eum
1182 5037 1270 5108 qui
1302 5035 1593 5093 secundum
1617 5037 1917 5094 doctrinam

334 5138 418 5186 est
443 5129 655 5186 ﬁdelem
678 5146 1002 5197 sermonem,
1030 5138 1087 5183 ut
1112 5138 1301 5199 potens
1339 5128 1411 5183 sit
1434 5128 1701 5184 exhortari
1736 5130 1787 5184 in
1814 5130 1916 5186 do-

334 5223 506 5276 ctrina
536 5236 685 5289 sana,
716 5229 771 5277 et
795 5236 891 5276 eos
915 5222 1004 5292 qui
1024 5220 1395 5277 contradicunt
1426 5235 1668 5291 arguere.
1709 5220 1775 5274 Et
1805 5229 1917 5293 post

334 5315 533 5385 aliquos
571 5330 743 5369 versus
766 5312 971 5382 :Quam
1002 5313 1070 5367 ob
1107 5328 1320 5367 causam
1360 5311 1573 5381 increpa
1616 5312 1735 5366 illos
1760 5312 1912 5378 dure,

336 5416 394 5461 ut
414 5406 530 5461 sani
559 5406 666 5461 sint
693 5408 745 5461 in
785 5406 911 5474 ﬁde,
947 5421 1052 5461 non
1082 5404 1415 5461 intendentes
1438 5403 1668 5459 Judaicis
1702 5404 1911 5473 fabulis,

335 5504 391 5552 et
435 5496 698 5553 mandatis
752 5497 1029 5553 hominum
1075 5496 1434 5552 aversantium
1482 5510 1541 5551 se
1589 5511 1620 5549 a
1670 5496 1913 5577 veritate:

335 5589 528 5645 Omnia
550 5590 745 5645 munda
770 5589 982 5645 mundis
1007 5607 1020 5643 :
1043 5588 1395 5659 coinquinatis
1414 5596 1591 5645 autem
1611 5598 1665 5644 et
1685 5570 1917 5644 inﬁdeli:

399 5708 418 5739 ι
442 5703 733 5770 m‘Vulgata,
747 5704 812 5755 ad
826 5702 1183 5770 com’piendum
1203 5713 1223 5754 :
1236 5702 1288 5754 in
1308 5714 1486 5768 graeco,
1506 5702 1617 5768 pros
1630 5705 1917 5770 ερωιονεήὀ-

332 5768 429 5831 εἰη,
450 5766 515 5831 ad
532 5766 886 5831 correctionem.

399 5827 564 5901 fNihil
584 5843 730 5894 supra
760 5832 810 5881 in
837 5830 1011 5894 graecis
1031 5827 1194 5882 Bibliis
1215 5841 1229 5880 :
1254 5834 1308 5881 at
1336 5830 1389 5880 in
1418 5827 1580 5885 latinis
1610 5832 1817 5901 additur,
1839 5848 1918 5890 εο.

642 5916 1581 6023 menmme

1599 481 1685 539 DE
1723 476 2104 540 SCRIPTURA
2141 482 2383 542 SACRA.

1921 6001 1963 6032 χ

3487 495 3509 554 1
3519 494 3626 556 026

2046 595 2142 652 bus
2172 597 2301 653 nihil
2329 599 2581 655 mundum
2614 620 2628 656 :
2659 602 2751 658 sed
2778 602 3061 676 inquinatas
3100 615 3223 664 sunt
3254 618 3310 666 et
3336 624 3486 667 mens
3524 630 3621 669 eo-

2044 705 2181 756 rum,
2206 701 2259 745 et
2278 694 2620 748 conscientia.
2648 693 2974 752 Conﬁtentur
2996 714 3055 754 se
3080 715 3237 757 nosse
3257 701 3444 768 Deum,
3468 702 3619 762 factis

2043 790 2218 835 autem
2246 792 2472 853 negant;
2496 800 2613 839 cum
2642 786 2748 841 sint
2776 786 3062 844 abominati
3088 798 3141 845 et
3160 790 3528 860 iincredibiles,
3562 802 3618 851 et

2044 871 2111 925 ad
2144 888 2300 928 omne
2330 890 2461 944 opus
2493 876 2685 931 bonum
2715 879 2944 948 reprobi.

2114 960 2220 1035 [11.]
2258 963 2337 1018 Tu
2379 974 2553 1020 autem
2582 967 2794 1038 loquere
2819 978 2936 1040 qurc
2968 970 3159 1027 decent
3198 989 3379 1030 sanam
3409 974 3613 1033 doctri-

2043 1068 2188 1107 nam.
2220 1054 2406 1121 Senes,
2441 1068 2497 1112 ut
2526 1059 2685 1113 sobrii
2708 1060 2831 1125 sint,
2860 1063 3056 1132 pudici,
3085 1066 3392 1137 prudentes,
3425 1072 3538 1125 sani
3560 1072 3617 1129 in

2040 1145 2164 1213 ﬁde,
2194 1147 2243 1201 in
2268 1149 2567 1218 dilectione,
2602 1152 2653 1205 in
2683 1154 2950 1221 patientia.
2989 1158 3136 1211 Anus
3166 1160 3410 1216 similiter
3431 1161 3483 1216 in
3514 1162 3615 1217 ha-

2040 1236 2151 1292 bitu
2189 1250 2391 1307 sancto,
2432 1258 2537 1296 non
2564 1244 2967 1316 criminatrices,
2999 1263 3106 1302 non
3136 1252 3257 1304 vino
3290 1252 3457 1307 multo
3493 1268 3612 1309 ser-

2039 1331 2263 1399 vientes,
2288 1333 2423 1389 bene
2442 1334 2713 1402 docentes,
2744 1348 2799 1392 ut
2821 1340 3151 1409 prudentiam
3179 1341 3404 1399 doceant
3431 1345 3620 1402 adole-

2039 1426 2325 1492 scentulos,
2354 1435 2412 1482 ut
2442 1429 2581 1483 viros
2596 1444 2721 1485 suos
2742 1440 2938 1499 ament,
2966 1432 3100 1488 ﬁlios
3125 1434 3363 1505 diligant,
3388 1438 3619 1506 pruden-

2040 1524 2140 1584 tes,
2158 1520 2383 1584 castas‘,
2403 1519 2591 1575 domus
2602 1536 2780 1577 curam
2798 1522 3076 1591 habentes,
3092 1525 3364 1597 benignas,
3380 1528 3619 1586 subditas

2037 1609 2148 1664 suis
2176 1610 2324 1679 viris,
2362 1620 2418 1666 ut
2442 1627 2546 1666 non
2575 1612 2969 1685 blasphemetur
2995 1616 3215 1673 verbum
3244 1618 3357 1673 Dei.
3386 1619 3617 1677 Iuvenes

2037 1699 2281 1757 similiter
2310 1701 2522 1758 hortare
2566 1712 2621 1758 ut
2656 1704 2819 1760 sobrii
2850 1707 2973 1762 sint.
3006 1709 3061 1762 In
3108 1709 3354 1765 omnibus
3392 1712 3617 1781 teipsum

2036 1797 2217 1866 praebe
2237 1797 2537 1868 exemplum
2564 1800 2822 1855 bonorum
2848 1816 3067 1870 operum
3090 1803 3139 1856 in
3161 1803 3423 1871 doctrina,
3450 1804 3506 1860 in
3534 1806 3617 1860 in-

2038 1888 2300 1959 tegritate,
2328 1888 2380 1944 in
2408 1890 2683 1959 gravitate.
2713 1890 2944 1946 Verbum
2984 1908 3191 1960 sanum,
3229 1894 3617 1964 irreprehensi-

2036 1978 2143 2033 bile
2170 1996 2185 2032 :
2212 1988 2269 2033 ut
2297 1980 2341 2033 is
2364 1980 2453 2050 qui
2497 1996 2563 2036 ex
2598 1982 2819 2036 adverso
2847 1990 2947 2050 est,
2974 1992 3236 2050 vereatur,
3266 1985 3393 2039 nihil
3412 1984 3614 2041 habens

2036 2071 2235 2125 malum
2266 2072 2445 2127 dicere
2473 2072 2539 2127 de
2564 2073 2775 2128 nobis”.
2810 2076 3000 2129 Servos
3028 2076 3257 2131 dominis
3297 2079 3407 2133 suis
3436 2079 3617 2134 subdi-

2036 2170 2120 2218 tos
2146 2177 2285 2229 esse,
2326 2163 2379 2217 in
2414 2165 2659 2221 omnibus
2687 2167 2974 2236 placentes,
3024 2183 3127 2222 non
3171 2170 3614 2242 contradicentes,

2036 2270 2144 2310 non
2170 2254 2495 2324 fraudantes,
2538 2257 2633 2313 sed
2668 2258 2718 2312 in
2750 2259 2995 2315 omnibus
3031 2259 3189 2316 ﬁdem
3214 2261 3405 2316 bonam
3435 2272 3618 2319 osten-

2034 2346 2242 2413 dentes,
2279 2356 2338 2402 ut
2374 2348 2664 2403 doctrinam
2696 2350 2973 2406 salvatoris
3010 2352 3175 2405 nostri
3205 2352 3299 2407 Dei
3336 2361 3525 2408 ornent
3562 2354 3617 2412 in

2034 2442 2295 2495 omnibus.
2329 2443 2587 2511 Apparuit
2616 2442 2755 2497 enim
2786 2444 2953 2513 gratia
2984 2443 3077 2499 Dei
3102 2444 3377 2501 salvatoris
3396 2445 3416 2477 ⁸
3446 2446 3615 2502 omnia

2032 2530 2133 2587 bus
2159 2532 2477 2597 hominibus,
2511 2534 2758 2588 erudiens
2780 2549 2898 2603 nos,
2943 2542 3001 2589 ut
3025 2537 3344 2606 abnegantes
3370 2539 3614 2609 impieta-

2034 2633 2142 2678 tem
2172 2632 2226 2679 et
2248 2625 2523 2679 s:cc11laria
2546 2625 2829 2691 desideria,
2854 2626 3030 2683 sobrie
3055 2636 3109 2683 et
3129 2628 3270 2698 juste
3291 2638 3344 2684 et
3369 2631 3453 2699 pie
3472 2632 3616 2687 viva-

2032 2729 2152 2769 mus
2182 2716 2233 2770 in
2265 2716 2364 2771 hoc
2390 2716 2606 2782 sacculo,
2639 2727 3008 2786 exspectantes
3039 2718 3246 2774 beatam
3268 2735 3415 2791 spem
3437 2730 3492 2777 et
3517 2722 3615 2777 ad~

2030 2816 2248 2863 ventum
2293 2809 2477 2879 gloria:
2518 2810 2694 2881 magni
2722 2810 2815 2865 Dei
2860 2820 2915 2865 et
2955 2811 3243 2867 Salvatoris
3283 2814 3455 2869 nostri
3490 2814 3614 2877 Jesu

2030 2901 2247 2970 Christi,
2280 2903 2367 2972 qui
2395 2903 2539 2957 dedit
2564 2904 2907 2974 semetipsum
2936 2920 3034 2977 pro
3054 2907 3229 2975 nobis,
3258 2918 3315 2962 ut
3348 2923 3446 2963 nos
3471 2910 3615 2964 redi-

2031 3002 2204 3048 meret
2236 2997 2304 3048 ab
2341 2994 2485 3049 omni
2514 2995 2808 3065 iniquitate,
2840 3006 2894 3051 et
2928 2998 3209 3053 mundaret
3235 3000 3331 3054 sibi
3364 3002 3613 3070 populum

2029 3087 2432 3155 acceptabilem,
2470 3096 2788 3144 sectatorem
2816 3090 3075 3146 bonorum
3106 3107 3346 3161 operum.
3379 3094 3503 3149 Ilaec
3531 3095 3613 3149 lo-

2031 3192 2214 3247 quere,
2234 3188 2288 3234 ct
2303 3179 2602 3247 exhortare,
2628 3189 2681 3237 et
2699 3196 2859 3253 argue
2875 3198 2996 3238 cum
3018 3185 3162 3239 omni
3179 3184 3420 3255 imperio.
3445 3185 3613 3245 Nemo

2031 3278 2085 3346 te
2110 3282 2434 3328 contemnat.

2104 3360 2227 3435 [111.]
2266 3364 2510 3419 Admone
2536 3364 2676 3431 illos,
2707 3365 3033 3437 principibus
3051 3375 3104 3422 et
3123 3367 3471 3437 potestatibus
3489 3370 3612 3426 sub-

2030 3452 2169 3508 ditos
2193 3469 2334 3523 esse,
2366 3455 2507 3512 dicto
2535 3456 2770 3523 obedire,
2798 3458 2864 3512 ad
2893 3473 3051 3514 omne
3077 3473 3208 3529 opus
3234 3460 3429 3515 bonum
3460 3477 3612 3532 para~

2031 3555 2114 3603 tos
2140 3563 2258 3603 esse
2288 3567 2299 3601 :
2329 3550 2595 3604 neminem
2624 3550 3019 3622 blasphemare,
3049 3568 3155 3608 non
3182 3554 3442 3626 litigiosos
3468 3572 3608 3626 esse,

2029 3640 2124 3695 sed
2148 3642 2437 3709 modestos,
2461 3657 2672 3698 omnem
2696 3643 3038 3700 ostendentes
3065 3647 3523 3705 mansuetudinem
3544 3649 3611 3706 ad

2028 3747 2216 3787 omnes
2248 3733 2509 3789 homines.
2541 3734 2611 3788 Et
2632 3744 2741 3805 post
2767 3752 2952 3805 paucos
2976 3752 3146 3793 versus
3168 3753 3188 3794 :
3212 3737 3409 3795 Fidelis
3432 3755 3612 3797 sermo

2029 3830 2147 3890 est;
2176 3832 2231 3878 et
2249 3824 2315 3879 dc
2335 3824 2418 3879 his
2448 3826 2566 3880 volo
2592 3834 2643 3881 te
2668 3828 3005 3895 conﬁrmare,
3028 3835 3084 3883 ut
3103 3840 3289 3885 curent
3308 3831 3461 3888 bonis
3484 3846 3612 3903 ope-

2026 3915 2175 3972 ribus
2200 3932 2427 3986 prmesse
2451 3919 2539 3989 qui
2569 3917 2792 3974 credunt
2817 3919 2947 3974 Deo.
2976 3920 3101 3976 Haec
3121 3932 3244 3977 sunt
3268 3923 3406 3979 bona
3427 3934 3480 3979 et
3509 3926 3611 3981 uti-

2025 4007 2097 4065 lia
2124 4010 2446 4066 hominibus.
2477 4010 2675 4067 Stultas
2702 4020 2881 4067 autem
2906 4013 3248 4084 quaestiones,
3278 4024 3331 4071 et
3358 4016 3610 4086 genealo-

2025 4101 2160 4171 gias,
2208 4111 2264 4157 et
2302 4103 2689 4170 contentiones,
2734 4112 2788 4158 et
2832 4118 3037 4174 pugnas
3078 4105 3210 4175 legis
3246 4106 3422 4162 devita
3452 4118 3611 4166 :sunt

2026 4193 2169 4248 enim
2189 4194 2400 4249 inutiles
2416 4202 2470 4249 et
2491 4210 2656 4250 vanae.
2681 4194 2997 4250 Haereticum
3027 4197 3294 4253 hominem
3316 4207 3436 4267 post
3452 4215 3609 4256 unam

2026 4296 2081 4342 et
2126 4288 2411 4343 secundam
2454 4288 2844 4357 correptionem
2873 4288 3067 4355 devita,
3111 4290 3284 4345 sciens
3323 4291 3445 4360 quia
3483 4293 3609 4347 sub-

2024 4396 2214 4437 versus
2241 4390 2323 4436 est
2349 4382 2439 4451 qui
2458 4380 2716 4451 ejusmodi
2745 4389 2845 4447 est,
2874 4388 2928 4435 et
2949 4380 3203 4451 delinquit
3226 4383 3443 4452 proprio
3466 4382 3608 4454 judi~

2023 4474 2109 4530 cio
2135 4473 2537 4551 condemnatus.
3604 4538 3607 4541 b

2095 4566 2186 4620 DE
2224 4563 2549 4620 EPISTOLA
2590 4563 2653 4620 Β.
2696 4561 2898 4619 PAULI
2942 4564 3033 4618 AD
3074 4564 3534 4621 PHILEMONEM.
3606 4576 3609 4577 ⁷

2098 4656 2358 4711 Gaudium
2396 4656 2540 4711 enim
2571 4670 2822 4725 magnum
2852 4654 3012 4710 habui
3036 4664 3090 4711 et
3106 4658 3521 4714 consolationem
3546 4660 3604 4716 in

2023 4750 2283 4806 cbaritate
2329 4757 2438 4817 tua,
2482 4750 2604 4820 quia
2632 4749 2835 4805 viscera
2884 4758 3191 4805 sanctorum
3231 4752 3607 4821 requieverunt

2023 4860 2122 4915 per
2160 4853 2242 4912 te,
2290 4834 2471 4898 frater.
2513 4842 2582 4897 Et
2619 4844 2772 4915 paulo
2813 4856 2924 4915 post
2951 4858 2969 4896 :
2994 4843 3161 4911 Quem
3203 4859 3302 4915 ego
3335 4846 3607 4901 volueram

2022 4949 2232 4991 mecum
2257 4933 2519 5001 detinere,
2553 4940 2609 4987 ut
2634 4948 2730 5003 pro
2762 4942 2811 4988 te
2834 4933 2963 4988 mihi
2990 4933 3312 4989 ministraret
3346 4934 3397 4988 in
3423 4934 3606 4989 vincu-

2022 5026 2090 5083 lis
2114 5024 2387 5096 Evangelii
2418 5041 2431 5078 :
2462 5023 2581 5080 sine
2606 5024 2829 5080 consilio
2858 5033 3030 5080 autem
3059 5034 3149 5079 tuo
3172 5024 3303 5081 nihil
3337 5025 3477 5080 volui
3518 5026 3600 5081 fa-

2023 5135 2164 5187 cere,
2194 5121 2269 5175 uti
2296 5134 2364 5175 ne
2388 5118 2535 5175 velut
2570 5134 2637 5175 ex
2675 5118 2991 5174 necessitate
3023 5117 3221 5174 bonum
3258 5127 3406 5174 tuum
3433 5127 3598 5189 esset,

2022 5213 2117 5270 sed
2138 5212 2511 5269 voluntarium.

2322 5351 2411 5405 DE
2448 5347 2777 5405 EPISTOLA
2814 5347 2907 5403 AD
2944 5346 3305 5403 HEBBEOS.

2097 5466 2248 5541 [Cap.
2278 5464 2379 5539 111.]
2418 5463 2627 5530 Videte,
2656 5461 2872 5531 fratres,
2900 5477 2967 5518 ne
2987 5461 3122 5519 forte
3142 5463 3209 5518 sit
3232 5462 3285 5518 in
3310 5463 3484 5535 aliquo
3508 5480 3601 5521 ve-

2087 5583 2105 5614 ¹
2129 5580 2332 5642 Vulgata
2352 5577 2512 5639 addit,
2535 5575 2721 5629 sobrias
2756 5587 2775 5628 :
2808 5575 2887 5628 cui
2921 5575 3213 5627 verbonihil
3245 5576 3324 5627 hic
3356 5578 3407 5628 in
3441 5590 3604 5642 greco

2021 5649 2306 5776 “tmte;
2325 5702 2497 5776 eodeat,
2520 5703 2582 5776 ᾳε
2602 5700 2731 5775 nobis
2747 5703 3199 5776 ξιιιιιῆειξθαιωο,
3236 5762 3248 5773 .
3432 5764 3462 5776 ..
3498 5766 3507 5776 .

2087 5769 2109 5801 ³
2130 5763 2357 5830 Vulgata,
2395 5763 2644 5816 salvatoris
2670 5763 2822 5816 nostri
2845 5763 3026 5830 {abest
3043 5799 3059 5825 ,
3098 5763 3264 5824 nosm',
3296 5776 3330 5830 ιι
3359 5764 3604 5830 codicibus

2020 5825 2300 5900 Speculifet
2315 5841 2345 5877 a
2365 5840 2526 5900 graeco
2545 5835 2712 5900 textu:
2861 5827 2910 5899 in
2931 5839 3091 5891 graeco
3112 5839 3221 5900 cum
3242 5825 3447 5900 articulq
3470 5828 3603 5900 temi-

2021 5886 2136 5945 nino
2161 5886 2237 5954 est
2258 5886 2530 5954 nominandi
2550 5902 2665 5939 casu
2686 5890 2713 5943 ἑ
2734 5886 2959 5953 δόιέήοδῖ
2967 5902 3063 5954 quo
3084 5890 3239 5954 gratia
3257 5888 3361 5954 ipsa
3380 5886 3603 5941 salutaris

2020 5968 2116 6011 seu
2134 5952 2381 6010 salutifera
2399 5953 2636 6017 aignautr.
