4082 6472
495 433 633 500 1.027

490 558 662 607 strum
678 561 773 607 cor
788 551 984 607 malum
1004 547 1406 622 incredulitatis,
1429 545 1740 603 discedendi
1757 561 1787 600 a
1804 545 1916 606 Deo
1935 543 2076 599 vivo:

490 642 587 698 sed
608 642 963 706 adhortamini
986 641 1338 714 vosmetipsos
1372 655 1464 722 per
1489 639 1726 716 singulos
1751 638 1889 706 dies,
1909 637 2082 692 donec

490 734 654 794 hodie
680 738 1106 812 cognominatur,
1153 744 1209 789 ut
1237 749 1340 790 non
1372 733 1663 789 obduretur
1687 731 1806 805 quis
1835 746 1900 787 ex
1931 729 2083 785 vobis

490 826 698 884 fallacia
725 805 946 897 peccati.
974 805 1263 902 i’articipes
1287 825 1428 880 enim
1451 822 1646 880 Christi
1667 823 1840 879 eti‘ecti
1865 834 2079 888 sumus;

489 919 537 980 si
569 928 741 975 tamen
769 919 975 974 initium
1006 918 1314 972 substantia:
1342 917 1456 988 ejus
1490 931 1661 990 usque
1699 915 1765 970 ad
1795 915 1953 972 ﬁnem
1983 913 2079 969 ﬁr-

488 1027 638 1071 mum
667 1012 1015 1079 retineamus,
1063 1009 1188 1066 dum
1229 1010 1439 1076 dicitur,
1473 1008 1640 1064 Hodie
1678 1009 1722 1064 si
1752 1023 1937 1064 vocem
1966 1005 2083 1078 ejus

489 1106 786 1176 audieritis,
816 1105 982 1160 nolite
1012 1105 1276 1160 obdurare
1304 1103 1466 1160 corda
1499 1111 1697 1172 vestra,
1729 1101 2082 1176 quemadmo-

487 1197 612 1254 dum
637 1198 688 1253 in
712 1198 1142 1255 exacerbatione.

564 1288 631 1344 Et
681 1299 792 1362 post
831 1308 1019 1372 paucos
1058 1306 1229 1345 versus
1257 1287 1380 1363 [nn]
1423 1289 1775 1345 :Timeamus
1820 1302 1967 1362 ergo,
2013 1303 2082 1356 ne

491 1379 628 1436 forte
653 1381 833 1437 relicta
861 1381 1243 1458 pollicitatione
1267 1381 1568 1445 introeundi
1593 1381 1643 1436 in
1671 1381 1911 1452 requiem
1939 1380 2077 1456 ejus,

489 1473 822 1535 existimetur
847 1473 1039 1550 aliquis
1078 1490 1142 1528 ex
1183 1473 1332 1528 vobis
1372 1472 1580 1528 deesse.
1616 1473 1823 1529 Etenim
1849 1479 1904 1528 et
1928 1472 2082 1538 nobis

487 1565 786 1622 nuntiatum
814 1574 912 1638 est,
947 1565 1394 1646 quemadmodum
1422 1573 1477 1622 et
1514 1565 1651 1620 illis:
1680 1564 1774 1626 sed
1818 1579 1926 1620 non
1954 1579 2081 1639 pro-

486 1657 589 1715 fuit
616 1659 720 1715 illis
741 1675 917 1724 sermo
938 1659 1171 1728 auditus,
1196 1675 1302 1714 non
1330 1657 1596 1718 admixtus
1615 1659 1631 1690 ¹
1660 1657 1782 1716 ﬁdei
1804 1674 1867 1718 ex
1887 1659 1950 1718 iis
1966 1674 2084 1730 quae

487 1751 791 1808 audierunt.
821 1750 888 1807 Et
911 1753 1013 1807 alio
1030 1752 1138 1807 loco
1165 1768 1182 1807 :
1213 1752 1480 1808 Habentes
1501 1767 1629 1832 ergo
1652 1753 1955 1823 pontiﬁcem
1973 1769 2085 1816 ma-

487 1857 672 1914 gnum,
707 1844 796 1916 qui
821 1844 1117 1916 penetravit
1140 1843 1326 1908 caelos,
1358 1843 1542 1899 Jesum
1566 1842 1729 1906 ﬁlium
1752 1844 1866 1914 Dei,
1899 1855 2082 1910 tenea-

489 1950 610 1994 mus
638 1935 1050 1994 confessionem.
1082 1933 1149 1990 Et
1178 1944 1292 2008 post
1313 1943 1411 1990 tres
1436 1951 1608 1990 versus
1627 1952 1647 1991 :
1671 1936 1937 1998 Adeamus
1957 1952 2084 2010 ergo

489 2044 611 2088 cum
657 2029 848 2086 ﬁducia
890 2030 955 2086 ad
1000 2030 1253 2086 thronum
1298 2030 1513 2102 gratiae,
1565 2039 1622 2086 ut
1666 2030 2083 2097 misericordiam

491 2139 901 2196 consequamur,
945 2132 999 2179 et
1038 2123 1264 2198 gratiam
1306 2122 1636 2196 inveniamus
1666 2122 1718 2186 in
1747 2122 1943 2178 auxilio
1983 2137 2082 2194 op-

492 2224 742 2290 portuno.

564 2307 634 2364 Et
661 2310 815 2384 paulo
830 2319 942 2384 post
969 2307 1090 2383 [vr]
1111 2327 1124 2364 :
1143 2307 1259 2366 Non
1283 2309 1427 2368 enim
1446 2307 1671 2381 injustus
1689 2308 1852 2375 Deus,
1873 2316 1934 2366 ut
1950 2308 2086 2376 obii-

492 2401 728 2463 viscatur
752 2401 931 2480 aperis
958 2403 1118 2458 vestri
1148 2410 1202 2461 et
1227 2401 1550 2469 dilectionis,
1578 2417 1736 2473 quam
1775 2401 2085 2464 ostendistis

498 2495 554 2558 in
597 2496 811 2552 nomine
860 2495 1054 2570 ipsius;
1097 2495 1187 2566 qui
1217 2494 1563 2556 ministrastis
1591 2494 1808 2562 sanctis,
1845 2503 1899 2552 et
1925 2496 2085 2562 mini-

493 2590 695 2648 stratis.
726 2589 978 2660 Cupimus
1010 2597 1189 2649 autem
1216 2604 1648 2661 unumquemque
1680 2597 1917 2648 vestrum
1939 2604 2088 2648 eam-

493 2681 615 2742 dem
659 2692 928 2744 ostentare
977 2681 1394 2747 sollicitudinem
1434 2681 1500 2737 ad
1539 2682 1894 2752 expletionem
1924 2684 2038 2758 spei
2063 2685 2084 2717 ¹

493 2788 661 2844 usque
693 2772 743 2828 in
787 2773 981 2829 ﬁnem:
1029 2781 1086 2836 ut
1131 2788 1238 2830 non
1281 2787 1472 2843 segnes
1515 2771 1854 2844 cfﬁciamini,
1899 2791 2085 2832 verum

492 2865 792 2922 imitatores
819 2881 1004 2926 eorum
1048 2865 1135 2935 qui
1167 2863 1269 2929 fide
1306 2873 1362 2924 et
1401 2864 1653 2934 patientia
1695 2865 2087 2924 litereditabunt

494 2958 893 3030 promissioncs.
947 2954 1013 3018 Et
1061 2965 1172 3028 post
1215 2965 1400 3026 septem
1427 2971 1635 3012 versus:
1663 2956 1918 3016 Homines
1943 2959 2086 3016 enim

494 3065 588 3126 per
615 3050 871 3121 majorem
903 3050 983 3104 sui
1003 3048 1203 3120 juvant,
1229 3057 1282 3104 el
1305 3053 1480 3113 omnis
1501 3050 1881 3114 controversia:
1898 3063 2086 3110 eorum

494 3141 616 3198 finis
636 3141 701 3197 ad
729 3141 1188 3202 conﬁrmationem
1216 3140 1696 3211 cstjuramentum.

566 3233 634 3289 Et
681 3246 795 3308 post
841 3235 1159 3305 aliquantum
1202 3231 1352 3306 [x.]:
1393 3233 1693 3288 Teneamus
1737 3233 1848 3304 spei
1891 3243 2087 3302 nostra:

495 3327 890 3390 confessionem
926 3325 1355 3386 indeclinabilem
1383 3325 1578 3392 (ﬁdelis
1602 3327 1746 3386 enim
1774 3334 1857 3382 est
1881 3327 1971 3399 qui
1996 3343 2084 3383 rc-

495 3420 783 3500 promisit),
811 3429 864 3476 et
883 3419 1284 3482 consideremus
1317 3417 1543 3480 invicem
1573 3418 1625 3476 in
1653 3420 2086 3492 provocationem

496 3514 770 3570 charitatis
793 3523 847 3578 et
873 3513 1134 3568 bonorum
1163 3525 1422 3581 operum:
1448 3525 1552 3566 non
1582 3511 1894 3568 deserentes
1920 3513 2089 3568 colle-

493 3606 724 3662 ctionem
754 3614 1013 3669 nostram,
1042 3603 1179 3660 sicut
1203 3610 1287 3660 est
1306 3603 1706 3668 consuetudinis
1735 3604 2084 3676 quihusdam;

494 3697 589 3758 sed
620 3698 978 3762 consolantes,
1015 3705 1067 3751 et
1114 3702 1260 3750 tanto
1303 3695 1471 3772 magis
1505 3703 1706 3766 quanto
1730 3695 1970 3754 videritis
1996 3712 2092 3770 ap-

495 3792 938 3864 propinquantem
981 3789 1143 3853 diem.
1195 3787 1508 3846 Voluntaria
1550 3789 1693 3845 enim
1742 3790 2089 3862 peccantibus

499 3882 650 3938 nobis
680 3890 799 3952 post
825 3888 1096 3952 acceptam
1127 3879 1367 3938 notitiam
1403 3879 1663 3948 veritatis,
1705 3880 1815 3951 jam
1848 3896 1953 3936 non
1996 3898 2086 3940 re-

497 3972 754 4044 linquitur
777 3973 950 4029 hostia
978 3989 1074 4046 pro
1099 3973 1352 4044 peccatis.
1387 3972 1664 4030 Terribilis
1687 3988 1918 4044 namque
1944 3989 2090 4044 quae-

499 4064 619 4122 dam
648 4064 972 4134 cxspcetatio
993 4063 1203 4137 judicii,
1233 4073 1287 4120 et
1313 4063 1449 4136 ignis
1484 4064 1774 4132 armulatio,
1815 4080 1934 4136 qua:
1962 4080 2090 4122 con-

497 4166 771 4226 Sumptura
797 4165 878 4210 est
903 4155 1256 4212 adversarios.
1292 4155 1497 4212 lrritam
1529 4156 1648 4227 quis
1669 4155 1869 4216 faciens
1889 4155 2088 4229 Legem

497 4247 686 4322 Moysi,
720 4247 834 4303 sine
859 4247 962 4302 ulla
1008 4247 1347 4316 miseratione
1377 4246 1582 4302 duobus
1614 4247 1697 4304 vel
1725 4248 1893 4305 tribus
1919 4249 2088 4306 mori-

499 4349 584 4403 tur
615 4341 868 4396 testibus:
895 4348 1094 4412 quanto
1142 4339 1312 4410 magis
1356 4339 1555 4410 putatis
1581 4339 1848 4396 deteriora
1890 4342 2088 4400 mereri

497 4435 774 4504 supplicia,
807 4435 895 4505 qui
924 4433 1115 4488 Filium
1147 4433 1240 4488 Dei
1268 4433 1682 4502 conculcaverit,
1705 4444 1759 4494 et
1779 4436 2088 4508 sanguinem

497 4528 823 4586 Testamenti
850 4528 1108 4598 pollutum
1137 4527 1367 4596 duxerit,
1396 4528 1449 4583 in
1476 4545 1582 4600 quo
1608 4531 1968 4590 sanetiﬁcatus
1985 4540 2086 4598 est,

497 4630 552 4688 et
580 4621 801 4692 Spiritui
828 4623 1012 4698 gratiae
1039 4621 1416 4678 contumeliam
1461 4619 1679 4682 fecerit?
1707 4623 1918 4692 Scimus
1947 4625 2089 4692 enim

499 4717 590 4796 qui
615 4715 766 4782 dixit,
796 4715 921 4772 Mihi
944 4715 1248 4781 vindictam,
1277 4724 1332 4774 et
1355 4731 1452 4794 ego
1477 4715 1696 4775 reddam
1714 4717 1766 4783 ³;
1791 4729 1845 4776 et
1872 4718 2086 4786 iterum,

500 4809 634 4877 Quia
671 4808 928 4882 judicabit
957 4809 1211 4866 Dominus
1241 4809 1496 4880 populum
1541 4825 1717 4866 suum.
1750 4809 2088 4872 Horrendum

497 4914 581 4962 est
609 4901 844 4970 incidere
890 4902 944 4957 in
973 4915 1164 4956 manus
1203 4901 1297 4957 Dei
1341 4901 1586 4960 viventis.
1634 4901 2088 4968 Bememoramini

498 5005 675 5057 autem
707 4993 962 5066 pristinos
1002 4992 1139 5059 dies,
1183 4991 1237 5047 in
1279 4991 1471 5068 quibus
1513 4992 1799 5058 illuminati
1840 5008 2090 5071 magnum

497 5095 767 5150 certamen
795 5083 1120 5148 sustinuistis
1150 5083 1476 5156 passionum,
1508 5083 1576 5139 Et
1596 5084 1649 5142 in
1680 5085 1848 5150 altero
1877 5084 2091 5156 quidem

497 5180 796 5253 opprobriis
817 5187 872 5235 et
897 5178 1326 5235 tribulationibus
1359 5180 1719 5250 spectaculum
1757 5179 1902 5250 facti,
1931 5181 1984 5238 in
2012 5182 2090 5250 al-

497 5286 613 5332 tero
641 5282 820 5331 autem
847 5272 979 5329 socii
1011 5273 1188 5328 taliter
1215 5271 1648 5328 conversantium
1662 5271 1862 5330 effecti.
1887 5274 2018 5330 Nam
2037 5284 2091 5333 et
2141 5294 2143 5296 ·

496 5370 688 5426 vinetis
733 5366 1000 5439 compassi
1029 5367 1180 5430 estis,
1227 5375 1280 5421 et
1325 5367 1565 5436 rapinam
1595 5365 1854 5423 bonorum
1880 5378 2090 5426 vestro-

557 5507 576 5539 ι
601 5510 653 5554 tn
675 5502 938 5568 Bibliorum
959 5501 1447 5568 codice‘corbeiensi,
1471 5515 1663 5568 necnon
1699 5502 1754 5568 in
1770 5503 2094 5568 Complutensl

495 5569 714 5620 «litium
734 5565 938 5638 legitur,
1324 5577 1342 5626 ,'
1361 5573 1418 5618 ut
1435 5563 1566 5618 istud
1915 5581 2009 5618 non
2033 5569 2094 5620 ad

497 5627 903 5692 sermonem,'seg
920 5627 977 5677 ad
994 5627 1102 5678 illos
1113 5627 1294 5691 quibus
1308 5640 1474 5692 seer
1486 5641 1583 5678 non
1595 5627 1798 5692 profuit,
1813 5628 2056 5687 referam
2073 5645 2089 5683 :

497 5694 569 5742 cui
588 5689 784 5763 lectioni
798 5689 1300 5806 suﬂ‘ragannuggm
1334 5689 1558 5755 quadam
1581 5689 1900 5756 exemtum.
1922 5692 2094 5746 Confer

497 5751 826 5806 'rbeonhdactt
844 5759 1039 5804 Oomme
1165 5765 1238 5803 os.

495 5751 826 5814 Theophilacti
844 5751 1238 5814 Commentarios.

561 5817 581 5846 ¹
604 5813 926 5884 ζὲογτρρᾴεξ-ε,
943 5814 1301 5884 refragantibus
1335 5813 1480 5870 editis
1507 5813 1618 5869 aliis
1647 5822 1702 5871 et
1732 5821 1842 5874 l8.
1865 5818 1952 5884 qui
1982 5831 2094 5882 cum

671 5876 831 5939 nimiis
850 5876 1056 5939 habent,
1071 5876 1192 5939 spei.

563 5890 647 5926 aris
671 5887 831 5926 nimus
850 5887 1056 5934 nauem,
1157 5887 1192 5926 ι.

563 5940 582 5972 ³
602 5936 828 6001 Vulgata:
850 5934 966 5992 .m'lti
1235 5939 1286 5988 α
1303 5949 1394 6006 ego
1409 5940 1689 6000 rutilium.

1661 430 1718 493 S.
1761 428 1899 500 AUC
1907 425 2130 507 USTN
2166 427 2524 506 SPECULUM

3634 437 3776 518 tias

2189 561 2305 602 rum
2328 563 2449 612 cum
2475 547 2669 624 gaudio
2689 552 3017 630 suscepistis,
3038 559 3424 624 cognoscentes
3447 568 3548 622 vos
3577 555 3779 624 habere

2185 641 2460 698 meliorem
2507 651 2561 699 et
2610 653 2911 710 manentem
2959 646 3327 712 substantiam.
3376 646 3550 708 Nolite
3596 649 3779 723 itaque

2187 733 2430 789 amittere
2457 734 2832 792 conﬁdentiam
2871 746 3128 808 vestram,
3157 755 3277 812 qua:
3320 756 3567 818 magnam
3609 741 3774 800 habet

2187 829 2688 885 remunerationem.
2722 830 2978 896 Patientia
3001 833 3143 889 enim
3163 832 3324 890 vobis
3345 836 3645 900 necessaria
3666 846 3774 904 est,

2186 930 2246 976 ut
2270 923 2590 980 voluntatem
2620 925 2710 980 Dei
2732 923 3003 994 facientes,
3030 929 3311 998 reportetis
3337 928 3779 1001 promissionem.

2186 1014 2376 1073 Adhuc
2394 1016 2535 1073 enim
2568 1017 2834 1075 modicum
2861 1019 3370 1096 aliquantulumque,
3398 1022 3486 1094 qui
3513 1032 3778 1092 venturus
3849 1092 3856 1095 _

2185 1116 2268 1166 est
2294 1109 2485 1176 veniet,
2519 1119 2573 1166 et
2601 1125 2705 1166 non
2737 1111 2981 1168 tardabit.
3009 1112 3190 1170 Justus
3211 1123 3386 1172 autem
3408 1130 3561 1176 meus
3578 1130 3644 1172 ex
3668 1115 3777 1174 ﬁdo
3851 1111 3854 1114 ⁴

2184 1201 2384 1258 vivit‘:
2421 1202 2562 1274 quod
2593 1203 2639 1262 si
2682 1203 3004 1274 subtraxerit
3038 1219 3118 1275 se,
3157 1220 3265 1278 non
3309 1207 3536 1280 placebit
3578 1208 3777 1272 animae

2185 1310 2342 1358 inea»

2257 1386 2325 1446 Et
2345 1388 2602 1462 aliquanto
2627 1401 2740 1464 post
2768 1389 2950 1466 [XIL]:
2983 1391 3213 1466 Ideoque
3239 1401 3291 1454 et
3319 1407 3420 1462 nos
3445 1401 3646 1464 tantum
3681 1393 3779 1452 ha-

2186 1479 2371 1550 bentes
2401 1483 2698 1556 impositam
2738 1483 2932 1550 nubem
2976 1485 3216 1554 testium,
3249 1483 3580 1574 depgnentes
3615 1501 3781 1558 cuine

2188 1577 2396 1665 pondus
2423 1584 2476 1632 et
2502 1576 2852 1644 circumstans
2889 1593 2987 1634 nos
3017 1587 3312 1658 peccatum,
3342 1595 3436 1650 per
3463 1579 3779 1659 patientiam

2186 1685 2463 1732 curramus,
2487 1672 2554 1732 ad
2581 1672 2908 1747 prepositum
2937 1673 3090 1736 nobis
3120 1681 3412 1752 certamen,
3453 1674 3782 1753 aspicientes

2186 1763 2240 1832 in
2271 1772 2539 1831 auctorem
2565 1764 2685 1824 ﬁdei
2714 1773 2769 1822 et
2792 1774 3278 1832 consummatorem
3301 1767 3483 1838 Jesutn
3506 1769 3627 1846 :qui
3649 1784 3782 1846 pro-

2187 1856 2360 1941 posito
2393 1857 2492 1920 sibi
2519 1857 2730 1928 gaudio,
2768 1858 3019 1920 sustinuit
3043 1875 3277 1928 crucem,
3307 1862 3619 1928 confusione
3644 1877 3782 1921 con-

2186 1956 2408 2028 tempta,
2447 1950 2684 2021 atquein
2709 1949 2926 2022 dextera
2964 1951 3105 2015 sedis
3134 1951 3228 2008 Dei
3267 1951 3437 2012 sedet.
3467 1953 3780 2031 Recogitate

2186 2042 2329 2101 enim
2357 2057 2502 2110 cum,
2534 2042 2624 2114 qui
2667 2042 2824 2108 talem
2852 2043 3102 2110 sustinuit
3126 2060 3157 2098 a
3184 2043 3551 2116 peccatoribus
3579 2045 3779 2114 adver-

2185 2150 2306 2200 sum
2350 2135 2695 2216 semetipsum
2737 2135 3230 2203 contradictionem,
3276 2145 3333 2196 ut
3372 2152 3440 2200 ne
3482 2135 3782 2214 fatigemini

2186 2228 2378 2298 animis
2401 2227 2596 2294 vestris
2619 2228 2946 2298 deﬁcientes.
2969 2229 3212 2294 Nondum
3230 2231 3373 2296 enim
3391 2246 3558 2306 usque
3571 2232 3642 2290 ad
3656 2248 3785 2292 san-

2186 2319 2399 2392 guinem
2425 2320 2690 2378 restitistis
2711 2320 2990 2386 adversum
3013 2331 3291 2394 peccatum
3315 2331 3672 2398 repugnantes
3691 2341 3705 2377 :
3724 2330 3782 2380 et

2188 2415 2338 2482 obliti
2363 2415 2491 2470 estis
2519 2414 2917 2482 consolationis,
2945 2430 3061 2485 qua:
3086 2414 3237 2472 vobis
3273 2425 3524 2490 tanquam
3555 2416 3676 2472 ﬁliis
3696 2415 3782 2474 lo-

2187 2509 2367 2580 quitur
2389 2508 2592 2574 dicens,
2618 2507 2718 2562 Fili
2747 2509 2838 2574 mi,
2871 2509 2976 2568 noli
3006 2507 3272 2584 negligere
3305 2509 3638 2583 disciplinam
3669 2509 3779 2576 Do-

2187 2601 2342 2668 mini,
2369 2616 2542 2672 neque
2570 2600 2803 2672 fatigeris
2831 2600 2956 2664 dum
2977 2601 3043 2659 ab
3069 2616 3133 2662 eo
3152 2603 3409 2673 argueris.
3436 2602 3606 2674 Quem
3630 2603 3779 2674 enim

2187 2693 2357 2771 diligit
2386 2694 2662 2760 Dominus,
2707 2693 2961 2768 castigat:
2988 2692 3219 2770 ﬂagellat
3259 2702 3434 2765 autem
3475 2709 3691 2764 omnem
3718 2695 3784 2758 ﬁ-

2188 2783 2340 2853 lium,
2358 2801 2514 2856 quem
2530 2784 2736 2856 recipit.
2755 2784 2809 2840 In
2833 2785 3108 2860 disciplina
3132 2793 3495 2864 perseveraba;
3527 2796 3782 2862 tanquam

2189 2876 2310 2934 ﬁliis
2341 2877 2489 2940 vobis
2514 2876 2669 2934 oﬁ‘ert
2694 2893 2752 2934 se
2778 2878 2937 2936 Deus.
2970 2878 3099 2946 Quis
3140 2879 3281 2948 enim
3309 2877 3450 2942 ﬁlius
3481 2895 3643 2956 quem
3668 2895 3783 2939 non

2187 2970 2408 3044 corripit
2432 2969 2614 3039 pater?
2643 2969 2794 3038 Quod
2825 2970 2868 3030 si
2898 2978 3046 3026 extra
3073 2970 3410 3042 disciplinam
3443 2972 3591 3042 estis,
3618 2971 3781 3043 cujus

2189 3062 2472 3134 participes
2504 3062 2624 3118 facti
2651 3072 2775 3119 sunt
2800 3078 3016 3130 omnes;
3040 3078 3168 3140 ergo
3189 3063 3434 3134 adulteri,
3459 3073 3513 3122 et
3541 3079 3650 3122 non
3679 3064 3785 3121 lilii

2190 3155 2339 3220 eStis.
2370 3155 2570 3211 Deinde
2613 3165 2789 3226 patres
2829 3156 3042 3227 quidem
3067 3157 3246 3225 carnis
3271 3167 3465 3218 nostrae
3491 3158 3783 3218 habuimus

2191 3246 2508 3314 cruditores,
2538 3257 2591 3304 et
2618 3247 2932 3310 verebamur
2952 3267 2964 3303 :
2987 3264 3090 3312 non
3113 3251 3280 3318 multo
3306 3251 3473 3324 magis
3500 3251 3786 3324 obtempe-

2189 3341 2425 3407 rabimus
2450 3339 2594 3396 Patri
2624 3340 2932 3411 Spirituum;
2976 3350 3029 3396 ct
3066 3343 3340 3402 vivemus?
3367 3343 3435 3400 Et
3458 3344 3532 3402 illi
3559 3343 3783 3418 quidem

2191 3433 2244 3488 in
2277 3442 2516 3504 tempore
2544 3448 2830 3504 paucorum
2874 3435 3080 3496 dierum
3126 3435 3420 3506 secundum
3451 3437 3781 3506 voluntatem

2191 3539 2342 3582 suam
2372 3526 2684 3582 erudiebant
2705 3541 2832 3593 nos;
2862 3526 2948 3584 hic
2974 3535 3153 3584 autem
3175 3528 3245 3583 ad
3269 3528 3322 3584 id
3347 3529 3488 3602 quod
3517 3531 3646 3586 utile
3673 3539 3784 3602 est,

2192 3617 2244 3686 in
2276 3617 2580 3687 recipiendo
2605 3617 3076 3678 sanctiﬁcationetn
3107 3618 3241 3690 ejus.
3270 3618 3454 3682 Omnis
3479 3631 3657 3690 autem
3696 3621 3786 3677 di-

2193 3711 2414 3782 sciplina
2444 3712 2497 3765 in
2522 3711 2770 3784 prazscnti
2798 3711 3010 3786 quidem
3043 3710 3250 3770 videtur
3276 3729 3383 3774 non
3425 3727 3546 3770 esse
3580 3712 3784 3784 gaudii,

2192 3805 2288 3868 sed
2330 3807 2609 3870 mmroris;
2659 3815 2842 3875 postea
2888 3814 3065 3864 autem
3109 3795 3337 3876 fructum
3385 3806 3791 3882 pacatissimntn

2193 3901 2498 3970 exercitatis
2520 3915 2613 3972 per
2638 3914 2754 3958 eam
2784 3897 2974 3960 reddet
2989 3899 3230 3969 iustitia}.
3264 3900 3489 3976 Propter
3517 3900 3660 3975 quod
3689 3915 3787 3958 re-

2192 3993 2382 4046 missas
2406 4006 2598 4046 manus
2627 4000 2680 4045 ct
2724 3990 2897 4046 soluta
2937 4005 3107 4062 genua
3137 3991 3341 4061 erigite,
3377 4000 3430 4046 et
3455 4005 3674 4062 gressus
3698 4005 3792 4062 rt;-

2191 4094 2306 4142 ctos
2335 4085 2490 4144 facile
2515 4083 2736 4156 pedibus
2766 4084 2984 4152 vestris;
3014 4092 3072 4152 ut
3101 4099 3209 4140 non
3231 4081 3536 4152 claudicans
3555 4084 3676 4153 quis
3693 4098 3790 4138 er-

2192 4186 2296 4246 ret,
2321 4177 2486 4247 magis
2507 4185 2682 4238 autem
2707 4185 2942 4236 sanetur.
2962 4157 3151 4234 Pacem
3175 4177 3455 4250 sequimini
3473 4177 3793 4240 cumamni-

2193 4268 2314 4336 bus,
2343 4279 2397 4326 et
2424 4268 2853 4337 sanctimoniam,
2879 4269 2994 4326 sine
3021 4284 3124 4340 qua
3151 4285 3311 4336 nemo
3350 4269 3548 4326 videbit
3591 4269 3790 4326 Deum.

2192 4362 2630 4432 Contemplantes
2651 4377 2714 4418 ne
2742 4363 2859 4433 quis
2884 4361 3023 4433 desit
3049 4364 3233 4435 gratia:
3259 4365 3376 4434 Dei,
3408 4379 3474 4420 ne
3498 4379 3602 4438 qua
3630 4364 3793 4422 radix

2192 4455 2559 4520 amaritudinis
2585 4469 2797 4514 sursum
2819 4456 3125 4530 germinans
3155 4455 3426 4527 impediat,
3452 4465 3507 4514 et
3526 4473 3620 4529 per
3639 4457 3790 4529 illam

2193 4547 2538 4619 inquinentur
2575 4547 2760 4602 multi:
2790 4563 2856 4606 ne
2882 4547 3000 4617 quis
3031 4545 3348 4618 fornicator,
3381 4557 3472 4606 aut
3500 4548 3780 4620 profanus,

2193 4648 2250 4696 ut
2279 4638 2450 4708 Esau,
2480 4638 2573 4710 qui
2602 4649 2818 4712 propter
2853 4653 3012 4700 unam
3040 4653 3219 4704 escam
3247 4639 3486 4700 vendidit
3515 4640 3790 4716 primitiva

2195 4743 2308 4792 Sua.

2265 4825 2337 4884 Et
2359 4826 2461 4892 alio
2485 4827 2593 4884 loco
2619 4825 2818 4900 [tum]:
2848 4827 3090 4897 Charitas
3115 4826 3460 4900 fraternitatis
3483 4837 3701 4900 maneat
3733 4829 3791 4890 in

2195 4921 2366 4990 vobis,
2388 4929 2446 4978 et
2467 4920 2882 4992 hOSpitalitatetn
2909 4921 3073 4978 nolite
3089 4921 3352 4992 oblivisci.
3370 4921 3472 4980 Per
3486 4920 3627 4982 hanc
3640 4923 3790 4991 enim

2196 5014 2514 5089 placuerunt
2529 5015 2548 5045 '
2565 5013 2799 5086 quidam,
2819 5012 3021 5084 angelis
3035 5011 3268 5086 hospitio
3283 5013 3530 5088 receptis.
3551 5013 3792 5084 Memen-

2199 5116 2309 5170 tote
2329 5106 2648 5174 vinctorum,
2675 5116 2922 5178 tanquam
2945 5104 3101 5174 simul
3122 5105 3305 5174 vincti,
3328 5113 3382 5165 et
3407 5104 3785 5175 laborantium,

2199 5207 2449 5271 tanquam
2479 5207 2534 5266 et
2557 5197 2656 5270 ipsi
2684 5198 2735 5254 in
2753 5213 2980 5271 corpore
2997 5208 3295 5268 manentes.
3315 5198 3638 5271 uenerabile
3650 5215 3788 5268 con-

2197 5293 2416 5357 nubium
2444 5294 2497 5352 in
2523 5293 2792 5363 omnibus,
2819 5301 2875 5352 et
2895 5302 3043 5350 torus
3071 5292 3473 5356 immaculatus:
3499 5293 3790 5364 fornicato-

2198 5402 2286 5446 res
2312 5387 2456 5445 enim
2486 5397 2542 5443 et
2565 5385 2832 5442 adulteros
2852 5385 3110 5456 judicabit
3135 5387 3294 5446 Deus.
3323 5384 3444 5452 Sint
3466 5401 3649 5446 mores
3666 5387 3790 5445 sine

2196 5480 2438 5546 avaritia,
2468 5478 2704 5544 contenti
2732 5479 3104 5550 prmsenﬁbus.
3142 5479 3260 5550 Ipse
3295 5479 3442 5540 enim
3481 5479 3638 5546 dixit,
3666 5479 3791 5538 Non

2199 5579 2256 5630 te
2278 5571 2522 5636 deseram
2543 5585 2713 5642 neme
2739 5569 3140 5642 derelinquam:
3167 5571 3239 5626 ita
3264 5579 3324 5636 ut
3348 5570 3682 5640 confidenter
3704 5571 3792 5626 di-

2198 5679 2403 5736 camus,
2429 5663 2682 5729 Dominus
2711 5663 2842 5736 mibi
2875 5662 3088 5735 adjutor
3121 5672 3223 5734 est.
3269 5677 3375 5724 non
3420 5664 3621 5730 timebo
3659 5662 3795 5736 quid

2261 5823 2716 5888 ‘hmeoohicet
2749 5820 3266 5885 nabac.mp,9.v.4,
3297 5819 3794 5886 taciturum.

2197 5886 2505 6011 “atumat:
2521 5952 2569 6004 ω
2764 5962 2864 6005 ιω
2877 5946 3140 6015 mandasti.
3163 5945 3424 6015 Macram.
