4082 6466
291 457 434 528 ιωο

291 576 455 634 faciat
477 571 609 643 mihi
634 570 818 639 homo,
854 568 1174 638 lamentata
1217 567 1626 640 praepositorum
1675 571 1885 622 vestro-

292 682 437 734 rum,
464 665 556 738 qui
581 663 732 731 vobis
761 662 924 730 locuti
967 670 1094 722 sunt
1128 660 1348 720 verbum
1375 659 1506 718 Dei:
1531 672 1763 730 quorum
1801 655 1884 711 in-

295 768 504 818 tuentes
525 756 728 824 exitum
746 754 1188 822 conversationis,
1217 752 1496 814 imitamini
1523 751 1704 808 ﬁdem.
1727 749 1882 807 Iesus

293 852 540 918 Christus
570 849 685 917 beri
716 859 770 908 et
798 848 981 913 hodie,
1014 848 1126 918 ipse
1165 857 1222 906 et
1259 846 1315 902 in
1353 846 1565 903 sarcula.
1617 843 1881 901 Doctrinis

292 945 457 1004 variis
485 952 540 1002 et
573 942 864 1015 peregrinis
890 941 1056 1006 nolite
1094 940 1304 998 abduci.
1335 938 1607 1010 Optimum
1631 946 1712 993 est
1736 934 1881 992 enim

290 1037 463 1110 gratia
499 1035 737 1101 stabilire
779 1048 892 1101 cqr,
933 1048 1040 1090 non
1079 1033 1240 1100 escis,
1283 1047 1401 1104 qua:
1431 1046 1538 1088 non
1569 1027 1882 1100 profuerunt

290 1127 690 1188 ambulantibus
737 1127 791 1184 in
831 1126 931 1182 eis.
974 1124 1242 1182 Habemus
1281 1124 1468 1190 altare,
1495 1122 1563 1179 de
1589 1136 1694 1192 quo
1721 1120 1884 1178 edere

293 1236 404 1280 non
449 1219 648 1276 habent
676 1226 988 1289 potesratcm
1031 1214 1123 1288 qui
1169 1213 1512 1276 tabernaculo
1549 1213 1879 1270 deserviunt.

293 1314 534 1386 Quorum
562 1311 702 1368 enim
728 1309 1038 1372 animalium
1056 1307 1278 1366 infertur
1302 1305 1519 1378 sanguis
1545 1321 1648 1378 pro
1662 1313 1883 1378 peccato

295 1406 350 1476 in
379 1412 561 1472 sancta
605 1419 701 1476 per
729 1402 1058 1474 pontiﬁcem.
1089 1401 1282 1467 borum
1323 1413 1548 1471 corpora
1575 1406 1884 1458 oreiuantur

293 1509 446 1558 extra
484 1506 679 1556 castra.
713 1498 937 1569 PrOpter
961 1496 1103 1568 quod
1131 1505 1185 1554 et
1208 1495 1384 1563 Jesus,
1429 1505 1486 1554 ιιι
1525 1493 1884 1552 sanctiﬁcaret

295 1611 390 1670 per
427 1609 583 1660 suum
611 1591 924 1664 sanguinem
960 1590 1236 1664 populum,
1267 1599 1416 1648 extra
1445 1599 1654 1662 portam
1691 1605 1882 1662 passus

293 1697 396 1746 est.
423 1687 690 1750 Exeamus
710 1685 868 1757 igitur
888 1685 956 1745 ad
980 1699 1104 1744 eum
1119 1694 1268 1743 extra
1284 1693 1480 1751 castra,
1503 1683 1883 1754 improperium

292 1779 409 1850 ejus
438 1786 731 1849 portantes.
761 1777 877 1834 Non
901 1781 1044 1835 enim
1071 1776 1328 1834 habemus
1365 1777 1453 1832 hic
1479 1785 1783 1834 manentem
1808 1777 1883 1833 el-

293 1871 534 1936 viutem.
560 1870 657 1932 sed
697 1869 926 1930 futuram
957 1869 1292 1940 inquirimus.
1322 1869 1423 1925 Per
1449 1869 1622 1941 ipsum
1646 1885 1778 1940 ergo
1803 1868 1882 1924 of-

292 1961 530 2019 feramus
559 1963 784 2019 hostiam
815 1961 987 2018 laudis
1013 1978 1224 2033 semper
1254 1963 1388 2031 Deo,
1428 1963 1484 2017 id
1522 1972 1605 2018 est
1650 1961 1882 2018 fructum

293 2055 556 2114 labiorum
578 2056 944 2116 conﬁtentium
983 2056 1188 2114 nomini
1215 2056 1348 2130 ejus.
1383 2056 1755 2112 Bcneﬁcentiae
1781 2072 1880 2112 au-

292 2155 402 2204 tem
428 2158 482 2204 et
509 2148 899 2204 communionis
917 2148 1081 2202 nolite
1102 2147 1341 2202 oblivisci
1363 2165 1375 2201 :
1407 2147 1599 2205 talibus
1617 2147 1762 2206 enim
1782 2147 1881 2212 ho-

291 2238 413 2296 stiis
441 2249 777 2311 promeretur
807 2240 967 2296 Deus.
1001 2238 1224 2295 Obedite
1252 2239 1551 2311 praepositis
1585 2241 1798 2307 vestris,
1830 2250 1885 2298 et

291 2331 566 2403 subjacete
591 2334 698 2400 eis;
742 2332 841 2404 ipsi
879 2334 1020 2389 enim
1050 2333 1386 2404 pervigilant,
1427 2333 1575 2406 quasi
1619 2335 1883 2390 rationem

293 2441 390 2498 pro
412 2425 689 2482 animabus
713 2426 904 2482 vestris
930 2425 1219 2482 reddituri:
1243 2435 1300 2480 ut
1326 2440 1445 2481 cum
1469 2426 1660 2498 gaudio
1688 2426 1789 2482 hoc
1809 2425 1886 2482 fa-

292 2521 452 2585 ciant,
485 2528 538 2575 et
563 2535 667 2575 non
694 2529 998 2594 gementes;
1028 2519 1129 2576 hoc
1157 2520 1299 2576 enim
1333 2535 1439 2575 non
1467 2521 1678 2593 expedit
1710 2521 1882 2578 vobis.

292 2611 451 2667 Orate
480 2627 579 2683 pro
602 2613 775 2668 nobis.
805 2611 1137 2668 Conﬁdimus
1167 2621 1365 2682 autem,
1388 2612 1510 2684 quia
1540 2613 1734 2670 bonam
1757 2630 1886 2672 con-

292 2703 568 2760 scientiam
611 2703 872 2760 habemus
915 2703 966 2758 in
1005 2703 1253 2760 omnibus
1293 2703 1431 2760 bene
1471 2705 1711 2762 volentes
1750 2721 1884 2764 con-

294 2812 495 2855 versari
504 2839 517 2853 .

693 2899 781 2955 DE
819 2896 1152 2956 EPISTOLA
1191 2898 1213 2956 l
1250 2897 1480 2956 PETRI.

366 3011 518 3087 [Cap.
569 3011 645 3086 1.]
677 3012 940 3069 Modicum
973 3025 1114 3069 nunc
1153 3012 1200 3070 si
1243 3020 1458 3083 oportet
1497 3013 1804 3070 contristari
1832 3014 1886 3069 in

293 3104 455 3173 variis
495 3104 894 3173 mutationibus,
943 3113 1001 3162 ut
1044 3104 1287 3176 probatio
1331 3114 1523 3164 vestrae
1568 3106 1691 3164 ﬁdei
1721 3108 1888 3165 multo

295 3197 582 3269 pretiosior
614 3196 682 3254 sit
707 3212 862 3266 auro,
893 3196 1034 3268 quod
1064 3212 1160 3267 per
1187 3196 1364 3269 ignem
1392 3199 1662 3268 probatur.
1691 3198 1760 3254 Et
1785 3200 1888 3256 alio

296 3293 442 3350 ioco:
473 3292 698 3363 Propter
725 3291 866 3364 quod
903 3291 1159 3350 succincti
1199 3291 1411 3348 lumbos
1453 3292 1650 3348 mentis
1673 3302 1885 3362 vestrae,

296 3386 462 3444 sobrii
497 3384 730 3458 perfecte
770 3395 982 3457 sperate
1025 3386 1078 3450 in
1127 3401 1264 3451 eam,
1315 3401 1434 3457 quae
1462 3386 1685 3442 oil‘ertur
1709 3387 1884 3456 vobis,

299 3479 547 3551 gratiam,
578 3477 631 3533 in
658 3477 982 3534 revelatione
1010 3477 1171 3542 ‘Jesu
1202 3476 1395 3534 Christi
1420 3495 1433 3532 :
1456 3478 1610 3549 quasi
1637 3479 1732 3534 ﬁlii
1757 3479 1888 3535 obeo

300 3570 537 3637 dientizc,
565 3585 672 3625 non
707 3568 1018 3642 conﬁgurati
1061 3569 1328 3640 prioribus
1358 3569 1671 3640 ignorantia:
1695 3579 1889 3628 vestrm

297 3660 602 3726 desideriis,
643 3659 739 3717 sed
781 3661 1075 3718 secundum
1117 3676 1240 3716 cum
1281 3661 1372 3732 qui
1400 3661 1609 3719 vocavit
1644 3677 1739 3718 vos
1761 3678 1889 3719 san-

299 3765 467 3822 etum,
499 3763 557 3810 ut
589 3763 645 3812 et
679 3754 779 3825 ipsi
809 3755 862 3810 in
891 3753 1037 3810 omni
1072 3753 1476 3812 conversatione
1520 3754 1692 3810 sancti
1737 3755 1888 3823 sitis;

300 3846 552 3920 quoniam
579 3846 835 3917 scriptum
865 3855 966 3911 est,
987 3845 1167 3902 Sancti
1186 3844 1358 3909 eritis,
1385 3845 1636 3917 quoniam
1651 3861 1752 3917 ego
1769 3862 1893 3904 san.

300 3946 417 3996 ctus
445 3953 587 3999 sum.
618 3937 688 3994 Et
712 3937 759 3993 si
788 3937 999 3993 Patrem
1026 3937 1283 3994 invocatis
1303 3952 1446 4006 eum,
1477 3935 1569 4009 qui
1596 3938 1713 3994 sine
1739 3953 1896 3995 acoe-

301 4033 487 4106 ptione
513 4045 865 4103 personarum
889 4030 1091 4101 iudicat
1134 4030 1426 4088 secundum
1476 4031 1894 4104 uniuscujusque

301 4139 460 4198 Opus,
489 4125 544 4182 in
567 4126 763 4182 tirnore
805 4124 1068 4186 iaculatus
1112 4122 1278 4180 vestri
1325 4131 1566 4194 tempore
1607 4139 1894 4182 conversae

303 4217 455 4273 mini.
489 4215 555 4273 Et
595 4226 705 4288 post
743 4215 939 4285 aliqua:
977 4229 1180 4272 versus:
1221 4215 1441 4278 Animas
1468 4203 1674 4272 veStras
1697 4216 1896 4272 castiﬁ-

304 4317 490 4366 cautes
517 4308 571 4364 in
597 4306 898 4364 obedientia
924 4305 1220 4372 charitatis,
1244 4306 1298 4364 in
1321 4305 1671 4366 fraternitatis
1683 4323 1892 4378 amore,

303 4403 534 4474 simplici
561 4417 628 4459 ex
653 4401 813 4458 corde
841 4400 1064 4457 invicem
1094 4399 1296 4470 diligite
1323 4401 1597 4470 attentius,
1648 4403 1821 4458 renati
1849 4404 1892 4458 ³.

375 4495 448 4552 Ει
470 4505 581 4568 post
600 4511 787 4568 paucos
802 4510 969 4550 vasus
987 4491 1093 4566 [u.]
1114 4510 1127 4547 :
1153 4494 1492 4563 Deponentes
1509 4494 1668 4565 igitur
1681 4511 1896 4551 omnem

304 4590 582 4658 malitiam,
613 4597 670 4656 et,
705 4604 917 4652 omnem
947 4587 1148 4656 dolum},
1177 4596 1234 4645 et
1259 4587 1643 4653 simulationes,
1677 4598 1732 4644 et
1758 4589 1896 4645 invi-

305 4684 445 4752 dias,
475 4691 530 4739 et
553 4697 742 4748 omnes
765 4682 1142 4746 detractiones,
1173 4681 1315 4738 sicut
1335 4680 1499 4736 modo
1531 4682 1697 4752 geniti
1724 4682 1899 4740 infan-

305 4783 388 4833 tes
414 4775 730 4836 rationabile
752 4775 872 4832 sine
897 4773 1021 4836 dolo
1038 4773 1120 4829 lac
1136 4773 1516 4843 concupiscite.
1542 4769 1612 4826 Et
1634 4782 1746 4845 post
1765 4791 1898 4845 pau-

306 4868 508 4926 tulum:
532 4866 864 4932 Charissimi,
895 4865 1122 4926 obsecro
1145 4879 1241 4922 vos
1282 4871 1534 4936 tanquam
1578 4865 1810 4923 advenas
1844 4876 1900 4924 et

307 4960 620 5033 peregrinos
667 4958 938 5013 abstinere
1006 4971 1101 5012 vos
1150 4971 1180 5010 a
1227 4957 1530 5013 carnalibus
1583 4956 1896 5027 desideriis,

305 5069 425 5124 qua:
462 5050 692 5106 militant
727 5047 984 5105 adversus
1010 5048 1262 5102 animam.
1303 5047 1774 5106 Conversationem
1802 5066 1901 5106 ve-

308 5153 475 5201 stram
505 5144 644 5198 inter
670 5141 868 5198 Gentes
901 5139 1159 5198 habentes
1200 5140 1415 5209 bonam,
1460 5150 1519 5196 ut
1561 5141 1614 5196 in
1655 5158 1720 5198 eo
1758 5143 1901 5216 quod

306 5237 611 5294 detrectant
665 5233 734 5290 de
782 5232 933 5289 vobis
992 5241 1246 5304 tanquam
1311 5232 1379 5288 de
1434 5234 1900 5307 malefactoribus,

308 5347 373 5388 ex
443 5330 602 5387 bonis
663 5326 918 5399 operibus
981 5340 1075 5381 vos
1140 5327 1543 5384 considerantes
1601 5327 1904 5401 gloriﬁcent

309 5425 480 5482 Deum
504 5425 558 5480 in
584 5422 672 5480 die
691 5421 1026 5478 visitationis.
1043 5417 1278 5490 Subjecti
1299 5427 1470 5478 estote
1485 5422 1630 5478 omni
1651 5421 1902 5480 humana:

309 5514 675 5576 ordinationi'
713 5522 933 5586 prepter
960 5512 1160 5578 Deum;
1191 5511 1306 5568 sive
1332 5512 1465 5583 regi,
1503 5513 1655 5585 quasi
1683 5515 1902 5585 praecel-

374 5695 393 5728 ι
419 5693 495 5758 εις
525 5693 676 5758 etiam
711 5687 762 5758 ίει
802 5686 1011 5758 antique
1217 5683 1336 5758 Bibl.-
1369 5686 1510 5758 iuxta
1551 5701 1798 5758 ετωςιιψν
1843 5702 1905 5741 επ

483 5752 788 5832 "eadem
1015 5747 1224 5832 399:“
1254 5747 1432 5812 W‘v
1465 5747 1518 5802 ίη
1551 5747 1901 5805 “WW-

373 5823 396 5918 ξ
418 5814 600 5934 mus
618 5815 776 5888 eode;
797 5814 992 5874 omittit,
1013 5814 1183 5886 rm.
1295 5871 1307 5882 θ
1533 5873 1546 5888 .

373 5892 672 6001 Μέγα
706 5879 898 5932 Videtur
931 5873 1137 5940 legisse,
1172 5878 1324 5938 tam,
1361 5886 1451 5940 pro
1480 5873 1632 5940 casei,
1653 5878 1782 5943 quod
1805 5887 1900 5949 est,

1531 447 1626 510 DE
1655 441 2046 507 8681139!!!“
2079 446 2326 507 SACRA.

3427 454 3567 516 1030

1989 561 2150 632 lenti;
2191 565 2306 622 sive
2331 563 2575 634 ducibus,
2605 570 2859 638 tanquam
2886 563 2955 622 ab
2980 578 3051 623 eo
3079 564 3260 624 missis
3299 565 3369 625 ad
3405 567 3576 628 vindi-

1987 664 2130 712 ctam
2167 657 2588 727 malefactorum,
2619 658 2827 715 laudem
2859 674 2989 716 vero
3023 659 3306 716 bonorum.
3334 660 3468 732 Quia
3496 663 3578 722 sic

1988 758 2072 804 est
2100 750 2344 808 voluntas
2371 752 2488 821 Dei,
2513 761 2572 808 ut
2597 751 2989 810 benefacientes
3019 753 3388 812 obmutescere
3413 757 3575 814 facia-

1989 841 2058 896 tis
2079 841 2489 914 imprudentium
2513 845 2785 900 hominum
2814 845 3197 917 ignorantiam:
3221 849 3373 917 quasi
3397 848 3576 916 liberi,

1987 943 2043 991 et
2068 952 2174 992 non
2199 939 2346 1008 quasi
2369 939 2606 994 velamen
2629 940 2884 996 habentes
2904 939 3117 996 malitiae
3141 941 3459 1009 libertatem,
3483 939 3578 999 sed

1989 1027 2128 1084 sicut
2155 1029 2295 1084 servi
2325 1030 2439 1085 Dei.
2483 1031 2681 1088 Omnes
2712 1032 2990 1100 honorate,
3034 1032 3421 1088 fraternitatem
3451 1033 3576 1089 dili-

1988 1122 2116 1192 gite,
2148 1122 2313 1177 Deum
2343 1125 2541 1189 timete,
2570 1141 2751 1196 regem
2777 1125 3144 1181 honoriﬁcate.
3175 1126 3348 1191 Servi,
3377 1126 3577 1184 subditi

1989 1221 2158 1268 estote
2205 1216 2258 1268 in
2300 1215 2444 1270 omni
2489 1216 2681 1273 timore
2722 1217 2951 1273 dominis
2979 1219 3202 1286 vestris;
3237 1235 3341 1274 non
3373 1228 3576 1277 tantum

1988 1305 2142 1361 bonis
2173 1315 2224 1362 et
2263 1308 2538 1377 modestis,
2567 1310 2660 1366 sed
2692 1311 2851 1366 etiam
2892 1311 3144 1384 dyscolis.
3176 1313 3300 1368 Haec
3325 1321 3407 1370 est
3433 1315 3576 1374 enim

1988 1399 2175 1469 gratia,
2206 1400 2248 1454 sl
2276 1408 2490 1470 propter
2517 1402 2900 1458 conscientiam
2932 1403 3026 1459 Dei
3066 1405 3290 1459 sustinet
3321 1406 3442 1476 quis
3479 1407 3578 1464 tri-

1988 1490 2184 1556 stitias,
2210 1491 2415 1560 patiens
2444 1491 2656 1563 injuste.
2682 1493 2813 1565 Quae
2834 1495 2975 1550 enim
3005 1495 3170 1566 gloria
3199 1498 3340 1566 est‘,
3367 1498 3412 1552 si
3449 1513 3578 1570 pec-

1987 1592 2170 1639 cantes
2209 1591 2264 1639 et
2307 1584 2622 1655 colaphizati
2653 1586 2921 1643 suﬁ‘ertis?
2959 1588 3061 1644 Sed
3094 1589 3137 1644 si
3167 1589 3301 1646 bene
3327 1591 3578 1649 facientes

1993 1677 2256 1746 patimini,
2281 1687 2334 1732 et
2364 1679 2624 1748 patienter
2650 1680 2952 1748 sustinetis;
2997 1681 3108 1738 hare
3131 1693 3212 1738 est
3237 1683 3406 1754 gratia
3434 1683 3576 1755 apud

1989 1771 2175 1827 Deum.
2203 1771 2258 1826 ln
2290 1771 2392 1828 hoc
2419 1773 2560 1828 enim
2587 1774 2756 1828 vocati
2779 1774 2939 1830 estis:
2964 1775 3083 1846 quia
3115 1785 3167 1832 et
3195 1775 3435 1832 Christus
3457 1791 3579 1850 pas-

1988 1884 2079 1926 sus
2106 1878 2190 1926 est
2221 1885 2318 1943 pro
2344 1870 2518 1939 nobis,
2544 1870 2693 1927 vobis
2722 1871 3027 1942 relinquens
3058 1873 3385 1946 exemplum,
3412 1882 3469 1929 ut
3489 1888 3578 1930 se-

1988 1965 2222 2035 quamini
2247 1966 2466 2037 vestigia
2495 1966 2628 2035 ejus.
2651 1967 2748 2034 Qui
2775 1978 3046 2038 peceatum
3071 1983 3173 2022 non
3205 1967 3346 2034 fecit,
3376 1982 3474 2024 nec
3498 1967 3580 2024 in-

1988 2067 2177 2114 ventus
2199 2068 2283 2114 est
2309 2059 2462 2114 dolus
2495 2059 2545 2112 in
2577 2074 2670 2113 ore
2708 2059 2842 2128 ejus.
2875 2059 2972 2126 Qui
3003 2074 3122 2114 cum
3151 2059 3577 2128 malediceretur,

1990 2166 2096 2207 non
2127 2151 2502 2217 maledicehal;
2536 2166 2656 2206 enni
2680 2161 2971 2221 pateretur,
2999 2167 3103 2206 non
3132 2150 3576 2206 conmiinabatur:

1990 2243 2232 2298 tradebat
2257 2253 2430 2298 autem
2455 2242 2708 2313 jndicanti
2739 2258 2797 2304 se
2821 2242 3077 2314 injuste‘.
3107 2243 3204 2313 Qui
3236 2254 3450 2315 peccata
3481 2257 3580 2298 uo-

1989 2347 2097 2393 stra
2122 2338 2230 2408 ipse
2254 2337 2462 2406 pertulit
2491 2337 2540 2392 in
2565 2352 2787 2407 corpore
2813 2352 2909 2390 suo
2930 2351 3091 2409 super
3117 2336 3331 2410 lignum,
3365 2345 3419 2390 ut
3451 2350 3579 2408 pec-

1989 2427 2121 2483 catis
2151 2428 2364 2493 mortui,
2413 2427 2629 2498 justitia:
2675 2443 2942 2492 vivamus,
2997 2426 3190 2498 hujusa
3218 2427 3383 2484 livore
3411 2414 3582 2484 sanati

1989 2520 2136 2574 estis.
2175 2519 2344 2575 Eratis
2373 2520 2514 2574 enim
2557 2520 2690 2576 sicut
2729 2535 2855 2575 oves
2884 2530 3156 2585 errantes,
3203 2520 3294 2574 sed
3339 2519 3584 2576 conversi

1990 2615 2118 2670 estis
2153 2630 2292 2670 nunc
2324 2613 2388 2669 ail
2420 2625 2685 2686 pastorem
2719 2625 2774 2671 et
2809 2614 3114 2688 episcopum
3156 2614 3451 2668 animarum
3491 2627 3583 2669 ve-

1989 2718 2243 2765 Sll‘ill'lllll.

2064 2803 2128 2858 ιςι
2159 2804 2260 2858 alio
2287 2804 2394 2858 loco
2415 2800 2540 2877 |m.|
2561 2820 2574 2858 :
2599 2802 2852 2859 Similiter
2874 2812 2926 2859 et
2955 2802 3206 2862 mulieres
3227 2791 3454 2860 subdita:
3474 2802 3585 2861 sint

1990 2895 2120 2950 viris
2149 2895 2288 2961 suis,
2320 2906 2374 2950 ut
2402 2905 2454 2951 ct
2483 2895 2527 2952 si
2556 2895 2642 2966 qui
2683 2909 2786 2949 non
2814 2893 3039 2950 credunt
3061 2894 3243 2961 verbo,
3276 2909 3368 2965 per
3393 2894 3586 2952 mulie-

1992 3006 2110 3046 rum
2138 2991 2600 3046 COnversationem
2641 2991 2756 3046 sine
2800 2994 2964 3046 verbo
3003 2989 3302 3056 lucriﬁant,
3334 2989 3583 3051 conside»

1992 3091 2174 3138 rantes
2230 3084 2279 3138 in
2331 3081 2520 3138 timore
2568 3094 2766 3139 castam
2814 3083 3274 3140 conversationem
3329 3093 3580 3141 vestram.

1993 3177 2224 3250 Quarum
2258 3175 2326 3232 sit
2366 3192 2470 3232 non
2500 3176 2830 3233 extrinsecus
2855 3177 3162 3247 capillatura
3184 3219 3200 3244 ,
3241 3188 3331 3232 ant
3355 3178 3588 3236 circum-

1993 3269 2138 3324 daiio
2166 3270 2301 3339 auri,
2335 3280 2424 3328 ant
2458 3269 2750 3326 indumenti
2780 3269 3221 3326 chtimentormn
3244 3269 3457 3326 cultus:
3489 3269 3583 3327 sed

1993 3361 2079 3434 qui
2109 3361 2452 3418 absconditus
2483 3373 2565 3421 est
2610 3361 2786 3418 cordis
2816 3361 2974 3418 homo
3007 3362 3056 3418 in
3091 3361 3588 3434 incorruptibilitate

1994 3455 2156 3530 quieti
2187 3471 2248 3510 ac
2277 3454 2502 3512 IlItItICSIi
2548 3455 2766 3524 spiritus
2793 3502 2805 3516 .
2851 3454 2939 3528 qui
2969 3463 3051 3513 est
3092 3455 3141 3512 in
3171 3463 3460 3524 conspectu
3494 3453 3587 3511 Dei

1996 3545 2254 3618 locuples.
2282 3545 2369 3602 Sic
2391 3545 2530 3602 enim
2553 3543 2838 3616 aliquando
2863 3554 2917 3604 et
2941 3553 3139 3602 sant-tm
3169 3545 3443 3616 mulieres,
3469 3559 3589 3614 spe-

1995 3647 2174 3692 rantes
2203 3637 2252 3690 in
2295 3637 2423 3700 Deo,
2452 3636 2711 3692 ornabant
2739 3651 2797 3693 se
2819 3678 2835 3703 ,
2876 3636 3128 3708 subjectae
3160 3637 3385 3710 propriis
3416 3638 3586 3696 viris:

1995 3729 2132 3784 sicut
2157 3727 2286 3784 Sara
2319 3727 2599 3786 obcdicbat
2625 3728 2854 3788 Abralne
2873 3769 2888 3795 ,
2917 3728 3188 3789 dominum
3219 3744 3338 3786 eum
3369 3744 3586 3792 vocans.

1996 3821 2162 3894 Cujus
2184 3823 2313 3878 estis
2338 3823 2458 3877 ﬁlim
2487 3823 2624 3880 bene
2648 3823 2920 3889 iacientes,
2949 3831 3004 3878 et
3027 3838 3134 3878 non
3163 3823 3408 3884 timentes
3429 3823 3591 3879 ullam

1997 3900 2471 3989 perturbationem.
2501 3914 2608 3972 Viri
2629 3913 2871 3971 similiter
2888 3914 3276 3982 eohabitantes,
3297 3915 3590 3976 secundum

1998 4006 2309 4069 scientiam,
2351 4006 2502 4079 quasi
2551 4005 2825 4062 inﬁrmiori
2859 4006 3074 4066 vasculo
3104 4005 3352 4064 muliebri
3395 4007 3592 4080 impar-

1998 4097 2193 4154 tientes
2214 4097 2494 4167 honorem,
2521 4107 2767 4172 tauquam
2788 4107 2841 4156 et
2859 4097 3228 4158 cohaercdibns
3243 4098 3428 4168 gratiae
3445 4099 3590 4165 vitae,

1999 4202 2055 4249 ut
2085 4207 2191 4247 non
2223 4190 2582 4263 impediantur
2628 4191 2896 4269 orationes
2925 4199 3136 4249 vestrae.
3181 4189 3237 4246 In
3275 4189 3380 4245 ﬁde
3407 4198 3586 4248 autem

1999 4299 2189 4342 omnes
2217 4285 2520 4347 unanimes,
2564 4283 2983 4354 compatientes,
3023 4280 3368 4338 fraternitatis
3390 4288 3592 4340 amato-

1998 4395 2108 4446 res,
2136 4378 2530 4442 misericordes,
2554 4376 2780 4432 modesti
2803 4375 2847 4441 ⁸,
2879 4374 3104 4432 humiles
3129 4390 3144 4429 :
3171 4387 3278 4428 non
3303 4371 3592 4434 reddentes

2001 4475 2198 4532 malum
2227 4488 2326 4548 pro
2354 4473 2514 4540 malo,
2546 4470 2632 4526 vel
2663 4468 3002 4527 maledictum
3031 4482 3128 4537 pro
3157 4465 3463 4535 maledicto,
3494 4466 3592 4530 sed

2001 4582 2032 4623 e
2058 4549 2327 4622 contrario
2353 4563 2757 4628 benedicentes;
2787 4560 2909 4632 quia
2941 4559 2993 4618 in
3020 4559 3122 4621 hoc
3147 4559 3317 4624 vocati
3343 4560 3504 4630 estis,
3533 4569 3592 4622 ut

2001 4658 2428 4718 benedictionem
2464 4653 2775 4716 haereditate
2813 4651 3148 4725 possidentis.
3179 4651 3283 4721 Qui
3309 4653 3454 4712 enim
3483 4653 3596 4709 vult

2001 4753 2164 4812 vitam
2191 4750 2434 4826 diligere,
2457 4756 2511 4808 et
2534 4746 2714 4804 videre
2733 4747 2849 4804 dies
2872 4746 3064 4815 bonos,
3086 4755 3330 4808 coerceat
3359 4745 3593 4817 linguam

2003 4858 2156 4909 suam
2181 4857 2213 4900 a
2257 4840 2400 4900 malo
2423 4879 2439 4906 ,
2467 4849 2521 4896 et
2548 4838 2686 4898 labia
2713 4837 2829 4909 ejus
2857 4852 2926 4895 ne
2952 4838 3236 4909 loquantur
3259 4835 3461 4898 dolum.
3492 4837 3595 4894 De-

2003 4941 2168 4998 clinet
2191 4946 2370 4996 autem
2391 4949 2423 4991 a
2443 4933 2604 5002 male,
2628 4941 2680 4990 et
2697 4933 2854 4989 faciat
2875 4932 3106 4999 bonmn;
3134 4930 3364 5001 iuquirat
3383 4944 3592 5000 pacem,

2004 5043 2059 5094 et
2086 5039 2340 5104 sequatur
2368 5044 2509 5090 eam.
2540 5026 2674 5098 Quia
2699 5025 2838 5084 oculi
2865 5024 3078 5086 Domini
3117 5037 3279 5094 super
3302 5022 3474 5093 justas
3493 5064 3510 5091 ,
3541 5030 3598 5080 et

2005 5143 2163 5186 aures
2189 5126 2304 5198 ejus
2327 5125 2385 5184 iu
2413 5135 2601 5201 preces
2623 5134 2829 5180 eorum.
2861 5117 3051 5174 Vultus
3075 5123 3254 5178 autem
3281 5115 3490 5178 Domini
3513 5131 3597 5174 su-

2007 5236 2104 5298 per
2129 5219 2387 5278 facientes
2413 5215 2572 5274 mala.
2603 5212 2672 5269 Et
2700 5211 2818 5283 quis
2860 5218 2943 5272 est
2983 5209 3076 5281 qui
3101 5208 3254 5266 vobis
3283 5217 3507 5277 noceat,
3551 5209 3595 5264 si

2006 5310 2135 5369 boni
2164 5310 2502 5366 mmulatores
2523 5303 2768 5366 fueritis?
2794 5301 2903 5368 Sed
2921 5309 2976 5360 et
2995 5300 3190 5378 siquid
3211 5299 3450 5376 patimini
3470 5315 3596 5373 pro-

2007 5413 2126 5478 pter
2147 5402 2433 5476 justitiam,
2477 5397 2638 5456 beati.
2683 5396 2950 5452 Timorem
2991 5401 3169 5450 autem
3210 5408 3392 5448 eorum
3433 5407 3502 5448 ne
3528 5393 3596 5448 ti-

2072 5565 2092 5597 ί
2118 5562 2193 5613 sic
2211 5567 2317 5613 Mss.
2337 5570 2448 5609 cum
2469 5552 2810 5621 sacrisbiblils.
2836 5557 2892 5603 Αι
2920 5549 3060 5621 editi,
3081 5546 3347 5621 gramen:
3373 5553 3424 5621 in
3444 5545 3598 5621 altera

2008 5609 2394 5692 parte-ejusdem
2411 5609 2633 5691 versiculi
2655 5614 2852 5688 Vulgata
2868 5628 2964 5688 nep
2986 5609 3151 5685 hebet,
3175 5609 3420 5684 patimini,
3439 5619 3502 5672 et.

2072 5691 2094 5722 ⁸
2117 5697 2166 5737 ιιι
2184 5699 2343 5737 zrzeco
2369 5690 2462 5737 est,
2486 5688 2531 5731 to
2553 5685 2759 5731 autem:
2791 5678 2991 5735 dicatos,
3006 5673 3249 5737 Judicautz
3259 5678 3410 5737 Juste.

2073 5697 2094 5722 '
2117 5697 2166 5738 In
2186 5699 2343 5736 'rrzeco
2369 5697 2462 5740 ρει,
2486 5697 2531 5731 ιο
2553 5697 2759 5731 (unum:
2791 5697 2991 5735 atauus,
3006 5697 3129 5737 Juuu

2073 5754 2096 5786 ³
2115 5725 2333 5814 γιιῗςιιω,
2357 5745 2510 5814 cujus.
2529 5751 2759 5814 graecus”
2782 5740 2873 5814 oti:
2951 5802 2984 5814 ,ν
3036 5813 3072 5814 η

2071 5797 2338 5872 Ner-bum,
2364 5797 2579 5876 abdesti,
2607 5797 2755 5876 abest
2782 5817 2811 5854 a
2849 5798 3190 5876 negio‘eo‘dice
3213 5807 3276 5876 et
3295 5799 3489 5876 acerb.

2007 5859 2351 5938 bliis'nwequ'e
2371 5859 2422 5920 in
2442 5859 2603 5938 gris-eq
2625 5874 2766 5938 textu
2785 5880 2873 5930 pro
2886 5859 2964 5916 bis
2985 5863 3192 5927 duobus,
3205 5859 3428 5928 modesti,
3445 5859 3600 5914 litani-

2009 5928 2099 6004 Ιώ,
2120 5937 2250 5990 aliud
2269 5928 2347 5987 est
2366 5928 2528 5998 quam,
2550 5928 2905 5998 philophrenes.
