4082 6472
521 439 660 500 1051

521 559 797 633 inperitis,
853 567 915 616 ut
963 574 1074 616 non
1117 557 1526 616 conturbemini.
1580 558 1868 615 Dominum
1923 568 2104 642 autem

514 625 792 707 Christum
815 651 1137 708 sanctiﬁcate
1169 651 1224 706 in
1249 649 1498 706 cordibus
1525 650 1738 716 vestris,
1771 652 1938 722 parati
1966 639 2107 708 sem-

488 797 494 802 .
523 757 622 813 per
642 743 712 800 ad
741 742 1156 812 satisfactionem
1187 744 1332 818 omni
1355 743 1598 814 poscenti
1629 759 1720 815 vos
1749 745 2010 802 rationem
2036 742 2105 799 de

521 848 586 888 ea
606 876 622 902 ,
650 850 764 905 qua:
793 833 847 888 in
880 834 1028 890 vobis
1055 844 1170 902 est,
1202 851 1297 906 spe
1322 854 1336 890 :
1380 835 1474 891 sed
1501 851 1623 891 eum
1663 837 1922 892 modestia
1948 846 2005 893 et
2038 836 2107 891 ti-

495 940 705 988 ,more,
736 925 1114 980 conscientiam
1142 925 1396 982 habentes
1426 927 1650 994 bonam,
1696 937 1754 983 ut
1786 928 1838 983 in
1873 943 1939 984 eo
1963 927 2104 998 quod

495 999 809 1070 detrahunt
848 1014 1033 1083 vobis,
1063 1015 1452 1072 confundantur
1477 1017 1567 1087 qui
1597 1018 1986 1072 calumniantur
2013 1033 2104 1072 ve-

521 1113 684 1158 stram
731 1105 921 1160 bonam
950 1105 1004 1160 in
1031 1104 1245 1162 Christo
1281 1109 1764 1164 conversationem.
1810 1109 1994 1165 Melius
2021 1116 2105 1165 est

521 1199 661 1254 enim
701 1198 1110 1268 benefacientes,
1135 1201 1182 1256 si
1205 1201 1334 1258 velit
1353 1202 1448 1258 Dei
1474 1203 1720 1258 voluntas
1738 1244 1754 1270 ,
1785 1203 1920 1272 pati,
1945 1217 2102 1273 quam

521 1291 938 1348 malefacientes.
1354 1333 1362 1341 -

592 1381 661 1436 Et
688 1384 1021 1455 post-aliquos
1044 1400 1215 1440 versus
1238 1383 1362 1459 [η]
1389 1403 1401 1440 :
1434 1386 1648 1443 Christo
1673 1387 1830 1458 igitur
1860 1401 2020 1459 passo
2047 1389 2102 1444 in

519 1488 680 1530 carne
697 1515 712 1540 ,
760 1483 814 1529 et
835 1491 931 1530 vos
954 1475 1143 1532 eadem
1172 1479 1491 1547 cogitatione
1515 1480 1794 1534 armamini
1819 1498 1833 1534 :
1865 1481 1986 1551 quia
2012 1482 2103 1550 qui

519 1579 709 1635 passus
729 1573 810 1620 est
839 1565 893 1620 in
922 1581 1104 1634 carne,
1133 1567 1291 1623 desiit
1316 1585 1344 1622 a
1374 1571 1625 1639 peccatis,
1660 1580 1717 1625 ut
1737 1571 1848 1642 jam
1871 1587 1980 1627 non
2007 1575 2102 1628 bo-

517 1657 721 1712 minum
748 1659 1058 1725 desideriis,
1088 1660 1180 1715 sed
1217 1661 1473 1716 voluntati
1501 1662 1631 1730 Dei,
1662 1664 1804 1734 quod
1841 1665 2102 1736 reliquum

519 1756 602 1803 est
626 1749 678 1803 in
709 1765 867 1816 carne
889 1751 1030 1805 vivat
1057 1753 1333 1822 temporis.
1363 1752 1572 1809 Sufﬁcit
1599 1756 1742 1810 enim
1773 1758 2097 1826 prteteritum

520 1848 729 1910 tempus
755 1842 823 1896 ad
848 1843 1172 1900 voluntatem
1207 1847 1439 1916 gentium
1468 1849 1976 1918 consummandam,
2017 1850 2101 1908 his

519 1934 606 2001 qui
632 1933 1033 1990 ambulaverunt
1056 1935 1108 1990 in
1143 1936 1384 2004 luxuriis,
1417 1938 1732 2010 desideriis,
1759 1942 2099 2011 vinolentiis,

518 2025 990 2080 comessationibus
1009 2067 1024 2091 ,
1056 2028 1431 2096 potationibus,
1474 2031 1818 2088 ebrietatibus
1846 2037 1888 2100 ι,
1917 2043 1972 2089 et
1997 2035 2101 2090 illi-

519 2111 637 2166 citis
665 2112 924 2169 idolorum
960 2116 1205 2172 cultibus.
1235 2117 1299 2171 Et
1322 2127 1433 2188 post
1458 2120 1652 2191 aliquos
1672 2138 1885 2180 versus:
1917 2125 2102 2182 Estote

518 2203 696 2274 itaque
739 2206 1060 2277 prudentes,
1113 2218 1167 2265 et
1209 2209 1422 2280 vigilate
1468 2213 1521 2266 in
1572 2215 1920 2272 orationibus.
1964 2218 2102 2274 Ante

518 2297 696 2351 omnia
716 2306 949 2353 mutuam
971 2298 1025 2353 in
1047 2300 1446 2371 vobismctipsis
1462 2302 1776 2361 cbaritatem
1798 2308 2102 2363 continuam

517 2385 824 2444 habentes:
855 2389 976 2458 quia
1005 2389 1237 2446 charitas
1277 2394 1452 2462 operit
1489 2395 1877 2453 multitudinem
1917 2413 2104 2470 pecea-

517 2485 712 2533 torum.
738 2479 1037 2549 llospitales
1058 2482 1310 2550 invicem,
1336 2485 1452 2540 sine
1474 2489 1913 2545 murmuratione.
1938 2490 2104 2547 Unus-

516 2569 739 2640 quisque
767 2571 906 2625 sicut
951 2575 1156 2644 accepit
1197 2576 1454 2646 gratiam,
1505 2577 1558 2631 in
1603 2579 1914 2634 alterutrum
1958 2581 2102 2636 illam

516 2659 944 2718 administrantes
964 2705 979 2730 ,
1022 2664 1158 2719 sicut
1189 2665 1314 2721 boni
1343 2667 1740 2737 dispensatores
1764 2670 2102 2727 multiformis

515 2750 696 2819 gratiae
726 2751 839 2806 Dei.
872 2752 928 2808 Si
954 2753 1072 2824 quis
1099 2755 1352 2826 loquitur,
1401 2759 1550 2828 quasi
1589 2774 1866 2816 sermones
1897 2762 2025 2827 Dei;
2056 2760 2104 2818 si

515 2841 636 2912 quis
663 2843 947 2914 ministrat,
983 2855 1230 2917 tanquam
1263 2864 1328 2903 ex
1357 2851 1553 2906 virtute
1577 2867 1734 2922 quam
1771 2852 2106 2910 administrat

517 2935 695 2990 Deus:
731 2945 786 2991 ut
811 2938 862 2991 in
891 2940 1139 2996 omnibus
1165 2940 1546 2998 honorificetur
1581 2944 1720 3000 Deus
1741 2986 1754 3010 ,
1788 2960 1884 3014 per
1920 2947 2103 3003 Jesum

516 3025 785 3083 Christum
828 3029 1112 3086 Dominum
1136 3074 1151 3100 ,
1198 3034 1282 3088 cui
1312 3043 1395 3088 est
1438 3035 1601 3104 gloria
1633 3046 1687 3091 et
1725 3037 2004 3108 imperium
2050 3040 2103 3095 in

516 3119 712 3173 saecula
738 3120 1074 3176 saeculorum.
1101 3121 1433 3192 Cbarissimi,
1468 3126 1629 3182 nolite
1652 3129 1976 3198 peregrinari
1999 3131 2019 3161 ³
2048 3130 2102 3185 in

515 3209 759 3277 fervore,
808 3211 897 3280 qui
943 3212 1009 3266 ad
1035 3214 1378 3270 tentationem
1418 3216 1570 3272 vobis
1597 3217 1688 3284 ﬁt;
1719 3220 1883 3275 nolite
1908 3236 2102 3291 pavere

480 3309 484 3314 ‘
515 3302 663 3373 quasi
691 3302 886 3372 aliquid
912 3304 1035 3358 novi
1061 3304 1216 3360 vobis
1245 3307 1553 3377 contingat:
1586 3308 1680 3364 sed
1705 3312 2106 3367 communican-

518 3401 602 3449 tes
627 3392 825 3449 Christi
865 3395 1198 3464 passionibus
1236 3398 1497 3468 gaudete,
1525 3409 1584 3454 ut
1625 3408 1678 3455 et
1701 3401 1753 3456 in
1779 3403 2102 3459 revelatione

519 3485 702 3555 gloria:
721 3485 839 3556 ejus
867 3486 1140 3557 gaudeatis
1168 3490 1513 3547 exsultantes.
1541 3493 1598 3548 Si
1626 3496 2020 3564 exprobramini
2045 3497 2101 3553 in

517 3576 736 3632 nomine
763 3576 981 3646 Christi,
1013 3577 1153 3634 beati
1181 3579 1330 3636 eritis
1353 3581 1412 3636 ':
1444 3583 1697 3653 quoniam
1721 3586 1862 3655 quod
1891 3596 1976 3643 est
2003 3587 2101 3643 ho—

521 3669 690 3736 noris,
718 3669 921 3741 gloriae,
954 3681 1010 3726 et
1030 3671 1239 3726 virtutis
1264 3673 1378 3741 Dei,
1406 3683 1461 3729 et
1485 3675 1576 3745 qui
1599 3685 1681 3731 est
1705 3677 1821 3748 ejus
1845 3679 2063 3750 spiritus
2080 3723 2096 3749 ,

512 3775 674 3830 super
713 3775 811 3816 vos
839 3761 1155 3831 requiescet.
1185 3762 1354 3819 Nemo
1379 3772 1560 3820 autem
1587 3776 1824 3822 vestrum
1870 3770 2100 3839 patiatur

513 3853 663 3924 quasi
691 3851 977 3920 homicida,
999 3862 1091 3908 aut
1114 3854 1216 3923 fur,
1240 3864 1331 3910 aut
1351 3857 1666 3926 maledicus,
1690 3869 1783 3915 aut
1802 3861 2095 3917 alienorum

513 3946 792 4016 appetitor.
822 3945 890 4003 Si,
918 3954 1096 4002 autem
1140 3955 1197 4002 ut
1224 3949 1584 4019 Christianus,
1633 3967 1737 4008 non
1780 3955 2095 4012 erubescat:

513 4037 770 4109 glorifiect
791 4046 968 4092 autem
998 4039 1164 4094 Deum
1191 4041 1246 4095 in
1273 4041 1374 4097 isto
1405 4044 1650 4111 nomine;
1682 4047 1932 4116 quoniam
1959 4056 2096 4104 tem-

512 4145 614 4200 pus
636 4138 719 4186 est
744 4138 802 4185 ut
841 4130 1056 4201 incipiat
1077 4130 1332 4202 judicium
1361 4134 1428 4189 de
1452 4134 1612 4191 domo
1641 4134 1663 4166 ‘
1687 4137 1804 4192 Dei.
1836 4137 1892 4193 Si
1917 4149 2096 4195 autem

513 4223 744 4291 primum
766 4236 798 4276 a
825 4222 996 4289 vobis,
1027 4223 1145 4292 quis
1168 4224 1289 4278 ﬁnis
1309 4240 1493 4280 eorum
1521 4227 1610 4296 qui
1629 4242 1734 4282 non
1756 4229 1981 4286 credunt
2001 4232 2095 4288 Dei
2127 4246 2132 4252 '

512 4311 842 4384 Evangelio?
867 4321 923 4368 et
947 4312 992 4367 si
1017 4314 1191 4383 justus
1221 4316 1307 4369 vix
1331 4317 1642 4384 salvabitur,
1674 4319 1865 4390 impius
1894 4329 1948 4377 et
1969 4337 2096 4392 pec-

510 4411 659 4457 cator
683 4402 774 4458 ubi
809 4404 1106 4473 parebunt?
1130 4405 1312 4475 Itaque
1337 4417 1392 4462 et
1417 4407 1450 4461 ii
1479 4409 1568 4478 qui
1594 4411 1867 4481 patiuntur
1897 4428 2092 4470 secun-

510 4494 635 4549 dum
660 4494 984 4549 voluntatem
1011 4495 1124 4559 Dei,
1153 4495 1294 4552 ﬁdeli
1321 4495 1563 4554 Creatori
1583 4502 1959 4560 commendent
1977 4506 2092 4561 ani-

510 4599 626 4640 mas
647 4599 770 4639 suas
790 4584 846 4638 in
873 4583 1187 4641 benefactis.

580 4673 692 4749 [v.]
719 4674 972 4732 Seniores
995 4692 1122 4748 ergo
1147 4679 1235 4749 qui
1266 4680 1317 4734 in
1346 4681 1496 4738 vobis
1521 4692 1672 4752 sunt,
1713 4685 1936 4745 obsecro
1964 4703 2093 4744 con-

509 4766 692 4823 senior
709 4774 764 4822 et
796 4767 945 4822 testis
969 4767 1163 4824 Christi
1190 4772 1492 4840 passionum
1510 4816 1525 4841 ,
1557 4777 1648 4845 qui
1669 4785 1725 4832 et
1751 4778 1868 4850 ejus
1889 4795 2012 4852 quae
2037 4783 2091 4838 in

511 4857 686 4914 futuro
713 4858 994 4915 revelanda
1032 4869 1113 4915 est
1157 4860 1341 4932 gloriae
1385 4867 1838 4936 communicator,
1886 4873 2092 4942 pascite

509 4953 599 5025 qui
625 4953 678 5008 in
701 4953 852 5008 vobis
877 4962 959 5009 est
980 4969 1194 5027 gregem
1222 4957 1334 5023 Dei,
1361 4959 1700 5028 providentes
1726 4979 1832 5020 non
1867 4978 2050 5026 coacte
2069 5013 2085 5040 ,

511 5044 608 5100 sed
634 5053 926 5116 spontanee
953 5047 1242 5103 secundum
1287 5050 1452 5105 Deum
1485 5069 1498 5106 :
1531 5069 1705 5126 neque
1748 5058 1918 5129 turpis
1957 5061 2089 5119 lucri

507 5141 696 5210 gratia,
722 5139 817 5196 sed
837 5143 1165 5212 voluntarie;
1193 5160 1367 5216 neque
1392 5156 1452 5202 ut
1476 5146 1813 5207 dominantes
1831 5153 1884 5208 in
1906 5155 2083 5224 cleris,

508 5230 601 5285 sed
632 5231 815 5287 forma:
863 5233 980 5290 facti
1009 5236 1187 5307 gregis
1215 5252 1280 5292 ex
1306 5238 1503 5294 animo.
1535 5239 1603 5295 Et
1628 5255 1749 5297 cum
1783 5249 2087 5316 apparuerit

569 5467 589 5496 ¹
613 5473 718 5537 tuas.
757 5478 863 5537 pro,
897 5467 1039 5520 nolite
1080 5471 1399 5537 pet-egrum,
1431 5473 1614 5526 habent
1636 5511 1652 5536 ,
1684 5475 1827 5528 nolite
1865 5479 2036 5532 mirari
2062 5495 2082 5534 :

506 5526 958 5607 9999.1199'Pjers
988 5526 1218 5607 esse?
1232 5534 1327 5607 ,τις
1345 5526 1557 5599 graecum
1577 5569 1598 5601 ,
1622 5526 1734 5607 imi

517 5588 549 5636 d
575 5594 668 5658 est,
692 5602 757 5639 ne
779 5588 1174 5658 commovéamini
1194 5603 1249 5646 ut
1283 5595 1335 5647 fit
1345 5588 1414 5648 re
1435 5611 1560 5648 nova
1579 5588 1637 5650 et
1657 5588 1866 5651 insolita.
1876 5588 2083 5658 ’ἧιῆηᾶ

503 5648 879 5733 Nysae
1103 5658 1267 5733 ,ηερε
1295 5648 2080 5733 mansurasse?

502 5712 871 5820 ἓξὲξ
890 5716 1019 5779 quod
1042 5712 1122 5768 hic
1142 5712 1463 5783 praemittitur,
1494 5712 1637 5776 nolite
1667 5712 2079 5790 pavéré,a’6e£{é

558 5784 651 5820 Cl'lS
673 5784 846 5825 Βιυιιὶε.

565 5833 586 5913 ξ
605 5835 955 5913 βςβξξιὲοοᾱεει
979 5853 1139 5913 graeco
1160 5847 1473 5913 consentiens
1492 5862 1590 5913 non
1604 5849 1750 5913 addit,
1768 5849 1921 5906 eritis.
2016 5899 2020 5901 .

565 5848 586 5864 -
612 5848 672 5881 ne
727 5848 782 5884 us
802 5848 955 5888 coaex
979 5853 1139 5903 graeco
1160 5848 1473 5896 consentiens
1492 5862 1612 5898 non:

562 5894 586 5928 δ
605 5848 814 5962 quau,
841 5914 871 5953 a
891 5899 1048 5954 doma.
1066 5911 1235 5970 am,
1248 5919 1340 5971 apo
1358 5912 1439 5962 tau
1457 5908 1612 5964 oikou.

1744 443 1804 502 Β.
1845 441 2211 502 AUGUSTINI
2245 444 2604 509 SPECULUM

3646 461 3794 521 1832

2201 563 2461 637 princeps
2486 570 3111 642 pastorum,.pereipietis
3153 571 3648 635 immarcescihilem
3671 580 3792 650 glo-

2209 655 2305 710 riae
2326 671 2595 716 coronam.
2640 658 2914 730 Similiter,
2946 661 3344 733 adolescentes,
3382 665 3580 723 subditi
3615 678 3793 726 estote

2209 749 2527 806 senioribus.
2570 739 2771 810 Omnes
2808 761 2986 810 autem
3018 755 3244 813 invicem
3277 757 3628 815 humilitatem
3658 761 3796 830 insi-

2211 851 2394 908 nuate;
2422 842 2546 912 quia
2573 843 2716 900 Deus
2740 846 2984 916 superbis
3008 848 3248 918 resistit,
3293 848 3581 905 humilibus
3605 860 3792 908 autem

2209 934 2298 990 dat
2319 937 2561 1007 gratiam.
2581 938 2941 996 Humiliamini
2967 943 3125 1014 igitur
3142 946 3242 1001 sub
3267 947 3466 1016 potenti
3487 963 3646 1003 manu
3667 948 3788 1015 Dei,
3859 940 3862 943 ’

2209 1035 2268 1080 ut
2309 1042 2406 1082 vos
2449 1030 2643 1086 exaltet
2685 1031 2740 1087 in
2780 1041 3018 1103 tempore
3044 1036 3379 1093 visitationis.
3426 1039 3651 1096 Omnem
3681 1041 3795 1096 sol-

2208 1114 2530 1176 licitudinem
2581 1134 2810 1180 vestram
2851 1128 3191 1198 projicientes
3243 1131 3295 1185 in
3333 1147 3491 1200 eum;
3536 1133 3791 1204 quoniam

2207 1209 2309 1280 ipsi
2347 1226 2474 1268 cura
2513 1223 2595 1270 est
2623 1215 2690 1271 de
2732 1217 2902 1274 vobis.
2932 1219 3109 1276 Sobrii
3151 1230 3357 1290 estote,
3382 1223 3636 1293 vigilate:
3665 1226 3793 1296 quia

2205 1303 2545 1362 adversarius
2575 1316 2750 1365 vester
2773 1311 3034 1379 diabolus,
3059 1321 3307 1384 tanquam
3333 1315 3419 1371 leo
3444 1317 3658 1388 rugiens
3683 1318 3792 1373 cir-

2205 1397 2316 1452 cuit
2357 1414 2601 1468 quaerens
2642 1417 2802 1474 quem
2841 1403 3081 1461 devoret.
3119 1404 3216 1461 Cui
3263 1408 3497 1464 resistite
3523 1408 3692 1464 fortes
3731 1410 3790 1466 in

2207 1486 2334 1556 fide,
2367 1481 2861 1550 scientes'eamdem
2887 1497 3188 1566 passionem
3226 1498 3278 1554 ei
3300 1540 3315 1565 ,
3358 1516 3476 1570 quae
3504 1499 3558 1556 in
3587 1502 3792 1558 mundo

2209 1588 2310 1646 est,
2335 1591 2526 1638 vestrae
2552 1583 2866 1642 fraternitati
2882 1588 3016 1644 fieri.
3037 1590 3178 1646 Dens
3197 1599 3372 1646 autem
3391 1593 3564 1648 omnis
3579 1593 3786 1663 gratiae,

2207 1671 2299 1741 qui
2323 1675 2531 1729 vocavit
2553 1690 2651 1731 nos
2689 1677 2743 1733 in
2776 1687 3029 1735 aeternam
3067 1695 3217 1736 suam
3246 1683 3465 1753 gloriam
3493 1684 3545 1738 in
3570 1683 3789 1740 Christo

2205 1761 2364 1829 Jesu,
2401 1766 2669 1822 modicum
2697 1783 2912 1839 passos,
2956 1772 3072 1842 ipse
3103 1773 3375 1842 perﬁciet,
3413 1775 3751 1832 conﬁrmabit
3763 1761 3785 1841 λ

2206 1856 2576 1930 solidabitque.
2609 1859 2716 1932 Ipsi
2741 1863 2910 1934 gloria
2931 1873 2986 1920 et
3013 1865 3294 1937 imperium
3321 1866 3375 1922 in
3398 1868 3592 1925 saecula
3619 1883 3792 1924 secu-

2206 1951 2396 2009 lorum.
2431 1956 2620 2012 Amen.

2593 2068 2684 2125 DE
2722 2070 3050 2129 EPISTOLA
3085 2072 3130 2129 Il
3167 2074 3390 2132 PETRI.

2278 2183 2430 2258 [Cap.
2457 2186 2521 2262 1.]
2552 2188 2652 2246 Per
2673 2207 2832 2262 quem
2860 2193 2877 2224 ¹
2906 2194 3133 2249 maxima
3159 2194 3314 2250 nobis
3333 2203 3388 2260 et
3411 2194 3639 2265 pretiosa
3658 2207 3788 2266 pro-

2207 2275 2369 2332 missa
2395 2277 2628 2344 donavit,
2667 2289 2722 2335 ut
2747 2297 2842 2352 per
2870 2283 2985 2338 bmc
3013 2283 3314 2340 eﬂiciamini
3339 2285 3530 2340 divinze
3555 2299 3787 2341 consor-

2208 2376 2288 2423 tes
2314 2376 2544 2446 natnrae,
2578 2370 2835 2442 fugientes
2872 2374 2988 2444 ejus
3028 2391 3146 2446 quae
3174 2375 3228 2430 in
3257 2376 3453 2432 mundo
3480 2384 3563 2432 est
3587 2391 3788 2432 concu-

2209 2444 2479 2527 piscentia:
2509 2464 2924 2533 corruptionem.
2973 2465 3083 2522 Vos
3124 2477 3300 2523 autem
3344 2483 3528 2522 curam
3571 2482 3789 2523 omnem

2209 2551 2624 2624 subinferentes,
2669 2557 2965 2614 ministrate
2993 2559 3046 2613 in
3091 2559 3194 2614 fide
3218 2569 3394 2616 vestra
3421 2559 3699 2622 virtutem;
3732 2560 3788 2616 in

2207 2647 2400 2703 virtute
2428 2659 2637 2717 autem,
2677 2651 2984 2719 scientiam;
3029 2653 3080 2707 in
3111 2653 3330 2709 scientia
3373 2661 3581 2722 autem,
3627 2652 3790 2708 absti-

2209 2738 2478 2805 nentiam;
2520 2741 2572 2795 in
2603 2742 2918 2798 abstinentia
2955 2753 3164 2812 autem,
3215 2746 3554 2814 patientiam;
3601 2746 3652 2800 in
3690 2761 3791 2815 pa-

2209 2828 2391 2884 tientia
2417 2839 2611 2896 autem,
2647 2833 2928 2902 pietatem;
2960 2835 3014 2890 in
3038 2834 3231 2905 pietate
3258 2847 3457 2905 autem,
3487 2836 3792 2893 fraternita-

2209 2917 2277 2973 tis
2296 2934 2565 2989 amorem;
2590 2922 2644 2978 in
2665 2939 2847 2980 amore
2865 2934 3040 2981 autem
3061 2926 3424 2996 fraternitatis,
3445 2928 3786 2985 cbaritatem.

2207 3011 2332 3068 Haac
2356 3014 2498 3069 enim
2518 3016 2668 3071 vobis
2688 3032 2808 3072 cum
2828 3018 3002 3073 adsint
3026 3020 3047 3052 ³
3068 3029 3122 3076 et
3145 3030 3414 3092 superent,
3444 3037 3549 3078 non
3569 3036 3788 3089 vacuos,

2207 3119 2307 3160 nec
2334 3106 2450 3162 sine
2475 3105 2646 3163 fructu
2673 3124 2769 3164 vos
2794 3110 3118 3166 constituent
3141 3111 3194 3166 in
3221 3111 3430 3167 Domini
3462 3113 3633 3168 nostri
3660 3112 3793 3170 Jesu

2205 3195 2400 3252 Christi
2424 3200 2723 3270 cognitione
2753 3201 2794 3256 ³.
2838 3199 2934 3256 Cui
2962 3203 3103 3258 enim
3133 3218 3239 3259 non
3267 3214 3459 3274 praesto
3482 3214 3608 3261 sunt
3635 3205 3753 3259 haec
3771 3244 3788 3271 ,

2207 3301 2379 3345 caecus
2415 3301 2529 3359 est,
2577 3304 2628 3348 et
2670 3309 2829 3348 manu
2861 3303 3070 3350 tentans
3096 3337 3110 3362 ,
3157 3296 3476 3353 oblivionem
3519 3297 3790 3367 accipiens

2205 3383 2528 3453 purgationis
2557 3394 2794 3442 veterum
2823 3403 3040 3443 suorum
3065 3387 3397 3446 delictorum.
3429 3390 3788 3461 Quapropter,

2205 3473 2417 3544 fratres,
2451 3479 2616 3548 magis
2637 3479 2877 3550 satagite,
2909 3489 2968 3537 ut
2991 3497 3087 3553 per
3110 3482 3247 3538 bona
3277 3499 3437 3553 Opera
3465 3493 3664 3539 certam
3690 3499 3788 3540 ve-

2171 3562 2173 3564 ’
2204 3575 2371 3622 stram
2397 3569 2727 3626 vocationem
2756 3581 2812 3627 et
2856 3573 3170 3629 electionem
3214 3574 3438 3632 faciatis.
3486 3563 3612 3631 Haae
3638 3575 3789 3632 enim

2204 3657 2460 3715 facientes
2484 3676 2589 3716 non
2617 3663 2902 3731 peccabitls
2927 3665 3231 3736 aliquando.

2276 3748 2346 3804 Et
2373 3760 2484 3821 post
2512 3753 2772 3821 paululum
2805 3752 2909 3828 [n.]
2934 3773 2945 3808 :
2970 3755 3118 3813 Sicut
3142 3766 3196 3811 et
3223 3757 3278 3813 in
3305 3757 3455 3815 vobis
3484 3767 3644 3813 erunt
3671 3773 3788 3813 rna-

2200 3839 2352 3910 gistri
2381 3841 2684 3911 mendaces,
2707 3847 2794 3916 qui
2818 3847 3154 3904 introducent
3179 3859 3350 3906 sectas
3372 3850 3700 3920 perditionis,
3732 3859 3789 3907 et

2202 3946 2326 3989 eum
2353 3936 2441 4005 qui
2470 3937 2600 3992 emit
2637 3953 2729 3994 eos
2748 3980 2763 4006 ,
2793 3939 2956 3996 Deum
3003 3942 3331 4014 negabunt‘,
3364 3944 3786 4015 superducentes

2199 4026 2300 4082 sibi
2323 4028 2552 4085 celerem
2593 4032 2960 4101 perditionem.
2989 4035 3057 4090 Et
3097 4037 3249 4092 multi
3277 4046 3567 4106 sequentur
3588 4051 3785 4092 eorum

2200 4117 2456 4188 luxurias,
2490 4138 2584 4192 per
2607 4141 2741 4196 quos
2768 4126 2853 4181 via
2881 4129 3118 4184 veritatis
3144 4129 3614 4200 blasphemabitur,
3641 4137 3698 4184 et
3727 4129 3784 4184 in

2199 4213 2419 4269 avaritia
2456 4216 2590 4271 ﬁctis
2617 4218 2796 4275 verbis
2820 4219 2888 4275 de
2913 4222 3061 4277 vobis
3101 4223 3527 4294 negotiabuntur.
3574 4221 3783 4288 Quibus

2194 4304 2451 4375 judicium
2473 4307 2582 4378 jam
2609 4310 2735 4365 olim
2763 4327 2870 4367 non
2898 4322 3092 4382 cessat,
3125 4323 3180 4370 et
3202 4315 3431 4387 perditio
3455 4331 3641 4372 eorum
3669 4331 3783 4373 non

2198 4394 2467 4452 dormitat.
2497 4398 2563 4453 Et
2591 4401 2693 4455 alio
2722 4403 2832 4457 loco
2853 4419 2872 4458 :
2899 4403 3056 4460 Novit
3091 4406 3344 4462 Dominus
3371 4408 3484 4476 pios
3506 4407 3575 4463 de
3600 4417 3784 4462 tenta-

2199 4486 2340 4543 tione
2365 4489 2572 4559 eripere
2592 4534 2606 4558 ,
2639 4493 2846 4564 iniquos
2874 4511 3004 4552 vero
3032 4498 3086 4552 in
3124 4498 3266 4554 diem
3291 4499 3474 4569 judicii
3498 4516 3782 4558 reservare

2195 4579 2529 4638 cruciandos.
2561 4584 2724 4655 Magis
2749 4597 2924 4642 autem
2949 4603 3042 4644 eos
3069 4590 3159 4659 qui
3187 4599 3306 4660 post
3330 4605 3541 4647 carnem
3568 4592 3622 4647 in
3648 4607 3781 4648 eon-

2194 4671 2516 4740 cupiscentia
2554 4675 2900 4733 immunditiaa
2925 4680 3225 4748 ambulant,
3253 4682 3780 4755 dominationemque

2194 4773 2539 4822 contemnunt
2561 4786 2576 4822 :
2600 4769 2846 4838 audaces,
2872 4771 2971 4826 sibi
2999 4773 3287 4843 placentes,
3319 4778 3494 4832 sectas
3519 4793 3627 4832 non
3657 4793 3777 4833 me-

2196 4863 2348 4914 tuunt
2371 4859 2704 4919 introducere
2730 4863 2774 4932 ⁸,
2803 4864 3251 4936 blasphemantes.
3284 4867 3386 4924 Ubi
3417 4869 3588 4939 angeli
3619 4869 3779 4925 forti-

2259 4994 2276 5068 f
2302 4996 2393 5068 sic
2413 4997 2528 5048 editi
2553 4999 2689 5061 juxta
2719 4999 2969 5068 Vulgatam
2993 5018 3004 5053 :
3031 5011 3333 5068 quaatamen
3369 5006 3420 5068 in
3449 5005 3586 5055 Corb.
3612 5005 3780 5058 Bibliis

2190 5053 2417 5131 habebat,
2437 5071 2527 5131 per
2544 5053 2701 5123 quam.
2727 5053 2863 5131 Etita
2877 5053 3560 5131 Specult‘tminltsemblacensi
3752 5053 3774 5117 ἶ

2188 5123 2767 5202 ἔξηῖίξ.“ἓὲί⁰ξ.ἒθῖ.⁴ζιέφ.ἐ
2780 5123 2920 5202 me
2939 5139 3155 5202 me“!
3183 5129 3356 5202 41‘9";
3369 5141 3664 5202 summa").
3682 5130 3780 5202 hos

2189 5185 2339 5250 Possit
2371 5185 2432 5230 ad
2468 5185 2803 5244 przecedeutes
2825 5185 2997 5251 voces,
3031 5187 3186 5252 gloria
3218 5196 3264 5242 et
3288 5185 3458 5242 virtute
3489 5185 3693 5254 referri;
3720 5200 3780 5243 ct

2189 5246 2334 5308 νθῖυν
2357 5255 2445 5308 1’9."
2467 5255 2601 5308 0W8-

2252 5303 2272 5333 ³
2306 5303 2425 5353 Editi
2458 5303 2490 5365 ,⁷
2532 5307 2576 5358 si
2627 5309 2862 5362 vobiscum
2921 5311 3096 5364 adsint.
3152 5316 3225 5365 Sic
3287 5315 3433 5364 etiam
3485 5327 3614 5364 nunc
3660 5314 3778 5365 Vul-

2049 5359 2086 5408 ί-
2186 5370 2325 5440 gata.
2349 5372 2405 5440 {tt
2426 5359 3454 5440 particula,shaberatﬁahwanfiquisvaorl).
3641 5359 3777 5427 (εἰ-ἐι

2185 5426 2334 5501 [λβὲίο
2355 5426 2670 5501 θιὲῖδιὶοοιιιίί
2697 5426 2861 5501 neque
2903 5426 3178 5487 necessaria
3199 5426 3328 5501 rest,
3379 5437 3635 5488 dummodo
3671 5426 3772 5488 non

2183 5489 2712 5565 eonjqngtim'legatur,
2731 5489 2966 5549 uo'bscum.
3002 5505 3053 5549 tn
3073 5513 3233 5563 graeco
3253 5489 3328 5552 sic'
3367 5509 3462 5563 est,
3497 5505 3629 5551 εαιιω
3671 5511 3770 5565 ραν

2182 5545 2349 5614 Ιιιιξὶιίη
2369 5545 2710 5614 Ιιιφανεῆοηιαί

2182 5612 2465 5723 "gnuegius
2502 5617 2658 5667 codex
2696 5628 2748 5671 ct
2770 5623 2890 5672 Corb
2918 5622 3063 5674 Biblia
3081 5658 3095 5686 ,
3120 5623 3312 5675 favente
3333 5636 3513 5688 graeco,
3535 5622 3768 5690 cognitio-

2245 5735 2267 5812 ξ
2290 5746 2400 5812 ραι..
2417 5745 2491 5788 Er.
2511 5742 2674 5812 et_duo
2697 5753 2800 5795 Mss.
2820 5747 2964 5812 juxta
2973 5747 3239 5812 vulgatam,
3259 5753 3449 5812 negant.

2245 5799 2266 5830 ³
2290 5802 2464 5862 Regius
2493 5805 2647 5872 codex
2674 5815 2724 5856 et
2745 5799 2878 5858 Oorh.
2906 5809 3050 5859 Biblia
3063 5799 3185 5872 “pro,
3211 5799 3532 5870 introducere,
3557 5810 3762 5870 habent,

2180 5859 2340 5942 [licere
2420 5865 2508 5935 sed
2521 5876 2766 5942 "neutrum
2809 5873 3012 5942 verbum
3056 5859 3364 5942 expressum"
3378 5859 3459 5923 est
3493 5859 3556 5942 e'x

2184 5929 2344 5988 textu,
2364 5927 2447 5990 qui
2483 5928 2553 5979 nil
2614 5929 2743 5984 aliud
2773 5936 2988 5990 continet
3021 5927 3197 6004 quain,
3239 5936 3394 5992 dom
3433 5946 3498 5991 ou
3532 5927 3766 5992 nm
