4082 6474
360 436 550 494 tudine
563 441 621 492 et
638 432 829 490 virtute
848 447 968 489 eum
990 431 1097 487 sint
1120 427 1367 500 majores,
1390 439 1496 483 non
1516 434 1729 497 portant
1746 424 1935 480 advera-

361 543 457 585 sus
480 542 543 583 se
563 525 887 583 exsecrabile
906 523 1179 594 judicium.
1209 515 1273 575 iii
1312 534 1437 575 vero
1472 518 1617 573 velut
1656 504 1934 572 irrationar-

361 618 488 675 bilis
517 631 709 689 pecora
730 615 1040 671 naturaliter
1064 604 1119 667 in
1138 610 1432 682 captionem
1462 617 1515 664 et
1540 605 1847 678 perniciem,
1874 595 1935 658 in

360 706 430 766 iis
453 724 573 780 qua:
598 708 845 778 ignorant
870 705 1330 776 bIaSphemantes,
1372 692 1428 756 in
1463 698 1800 780 corruptione
1837 709 1933 750 sua

360 778 633 870 [Willwk
664 795 1016 867 percipientes
1040 793 1342 850 mercedem
1363 778 1659 861 iniustitia,
1689 786 1933 855 volupta-

362 901 469 947 tem
496 890 857 947 existimantes
884 887 988 942 diei
1011 886 1245 952 delicias,
1269 881 1723 953 coinquinationes
1749 876 1803 933 et
1824 893 1935 932 ma-

359 982 497 1037 cula:
533 980 739 1037 deliciis
763 977 1041 1034 afﬂuentes
1060 1018 1075 1045 ,
1108 978 1162 1032 in
1188 964 1442 1031 conviviis
1471 973 1579 1028 suis
1604 963 1935 1026 luxuriantes

358 1075 665 1139 vobiscum,
695 1072 880 1127 oculos
917 1070 1170 1126 habentes
1197 1068 1382 1138 plenos
1407 1064 1651 1120 adulterii
1680 1071 1734 1117 et
1758 1062 1932 1116 inces-

360 1163 544 1218 sabilis
563 1161 762 1233 delicti,
790 1160 1112 1231 pellicientes
1132 1160 1333 1213 animas
1350 1156 1639 1222 instabiles,
1666 1169 1760 1208 cor
1781 1167 1934 1207 exer-

358 1254 579 1308 citatum
607 1252 657 1306 in
680 1251 897 1305 avaritia
925 1250 1200 1315 habentes,
1230 1244 1610 1301 maledictionis
1637 1243 1747 1308 lilii,
1772 1236 1931 1297 dere-

358 1342 662 1412 linquentes
707 1349 903 1395 rectam
932 1340 1069 1392 viam
1108 1344 1437 1392 erraverunt.
1481 1324 1548 1388 Et
1593 1342 1704 1403 post
1747 1347 1931 1403 paucos

359 1448 529 1486 uersus
548 1447 568 1485 :
599 1424 836 1500 Superba
878 1429 1017 1483 enim
1046 1416 1295 1481 vanitatis
1320 1419 1629 1496 loquentes,
1662 1419 1932 1492 pelliciunt

360 1523 414 1577 in
439 1521 717 1577 desideriis
745 1519 921 1575 carnis
952 1518 1186 1583 luxuritc,
1218 1529 1310 1572 eos
1345 1516 1435 1586 Qui
1479 1508 1751 1584 paululum
1795 1510 1929 1566 eﬁ'u-

355 1614 539 1685 giunt,
588 1614 676 1683 qui
721 1616 771 1667 in
821 1627 1003 1667 errore
1046 1617 1444 1670 conversant'ur,
1491 1607 1785 1661 libertatem
1828 1600 1930 1659 illis

359 1704 750 1775 promittentes,
773 1708 892 1757 eum
924 1701 1023 1771 ipsi
1052 1700 1190 1756 servi
1217 1699 1324 1752 sint
1351 1696 1723 1766 corruptionis.
1754 1695 1798 1749 A
1824 1708 1930 1764 quo

357 1794 500 1848 enim
524 1794 641 1864 quis
665 1801 941 1863 superatus
970 1798 1071 1858 est,
1102 1784 1257 1860 hujus
1286 1801 1338 1844 et
1362 1803 1547 1844 servus
1574 1797 1673 1841 est.
1703 1786 1758 1841 Si
1786 1787 1927 1842 enim

356 1885 678 1955 refugientes
704 1875 1159 1954 co‘inqui‘natiOnes
1199 1876 1379 1935 mundi
1421 1879 1471 1933 in
1501 1876 1798 1949 cognitione
1826 1877 1930 1932 Do-

357 1966 489 2030 mini
522 1975 690 2031 nostri
713 1973 991 2028 salvatoris
1016 1972 1140 2028 Jcsu
1178 1970 1372 2025 Christi
1393 2010 1407 2033 ,
1438 1968 1521 2023 his
1550 1974 1731 2022 ruistis
1758 1966 1930 2035 impli-

354 2068 461 2123 cati
497 2073 840 2136 superantur;
873 2063 1008 2120 facta
1049 2071 1173 2118 sunt
1217 2062 1293 2116 eis
1336 2052 1625 2131 posteriora
1662 2058 1926 2113 deteriora

354 2157 641 2229 prioribus.
663 2154 849 2210 Melius
868 2154 1010 2210 enim
1037 2161 1151 2207 erat
1181 2151 1282 2207 illis
1307 2166 1411 2205 non
1441 2162 1759 2220 cognoscere
1786 2148 1924 2202 viam

349 2239 591 2314 iustitia,
619 2258 779 2317 quam
818 2252 937 2315 post
962 2242 1318 2314 agnitionem,
1355 2250 1643 2296 retrorsum
1686 2237 1926 2295 converti

351 2337 424 2392 ab
451 2352 537 2403 eo,
565 2336 706 2408 quod
736 2335 839 2390 illis
864 2334 1111 2389 traditum
1137 2340 1253 2399 est,
1285 2341 1468 2387 sancto
1495 2330 1760 2385 mandato.
1783 2324 1927 2385 Con-

354 2423 474 2500 tigit
512 2423 655 2485 enim
697 2421 802 2483 illis
845 2418 977 2482 illud
1018 2417 1131 2481 veri
1182 2416 1490 2495 proverbii:
1542 2420 1701 2476 Canis
1745 2428 1926 2477 rever-

353 2535 446 2576 sus
501 2519 569 2575 ad
625 2510 877 2575 vomitum
924 2526 1109 2584 Suum;
1163 2528 1243 2583 et,
1305 2509 1407 2573 Sus
1459 2507 1569 2570 lota
1618 2513 1671 2569 in
1717 2515 1921 2569 voluta-

354 2609 453 2665 bro
480 2610 593 2665 luti.
649 2599 661 2615 ⁸

423 2694 493 2754 Et
523 2709 635 2770 post
657 2700 967 2768 aliquantum
1004 2695 1168 2770 [111.]:
1211 2693 1341 2751 Cum
1383 2692 1497 2750 huic
1523 2694 1697 2750 omnia
1733 2692 1923 2750 dissol-

351 2793 521 2847 venda
550 2793 674 2858 sint,
701 2792 881 2861 quales
904 2798 1112 2859 oportet
1136 2803 1253 2844 esse
1281 2803 1374 2845 vos
1400 2788 1453 2842 in
1477 2788 1672 2843 sanctis
1700 2803 1921 2843 conver-

351 2883 643 2938 sationibus
668 2892 720 2936 et
746 2882 1029 2952 pietatibus
1048 2922 1062 2943 ,
1088 2880 1454 2949 exspectantes
1482 2888 1536 2933 et
1578 2887 1919 2949 properantes

352 2969 405 3027 in
433 2969 711 3027 adventum
740 2971 845 3026 diei
874 2971 985 3025 Dei.
1016 2968 1081 3023 Et
1101 2969 1254 3041 paulo
1276 2979 1385 3039 post
1409 2985 1428 3023 :
1452 2968 1778 3036 Charissimi,
1806 2968 1920 3024 lucc

350 3071 718 3132 exspectantes
742 3061 960 3131 satagite
991 3056 1313 3114 imniaculati
1338 3064 1392 3114 et
1433 3058 1667 3113 inviolati
1696 3056 1919 3113 inveniri

350 3150 404 3207 in
438 3167 595 3222 pace,
637 3159 690 3207 et
734 3148 938 3205 Domini
978 3150 1146 3204 nostri
1182 3147 1665 3221 longanimitatem,
1696 3147 1917 3203 salutem

348 3244 697 3301 arbitramini.
735 3240 802 3297 Et
830 3244 930 3297 alio
964 3241 1072 3296 loco
1094 3258 1112 3295 :
1142 3237 1249 3296 Vos
1288 3240 1473 3311 igitur,
1518 3242 1736 3306 fratres,
1784 3255 1919 3311 pra:-

349 3336 579 3391 scientes
622 3334 915 3400 custodite,
954 3348 1021 3387 ne
1061 3332 1416 3401 insipientium
1444 3346 1627 3387 errore
1655 3331 1913 3397 traducti,

349 3425 605 3482 excidatis
646 3440 675 3477 a
721 3424 928 3493 propria
972 3421 1237 3475 ﬁrmitate.
1267 3421 1502 3475 Crescite
1529 3435 1654 3475 vero
1701 3421 1751 3475 in
1797 3436 1919 3489 gra-

350 3516 425 3574 tia
454 3512 581 3572 etin
609 3512 909 3586 cognitione
934 3513 1140 3568 Domini
1178 3512 1341 3566 nostri
1386 3521 1438 3567 et
1479 3512 1753 3567 salvatoris
1790 3512 1915 3566 Jesu

348 3607 567 3665 Christi.
630 3606 734 3678 Ipsi
762 3607 956 3678 gloria,
1003 3612 1056 3660 et
1082 3618 1222 3659 nunc
1246 3611 1300 3659 et
1326 3604 1376 3657 in
1417 3602 1555 3657 diem
1585 3601 1912 3657 :rternitatis.

346 3700 540 3755 Amen.

759 3787 846 3844 DE
882 3784 1208 3843 EPISTULA
1247 3783 1493 3841 JACOBI.

417 3879 571 3953 [Cap.
600 3877 664 3953 1.]
707 3878 874 3935 Omne
916 3877 1163 3948 gaudium
1191 3877 1519 3942 existimate,
1564 3874 1749 3929 fratres
1778 3874 1911 3943 mei,

344 3986 468 4027 cum
498 3971 548 4024 in
576 3970 890 4024 tentationes
927 3970 1100 4023 varias
1143 3968 1464 4032 incideritis;
1510 3967 1737 4021 scientes
1774 3966 1913 4036 quod

346 4061 590 4131 probatio
618 4060 736 4114 ﬁdei
780 4069 971 4113 vestra:
998 4059 1300 4129 patientiam
1333 4066 1579 4127 operatur
1610 4073 1623 4110 :
1663 4057 1913 4126 patientia

344 4159 524 4207 autem
552 4162 684 4219 opus
709 4150 992 4219 perfectum
1021 4148 1201 4214 habet,
1232 4156 1290 4201 ut
1319 4147 1432 4201 sitis
1456 4146 1676 4217 perfecti
1703 4154 1756 4202 et
1780 4145 1914 4201 inte-

344 4242 447 4314 gri,
479 4244 531 4297 in
557 4238 700 4296 nullo
729 4240 1049 4295 deﬁcientes.
1093 4239 1147 4294 Si
1177 4239 1294 4310 quis
1319 4246 1491 4293 autem
1517 4246 1750 4293 vestrum
1779 4237 1914 4292 indi-

343 4344 434 4403 get
460 4334 735 4403 sapientia,
760 4331 986 4402 postulet
1005 4344 1034 4383 a
1058 4330 1185 4395 Deo,
1209 4330 1293 4399 qui
1317 4330 1407 4383 dat
1428 4329 1671 4384 omnibus
1692 4329 1914 4384 afﬂuen-

344 4433 448 4489 ter,
480 4433 533 4478 et
556 4439 659 4478 non
683 4424 1033 4492 improperat;
1066 4430 1121 4476 et
1147 4420 1356 4475 dabitur
1375 4420 1440 4474 ei.
1472 4421 1708 4477 Postulet
1734 4430 1910 4476 autem

342 4515 399 4569 in
435 4514 557 4580 ﬁde,
587 4515 716 4568 nihil
748 4514 1015 4568 luesitans.
1047 4511 1145 4578 Qui
1174 4511 1315 4566 enim
1346 4510 1579 4575 harsitat,
1620 4513 1805 4567 similis
1830 4521 1912 4568 est

343 4606 525 4661 ﬂuctui
569 4605 758 4669 maris,
790 4604 877 4674 qui
917 4618 947 4657 a
973 4612 1131 4659 vento
1165 4610 1405 4656 movetttr
1432 4610 1485 4656 et
1521 4603 1907 4659 circumfertur.

339 4698 460 4755 Non
503 4698 645 4753 enim
675 4699 901 4751 :estimet
928 4695 1087 4750 homo
1128 4695 1218 4750 ille
1246 4694 1385 4764 quod
1413 4694 1635 4763 accipiat
1656 4695 1850 4764 aliquid
1878 4712 1909 4752 a

342 4788 588 4846 Domino.
621 4788 712 4842 Vir
754 4787 945 4856 duplex
976 4784 1185 4848 animo,
1228 4786 1533 4838 inconstans
1576 4785 1629 4837 in
1666 4785 1910 4840 omnibus

339 4881 443 4935 viis
470 4879 600 4934 suis.
647 4877 916 4934 Glorietur
953 4883 1128 4929 autem
1168 4873 1331 4928 frater
1371 4872 1585 4927 humilis
1613 4872 1665 4927 in
1705 4874 1909 4928 exalta-

342 4971 486 5024 tione
497 4983 612 5033 sua,
636 4967 782 5022 dives
806 4975 980 5019 autem
1008 4965 1058 5017 in
1083 4963 1375 5017 humilitate
1390 4975 1513 5027 sua;
1538 4963 1784 5032 quoniam
1808 4965 1912 5020 sic-

339 5074 399 5119 ut
427 5064 526 5118 llos
577 5061 684 5115 feni
736 5059 975 5114 transiet.
1007 5057 1235 5110 Exortus
1262 5062 1345 5108 est
1385 5053 1527 5109 enim
1555 5056 1635 5110 sol
1671 5071 1792 5111 cum
1820 5069 1910 5110 ar-

337 5157 503 5219 dore,
535 5161 590 5208 et
613 5151 826 5206 arefccit
869 5148 1068 5209 fenum,
1093 5154 1145 5201 et
1172 5145 1268 5201 llos
1291 5144 1407 5213 ejus
1433 5144 1648 5212 decidit,
1673 5156 1726 5202 et
1748 5146 1912 5202 decor

335 5247 519 5304 vultus
559 5245 674 5316 ejus
711 5242 974 5313 deperiit:
1009 5241 1080 5296 ita
1108 5247 1163 5295 et
1205 5237 1355 5294 dives
1388 5238 1444 5294 in
1497 5240 1771 5296 itineribus
1796 5238 1908 5295 suis

337 5422 771 5487 ohuphémottnles,
808 5419 935 5487 quod
977 5417 1217 5470 nonnullis
1240 5420 1305 5470 ita
1323 5427 1458 5469 sonat
1488 5433 1501 5487 _:
1527 5417 1723 5487 glorias,
1745 5403 1793 5469 id
1814 5430 1908 5482 est,

589 5479 866 5549 ρταξδιςζηιᾷδ
884 5481 1024 5536 viros.
1050 5479 1911 5549 non[verenturimiteiliclis‘appctenQ

337 5540 433 5610 ίεὲς
457 5560 568 5606 seu,
586 5540 855 5610 maledictis
880 5549 1115 5610 appetere:
1140 5547 1308 5610 Canter
1328 5540 1575 5610 Epistolam
1599 5540 1760 5600 ludas,
1778 5559 1821 5592 v.
1858 5546 1907 5606 8,

336 5602 430 5659 ubi
443 5610 494 5657 in
517 5602 712 5670 Vulgata
751 5602 957 5670 legitur":
978 5602 1349 5670 Damnationem
1370 5608 1788 5670 atdem_spermntt,
1811 5602 1909 5655 nmi-

336 5674 555 5719 mtatem
575 5664 730 5731 autem
754 5664 1114 5731 blasphemiae:
1138 5667 1187 5714 in
1208 5676 1368 5728 graeco
1388 5664 1625 5716 verohz'ec
1642 5668 1743 5730 ipsa
1763 5671 1910 5721 verba

334 5738 469 5793 sunt,
489 5733 643 5783 dom
660 5730 721 5779 de
743 5726 1134 5793 uulsi/sumam.

578 5815 803 5879 Sacr.
850 5812 1125 5879 Aususr.
1174 5812 1283 5874 111.

329 5895 371 5902 ..δ

1617 311 1705 369 DE
1741 305 2122 368 SCRIPTURA
2157 307 2399 367 SACRA.

3477 308 3616 365 1034

2040 430 2349 477 marcescet.
2377 417 2568 478 Beatus
2593 420 2676 477 vir
2709 422 2798 495 qui
2844 416 3030 480 suffert
3069 425 3451 499 tentationem;
3486 418 3603 495 quis

2039 519 2160 565 cunt
2215 513 2469 583 probatus
2532 504 2724 577 fuerit,
2768 505 2993 585 accipiet
3058 524 3309 571 cumnam
3373 509 3497 570 vita:
3544 515 3561 547 ²
3587 555 3604 580 ,

2038 610 2195 674 quam
2224 603 2522 674 repromisit
2549 605 2687 660 Deus
2711 604 3047 676 diligentibus
3070 621 3148 663 se.
3182 606 3245 661 Et
3276 617 3387 679 post
3419 606 3607 678 paulu-

2038 682 2185 749 lum:
2211 686 2380 750 Nolite
2405 694 2580 765 itaque
2607 710 2809 761 errare,
2838 696 3025 753 fratres
3051 697 3395 754 dilectissimi.
3438 697 3610 753 Omne

2036 769 2216 839 datum
2235 785 2515 854 optimum,
2540 794 2597 840 et
2619 797 2776 843 omne
2800 786 2995 843 donum
3018 788 3305 859 perfectum
3326 790 3609 847 desursum

2037 880 2139 937 est,
2171 872 2497 929 descendens
2524 890 2552 928 a
2581 874 2735 932 Patre
2755 874 3032 932 luminum.
3057 878 3123 933 Et
3148 884 3257 950 post
3284 898 3471 951 paucos
3490 894 3606 936 ver-

2036 971 2123 1017 sus
2144 962 2356 1030 :Scitis,
2391 964 2579 1022 fratres
2602 966 2708 1022 mei
2730 967 3054 1024 dilectissimi
3083 988 3095 1025 :
3125 970 3206 1026 Sit
3227 981 3404 1027 autem
3431 974 3605 1029 omnis

2038 1051 2199 1107 homo
2223 1055 2375 1109 velox
2399 1056 2463 1110 ad
2490 1055 2803 1115 audiendum
2823 1099 2837 1123 ,
2869 1058 3050 1114 tardus
3075 1062 3141 1115 ad
3162 1062 3483 1131 loquendum
3503 1103 3518 1129 ,
3550 1073 3607 1121 et

2038 1144 2222 1197 tardus
2248 1144 2311 1197 ad
2354 1146 2501 1201 iram.
2538 1146 2619 1202 Ira
2647 1148 2786 1203 enim
2817 1149 2913 1203 viri
2937 1150 3194 1220 justitiam
3219 1152 3313 1207 Dei
3340 1167 3445 1208 non
3474 1168 3604 1224 ope-

2035 1245 2202 1291 ratur.
2236 1237 2457 1308 Pr0pter
2480 1240 2618 1310 quod
2643 1240 2951 1310 abjicientes
2982 1256 3192 1298 omnem
3215 1244 3602 1300 immunditiam

2035 1336 2089 1383 et
2119 1328 2491 1385 abundantiam
2520 1333 2766 1401 malitiaz,
2812 1335 2864 1389 in
2906 1337 3309 1393 mansuetudine
3350 1339 3603 1409 suscipite

2034 1418 2249 1474 insitum
2277 1421 2494 1477 verbum
2514 1464 2527 1488 ,
2564 1423 2701 1493 quod
2727 1434 2897 1494 pctcst
2922 1427 3126 1481 salvare
3150 1427 3353 1483 animas
3375 1437 3599 1485 vestras.

2034 1510 2218 1567 Estote
2243 1521 2417 1566 autem
2444 1510 2671 1569 factores
2692 1515 2856 1582 verbi,
2881 1523 2934 1571 et
2960 1532 3065 1572 non
3084 1517 3352 1574 auditores
3372 1526 3599 1587 tantum,

2035 1597 2276 1660 fallentes
2304 1606 2675 1677 vosmetipsos.
2706 1606 2837 1674 Quia
2861 1608 2906 1662 si
2936 1609 3051 1679 quis
3081 1609 3290 1665 auditor
3318 1620 3400 1666 est
3423 1611 3565 1666 verbi
3583 1651 3601 1677 ,

2031 1702 2087 1748 et
2131 1708 2235 1750 non
2280 1696 2465 1762 factor,
2521 1696 2607 1750 hic
2656 1697 3046 1767 comparabitur
3086 1700 3196 1755 viro
3245 1701 3601 1757 consideranti

2034 1784 2231 1838 vultum
2258 1786 2544 1841 nativitatis
2566 1801 2675 1842 sure
2705 1787 2757 1841 in
2787 1789 3003 1861 speculo
3027 1808 3039 1843 :
3068 1791 3425 1847 consideravit
3451 1793 3596 1847 enim

2031 1884 2121 1939 se,
2168 1883 2219 1929 et
2246 1875 2405 1942 abiit,
2447 1885 2499 1931 et
2526 1878 2701 1931 statim
2741 1878 2932 1933 oblitus
2960 1887 3042 1933 est
3083 1881 3249 1949 qualis
3291 1881 3467 1937 fuerit.
3497 1881 3600 1949 Qui

2030 1971 2207 2017 autem
2233 1966 2561 2034 perSpexerit
2578 1966 2631 2020 in
2648 1967 2763 2037 lege
2787 1967 3030 2036 perfecta:
3052 1969 3306 2025 libertatis
3324 1971 3367 2035 ³,
3395 1980 3449 2026 et
3474 1986 3599 2042 per-

2031 2054 2283 2108 manserit
2322 2055 2372 2108 in
2399 2070 2495 2119 ea,
2543 2069 2645 2111 non
2685 2058 2893 2113 auditor
2927 2058 3215 2115 obliviosus
3256 2062 3457 2128 factus,
3502 2062 3599 2117 sed

2030 2141 2200 2197 factor
2224 2143 2418 2213 operis,
2448 2144 2534 2199 hic
2554 2145 2738 2201 beatus
2764 2147 2816 2201 in
2843 2148 2981 2203 facto
3006 2163 3103 2203 suo
3130 2150 3250 2204 erit.
3278 2150 3336 2206 Si
3359 2152 3478 2221 quis
3505 2165 3603 2205 au-

2030 2240 2135 2289 tem
2166 2242 2314 2304 putat
2336 2248 2394 2290 se
2416 2234 2721 2306 religiosum
2751 2251 2901 2304 esse,
2932 2252 3037 2293 non
3063 2237 3338 2295 refrenans
3365 2242 3601 2311 linguam

2027 2337 2199 2390 suam,
2226 2325 2321 2380 sed
2347 2326 2603 2383 seduccus
2627 2342 2720 2383 cor
2743 2342 2915 2394 suum,
2942 2329 3099 2400 hujus
3119 2345 3253 2385 vana
3278 2339 3361 2387 est
3389 2332 3600 2404 religio.

2028 2416 2233 2488 Religio
2256 2417 2449 2475 munda
2476 2429 2531 2475 et
2568 2420 2899 2476 immaculata
2929 2421 3067 2493 apud
3096 2423 3263 2479 Deum
3290 2430 3345 2479 et
3387 2422 3599 2481 Patrem

2029 2504 2142 2562 tunc
2178 2518 2260 2562 est
2303 2509 2559 2565 :visitare
2606 2512 2832 2580 pupillos
2870 2520 2923 2567 et
2948 2513 3129 2566 viduas
3182 2513 3232 2568 in
3262 2513 3599 2570 tribulatione

2026 2611 2231 2675 eorum,
2257 2606 2311 2654 et
2332 2599 2720 2655 immaculatum
2742 2617 2801 2656 se
2831 2603 3097 2659 custodire
3124 2605 3192 2663 ab
3218 2604 3320 2660 hoc
3344 2608 3560 2662 steculo.

2097 2687 2208 2762 [11.]
2236 2690 2446 2746 Fratres
2475 2692 2599 2755 mei,
2634 2693 2800 2748 nolite
2836 2695 2887 2748 in
2913 2708 3260 2765 personarum
3291 2698 3599 2769 acceptione

2026 2781 2219 2837 habere
2263 2783 2418 2838 ﬁdem
2447 2784 2649 2838 Domini
2691 2786 2857 2840 nostri
2898 2787 3023 2843 Jcsn
3058 2787 3255 2844 Christi
3283 2790 3484 2859 gloriae.
3523 2790 3596 2846 Et

2024 2884 2136 2943 post
2160 2873 2355 2943 aliquos
2389 2890 2556 2928 versus
2584 2891 2602 2929 :
2631 2875 2841 2944 Audite,
2873 2877 3059 2933 fratres
3087 2880 3189 2935 mei
3223 2880 3551 2938 dilectissimi
3579 2901 3595 2939 :

2022 2978 2200 3019 nonne
2226 2964 2364 3018 Deus
2388 2964 2546 3035 elegit
2583 2981 2838 3036 pauperes
2865 2967 2917 3021 in
2958 2969 3056 3024 hoc
3077 2971 3293 3036 mundo,
3324 2972 3516 3028 divites
3544 2972 3598 3029 in

2024 3053 2148 3121 ﬁde,
2178 3062 2231 3108 et
2256 3053 2492 3111 lneredes
2520 3059 2668 3127 regni
2706 3057 2846 3128 quod
2874 3061 3176 3128 repromisit
3205 3062 3343 3118 Deus
3371 3063 3596 3135 diligens

2023 3146 2164 3201 tibus
2205 3147 2298 3202 se?
2337 3147 2443 3202 Vos
2467 3156 2641 3203 autem
2679 3148 3044 3204 exhonorastis
3075 3167 3377 3222 pauperem.
3410 3155 3597 3211 Nonne

2021 3236 2211 3292 divites
2240 3252 2332 3307 per
2357 3239 2642 3306 potentiam
2685 3240 2988 3310 opprimunt
3011 3256 3107 3297 vos
3126 3282 3141 3309 ,
3172 3251 3226 3297 et
3258 3244 3354 3313 ipsi
3384 3245 3598 3301 trahunt

2021 3342 2116 3382 vos
2156 3328 2221 3383 ad
2247 3328 2480 3397 judicia?
2510 3329 2690 3384 Nonne
2720 3331 2817 3400 ipsi
2850 3330 3219 3401 blasphemant
3259 3333 3455 3389 bonum
3491 3351 3594 3391 no-

2020 3433 2161 3482 men,
2190 3418 2330 3488 quod
2357 3420 2651 3473 invocatum
2681 3428 2763 3475 est
2787 3436 2947 3490 super
2974 3422 3106 3477 vos?
3131 3423 3188 3480 Si
3220 3434 3392 3480 tamen
3423 3426 3592 3496 legent

2022 3509 2273 3579 perlicitis
2302 3510 2528 3580 regalem
2569 3511 2857 3565 secundum
2886 3511 3205 3582 Scriptores,
3242 3515 3437 3587 Diliges
3464 3532 3594 3588 pro-

2020 3600 2220 3654 ximum
2250 3608 2396 3654 tuum
2435 3601 2570 3655 sicut
2609 3602 2865 3672 teipsum,
2914 3603 3049 3659 bene
3084 3604 3273 3660 facitis.
3318 3606 3375 3663 Si
3415 3617 3594 3664 autent

2020 3706 2276 3762 personas
2312 3693 2581 3763 accipitis,
2609 3703 2881 3763 peccatum
2912 3697 3223 3764 Operamini,
3267 3697 3533 3770 redarguti
3564 3716 3596 3755 a

2019 3784 2136 3855 lege
2171 3785 2318 3857 quasi
2345 3793 2783 3855 transgressores.
2816 3785 2883 3840 Et
2919 3798 3029 3858 post
3056 3804 3239 3857 paucos
3263 3805 3433 3845 verm
3457 3806 3476 3846 :
3500 3791 3597 3848 Ju-

2018 3875 2213 3930 dicium
2256 3876 2397 3930 enim
2432 3875 2548 3930 sine
2577 3875 2937 3932 misericordia
2981 3877 3053 3932 illi
3078 3879 3165 3949 qui
3198 3894 3302 3934 non
3331 3878 3460 3936 fecit
3491 3884 3594 3937 mi-

2018 3965 2377 4022 sericordiam.
2408 3964 2808 4037 Superexsultat
2840 3976 3018 4023 autem
3060 3969 3423 4026 misericordia
3445 3972 3595 4043 judi-

2015 4057 2100 4112 cio
2127 4056 2168 4111 ³.

2087 4145 2155 4200 Et
2179 4155 2288 4217 post
2308 4146 2619 4218 aliquantum
2632 4145 2756 4221 [111.]
2776 4166 2790 4200 :
2809 4148 2980 4206 Nolite
3001 4150 3175 4220 plures
3195 4152 3432 4222 magistri
3456 4153 3590 4223 ﬁeri,

2017 4238 2206 4294 fratres
2230 4240 2355 4305 mei,
2378 4241 2609 4295 scientes
2627 4242 2875 4310 quoniam
2896 4242 3066 4312 majus
3085 4243 3341 4313 judicium
3360 4247 3590 4302 sumitis.

2016 4328 2077 4384 In
2107 4331 2286 4385 multis
2312 4332 2455 4386 enim
2500 4330 2817 4387 offendimus
2856 4347 3060 4387 omnes.
3106 4335 3162 4389 Si
3192 4336 3310 4405 quis
3344 4338 3398 4392 in
3426 4338 3593 4394 verbo

2016 4434 2123 4475 non
2168 4419 2420 4484 offendit,
2461 4420 2547 4475 hic
2592 4420 2851 4489 perfectus
2897 4430 2979 4476 est
3026 4423 3122 4477 vir.
3168 4425 3350 4482 Potest
3387 4427 3592 4483 ctiam‘

2016 4509 2170 4565 freno
2193 4510 2589 4566 circumducere
2627 4520 2794 4565 totum
2826 4526 3036 4582 corpus.
3068 4513 3257 4570 Erotio
3287 4517 3396 4573 loco
3415 4532 3435 4573 .'
3458 4519 3589 4576 Lin-

2012 4616 2171 4673 gnam
2198 4612 2373 4655 autem
2402 4601 2577 4656 nullus
2598 4601 2869 4657 hominum
2895 4604 3114 4661 domare
3138 4615 3311 4677 potest
3339 4626 3354 4664 :
3385 4608 3592 4683 inquie-

1976 4797 2193 4875 Iuhtusic
2211 4804 2317 4846 Mss.
2340 4808 2451 4846 cum
2482 4799 2631 4848 sua-is
2650 4796 2828 4850 Bibliis.
2854 4804 2912 4851 At
2931 4800 3050 4852 editi
3089 4803 3363 4870 habebant,
3386 4808 3593 4875 accipiet

2078 4923 2099 4991 ξ
2120 4920 2444 4991 ωηιξωηδῑξ-
2446 4920 2618 4991 codex,
2633 4920 2683 4971 in
2705 4918 2807 4985 lege
2822 4920 3090 4991 perfectam
3104 4921 3383 4991 libertatem.
3414 4937 3469 4981 At
3482 4932 3591 4980 Vul-

2014 4988 2133 5095 g:
2148 4983 2306 5052 versio
2343 4981 2636 5045 suffragante
2670 4981 2831 5047 graeco
2871 4981 3123 5058 habet,_t'n
3144 4986 3297 5051 legem
3327 4993 3591 5055 perfectam

2135 5049 2261 5093 laus.
2286 5050 2382 5093 Hoc
2404 5043 2578 5094 eodem
2602 5059 2747 5095 versu
2771 5046 3015 5095 particula:
3051 5062 3204 5095 mea.
3238 5058 3347 5095 post
3383 5056 3587 5095 tim-1mm

2041 5041 2261 5095 ibertatis.
2286 5050 2382 5117 {ioc
2404 5039 2747 5117 versu
2768 5046 3015 5117 particula:
3368 5039 3590 5104 ieiunii

2014 5105 2346 5170 permanserit,
2382 5114 2478 5154 non
2507 5106 2742 5158 adduntur
2767 5105 2815 5156 in
2838 5109 2982 5157 editis
3019 5116 3119 5159 Am.
3147 5105 3201 5161 et
3228 5105 3322 5174 Ern,
3343 5124 3507 5177 neque
3541 5118 3590 5165 in

2074 5179 2191 5216 meo.
2672 5184 2675 5189 .

2351 5241 2480 5278 nunc
2497 5239 2510 5276 :
2526 5229 2876 5302 supereawq
2899 5236 3058 5283 autem
3090 5228 3421 5302 misericordia
3444 5235 3590 5302 judi-

2015 5287 2372 5363 ςίιιῃιεοᾱὶίςθξ
2388 5303 2505 5363 vero
2519 5287 2668 5363 [hujus
2698 5290 2899 5353 Speculi,
2915 5306 3104 5363 necnon
3125 5298 3260 5344 Corb.
3294 5287 3587 5363 Biblia'loco,

2004 5352 2265 5424 judicitqn,
2290 5352 2487 5424 habent,
2497 5352 2687 5424 judicio
2700 5365 2719 5413 ;
2742 5366 2834 5424 nec
2856 5354 2999 5424 male,
3022 5356 3061 5405 si
3078 5355 3266 5424 legatur
3287 5352 3591 5424 supererant;

2014 5413 2106 5483 tat],
2141 5414 2209 5462 uti
2232 5413 2405 5483 passim
2423 5414 2477 5483 in
2499 5413 2607 5483 aliis
2640 5422 2835 5483 August.
2874 5415 3034 5483 libris;
3071 5413 3209 5483 juita
3231 5413 3470 5483 graecum,
3509 5420 3589 5472 kat

2387 5472 2511 5528 cleo:
2533 5472 2732 5527 criseos:
2753 5485 2893 5526 Porro
2912 5479 2959 5525 iu
2983 5472 3055 5527 Er.
3071 5472 3284 5530 habetur
3305 5482 3401 5542 hic,
3423 5472 3589 5545 super-

2015 5550 2218 5587 exsultet
2224 5572 2235 5583 .

2078 5600 2099 5630 δ
2118 5598 2253 5657 Editi,
2276 5602 2424 5666 potest
2606 5606 2662 5666 At
2684 5606 2786 5666 ayss.
2802 5599 2939 5666 juxta
2963 5599 3225 5666 vulgatam,
3260 5609 3408 5666 potest
3423 5608 3585 5655 etram.

2014 5671 2065 5713 to
2088 5672 2244 5730 31‘ch
2266 5666 2358 5730 est,
2383 5660 2583 5730 armatos
2605 5659 2981 5730 chalutagogésai
3013 5659 3093 5712 Iuli
3114 5659 3321 5716 Ιιοιοηίὸ
3339 5666 3471 5719 roma
3497 5681 3515 5718 .'
3537 5667 3586 5718 id

2018 5720 2113 5786 est;
2136 5729 2294 5774 volens
2315 5720 2449 5782 freno
2469 5722 2712 5773 moderari
2727 5729 2772 5773 et
2792 5720 2938 5773 iotiun
2951 5737 3138 5786 corpus.

2832 5808 3360 5891 (Treenta-troia}
