4082 6530
472 380 610 438 1033

469 501 582 549 tum
610 490 832 560 malum,
864 490 1017 562 plena
1047 502 1250 544 veneno
1278 485 1567 541 mortifero.
1595 471 1795 555 lu'ipsa
1829 481 2048 539 benedi-

467 585 640 651 cimus
670 584 836 640 Deum
865 591 920 638 et
938 582 1171 649 Patrem,
1199 588 1254 635 et
1279 579 1331 634 in
1353 579 1465 647 ipsa
1495 576 1856 632 maledicimus
1879 576 2050 630 homi—

469 692 588 743 nes,
617 677 705 746 qui
735 676 802 731 ad
830 672 1227 730 similitudinem
1252 671 1347 726 Dei
1377 670 1499 725 facti
1524 678 1668 725 sunt.
1700 669 1777 724 Ex
1805 668 1919 739 ipso
1956 683 2049 724 ore

467 767 709 837 procedit
735 764 1054 831 benedictio,
1084 772 1138 820 et
1161 761 1481 819 maledictio.
1510 761 1625 816 Non
1662 770 1907 849 oportet,
1936 758 2045 813 fra-

467 869 579 917 tres
617 860 750 925 mei,
787 859 903 913 haec
943 858 1012 912 ita
1042 856 1179 911 ﬁeri.
1218 854 1283 909 Et
1314 864 1426 927 post
1462 870 1648 924 paucos
1686 869 1852 908 versus
1874 868 1892 905 :
1919 851 2047 919 Quis

465 952 678 1022 sapiens
702 960 755 1005 et
792 948 1158 1021 disciplinatus
1194 946 1331 1001 inter
1368 960 1496 1013 vos,
1529 944 1774 1001 ostendat
1814 958 1879 998 ex
1908 942 2046 998 bona

465 1042 867 1098 conversatione
909 1055 1126 1110 operam
1167 1053 1315 1094 suam
1359 1040 1375 1070 ί
1420 1038 1470 1092 ἰη
1515 1036 1917 1093 mansuetudine
1954 1052 2045 1092 sa-

460 1136 714 1208 pientiai?
740 1134 892 1203 Quod
920 1135 965 1190 si
1004 1134 1176 1189 zelum
1214 1147 1451 1187 amarum
1495 1130 1721 1198 habetis,
1747 1138 1803 1187 et
1822 1139 2045 1186 conten-

461 1227 635 1283 tiones
681 1234 809 1281 sunt
862 1226 917 1280 in
960 1223 1210 1280 cordibus
1252 1224 1474 1285 vestris;
1523 1222 1687 1277 nolite
1732 1221 1945 1292 gloriari
1991 1228 2046 1276 et

459 1318 745 1375 mendaces
777 1330 900 1374 esse
932 1316 1188 1372 adversus
1216 1315 1510 1370 veritatem.
1539 1312 1656 1368 Non
1697 1320 1780 1368 est
1817 1312 1914 1367 ista
1954 1325 2042 1367 sa-

458 1410 658 1481 pientia
684 1409 967 1465 desursum
992 1406 1344 1472 descendens,
1381 1405 1473 1467 sed
1503 1414 1736 1469 terrena,
1775 1402 2039 1471 animalis,

458 1500 855 1559 diabolica.Ubi
880 1501 1021 1557 enim
1043 1500 1192 1555 zelus
1210 1506 1264 1554 et
1282 1497 1574 1564 contentio,
1601 1497 1670 1553 ibi
1692 1496 2043 1553 inconstantia

454 1601 511 1649 et
542 1607 700 1649 omne
724 1607 860 1664 opus
892 1606 1137 1662 pravum.
1165 1589 1295 1658 Quae
1331 1597 1508 1644 autem
1534 1587 1813 1644 desursum
1842 1595 1925 1642 est
1953 1602 2040 1641 sa-

454 1684 675 1756 pientia,
700 1685 934 1754 primum
960 1680 1173 1753 quidem
1206 1680 1396 1751 pudica
1433 1688 1543 1746 est,
1578 1678 1769 1735 deinde
1801 1676 2037 1747 paciﬁca,

455 1774 692 1830 modesta
710 1814 728 1842 ,
753 1773 1043 1838 suadibilis,
1064 1772 1219 1827 bonis
1245 1769 1582 1826 consentiens
1599 1811 1616 1836 ,
1649 1769 1802 1840 plena
1826 1768 2039 1824 miseri-

452 1865 640 1922 cordia
662 1873 717 1920 et
736 1863 993 1921 fructibus
1012 1862 1186 1927 bonis,
1209 1862 1503 1933 dijudicans
1518 1862 1635 1917 sine
1649 1861 2037 1917 simulatione’.

453 1956 684 2013 Fructus
708 1964 889 2013 autem
910 1953 1134 2027 justitia:
1160 1954 1217 2008 in
1245 1967 1376 2024 pace
1408 1953 1700 2011 seminatur
1726 1951 2040 2009 facientibus

450 2061 659 2118 pacem.

524 2137 644 2211 [tv.]
668 2137 821 2197 Unde
848 2137 987 2194 bella
1009 2145 1065 2195 et.
1090 2138 1212 2194 lites
1233 2137 1289 2193 in
1304 2137 1506 2195 vobis?
1532 2136 1720 2193 Nonne
1747 2151 1818 2193 ex
1840 2151 2040 2205 concu-

443 2229 725 2299 piscentiis
783 2230 978 2286 vestris
1015 2268 1031 2297 ,
1083 2244 1205 2300 qua:
1252 2228 1483 2284 militant
1529 2229 1584 2285 in
1638 2227 1893 2286 membris
1946 2245 2038 2284 ve-

449 2321 614 2378 stris?
654 2320 789 2377 llem
824 2332 935 2392 post
979 2337 1167 2392 paucos
1212 2336 1381 2377 versus
1410 2338 1429 2376 :
1460 2321 1647 2377 Petitis
1670 2362 1686 2388 ,
1708 2331 1765 2378 et
1790 2336 1894 2378 non
1939 2336 2035 2377 ac-

447 2410 658 2480 cipitis,
694 2424 771 2467 eo
808 2409 952 2481 quod
1006 2410 1147 2468 male
1195 2412 1422 2480 petatis,
1468 2419 1526 2467 ut
1560 2413 1614 2466 in
1657 2412 2038 2482 concupiscen-

445 2499 539 2556 tiis
573 2500 768 2557 vestris
810 2499 1109 2559 iusumatis.
1157 2500 1395 2557 Adulteri
1419 2539 1436 2567 ,
1483 2502 1698 2558 nescitis
1738 2503 1863 2573 quia
1903 2503 2040 2583 alni-

444 2590 573 2647 uitia
602 2590 760 2662 hujus
797 2590 980 2647 mundi
1022 2590 1236 2647 inimica
1264 2599 1345 2647 est
1379 2589 1517 2646 Dei?
1548 2590 1879 2662 Quicumque
1905 2608 2035 2664 ergo

444 2684 675 2740 voluerit
695 2686 898 2741 amicus
928 2699 1049 2742 esse
1088 2684 1247 2755 hujus
1273 2685 1472 2757 saeculi,
1503 2685 1749 2742 inimicus
1777 2685 1872 2742 Dei
1893 2700 2033 2742 con-

445 2777 698 2844 stituitur,
725 2775 795 2831 Et
821 2777 975 2848 paulo
1001 2786 1112 2848 post
1137 2793 1156 2832 :
1175 2777 1398 2847 Propter
1421 2776 1566 2848 quod
1585 2776 1713 2833 dicit
1737 2796 1749 2832 :
1776 2778 1917 2833 Deus
1944 2792 2037 2849 su—_

446 2871 626 2939 pet-bis
653 2871 887 2938 resistit,
915 2870 1206 2926 humilibus
1230 2879 1407 2926 autem
1433 2870 1525 2925 det
1550 2872 1796 2941 gratiam.
1823 2871 2032 2928 Subditi

444 2977 573 3032 ergo
597 2970 770 3019 estote
794 2963 906 3019 Deo
942 2980 956 3016 :
987 2963 1220 3019 resistite
1245 2971 1422 3018 autem
1465 2962 1698 3031 diabolo,
1728 2975 1783 3020 et
1810 2963 1975 3036 fugiet
1999 2981 2033 3022 a

442 3052 614 3108 vobis.
651 3052 1087 3123 Appropinquate
1114 3062 1290 3110 autem
1324 3054 1466 3122 Deo,
1496 3062 1552 3110 et
1589 3055 2033 3126 appropinquabit

437 3144 611 3202 vobis.
657 3144 953 3201 Emundate
998 3160 1185 3202 manus
1208 3187 1227 3214 ,
1271 3155 1605 3217 peccatores;
1655 3158 1711 3209 et
1757 3147 2035 3219 purificate

428 3236 629 3303 corda,
659 3234 899 3306 duplices
934 3236 1133 3293 animo.
1171 3237 1348 3295 Miseri
1387 3247 1561 3295 estote
1583 3279 1597 3305 ,
1641 3247 1697 3297 et
1726 3239 1935 3311 lugete,
1974 3249 2033 3299 et

439 3327 666 3398 plorate.
708 3328 867 3384 Risus
894 3337 1074 3385 vester
1097 3336 1437 3386 convertatur
1474 3330 1528 3386 in
1567 3331 1786 3398 luctum,
1814 3340 1869 3387 et
1893 3348 2029 3403 gau-

438 3420 583 3478 dium
610 3422 664 3477 in
686 3435 994 3479 mererem.
1020 3422 1380 3478 Humiliamini
1402 3422 1456 3479 in
1481 3432 1768 3493 conspectu
1794 3424 2025 3492 Domini,

434 3521 496 3568 et
519 3511 775 3567 exaltabit
792 3527 905 3568 vos.
937 3511 1113 3568 Nolite
1136 3512 1421 3570 detrahere
1447 3513 1782 3579 alterutrum,
1814 3513 2024 3571 fratres.

436 3600 510 3658 Et
536 3612 650 3673 post
688 3620 875 3674 paucos
902 3619 1114 3660 mm:
1149 3604 1295 3660 Unus
1330 3605 1715 3676 esthgislator
1738 3614 1794 3663 et
1826 3606 2024 3676 judex,

440 3695 530 3767 qui
559 3703 738 3767 potest
761 3695 987 3766 perdere
1014 3704 1070 3752 et
1093 3696 1340 3754 liberare.
1373 3696 1452 3753 Tu
1476 3704 1655 3754 autem
1679 3697 1798 3768 quis
1826 3712 1908 3765 es,
1933 3698 2029 3769 qui

435 3785 643 3856 iudicas
670 3786 1009 3857 proximum?
1037 3787 1178 3843 Ecce
1205 3801 1346 3844 nunc
1366 3787 1459 3859 qui
1490 3788 1686 3858 dicitis,
1734 3788 1902 3846 Hodie
1924 3797 2028 3861 aut

439 3878 673 3932 crastino
691 3878 883 3935 ibimus
904 3880 958 3935 in
977 3879 1243 3936 civitatem
1264 3879 1431 3947 illam,
1457 3892 1511 3937 et
1540 3880 1796 3938 faciemus
1815 3882 1886 3938 ibi
1908 3884 2027 3953 qui-

423 3968 556 4026 dem
584 3984 803 4036 annum,
834 3980 890 4027 et
906 3971 1283 4040 mercabimur,
1307 3981 1363 4027 et
1388 3972 1591 4029 lucrum
1610 3973 1902 4039 faciemus;
1930 3974 2025 4045 qui

432 4060 690 4131 ignoratis
725 4061 851 4132 quid
879 4062 984 4118 erit
1008 4062 1061 4137 in
1087 4063 1376 4118 crastinum
1403 4063 1445 4119 ⁸.
1476 4064 1607 4132 Quae
1630 4074 1713 4121 est
1750 4065 1893 4125 enim
1914 4068 2029 4125 vita.

434 4151 648 4207 vestra?
678 4152 853 4222 Vapor
894 4162 979 4209 est
1009 4153 1076 4209 ad
1103 4155 1368 4211 modicum
1390 4170 1621 4226 parens;
1652 4156 1904 4229 deinceps
1928 4173 2021 4215 ex-

434 4242 822 4299 terminabitur.
850 4244 955 4300 Pro
975 4260 1042 4301 eo
1062 4256 1121 4300 ut
1138 4246 1326 4301 dicatis
1357 4264 1374 4300 :
1399 4246 1455 4301 Si
1481 4247 1736 4304 Dominus
1758 4249 2014 4319 voluerit;

427 4342 506 4399 et,
540 4334 599 4391 Si
625 4336 933 4402 vixerimus,
964 4336 1220 4393 faciemus
1244 4338 1347 4394 hoc
1372 4347 1464 4394 aut
1487 4339 1636 4396 illud.
1662 4340 1815 4397 Nunc
1837 4352 2023 4401 autem

429 4427 709 4483 exsultatis
736 4429 790 4483 in
814 4430 1077 4500 superbiis
1114 4432 1305 4486 vestris
1332 4450 1346 4484 :
1375 4432 1551 4488 omnis
1589 4435 1873 4490 exsultatio
1896 4437 2021 4494 talis

429 4520 657 4590 maligna
682 4529 784 4576 est.
814 4521 1015 4577 Scienti
1041 4522 1199 4593 igitur
1239 4523 1436 4578 bonum
1466 4521 1674 4592 facere,
1713 4538 1771 4582 et
1794 4541 1903 4583 non
1930 4527 2014 4583 fa-

427 4609 610 4678 cienti,
638 4620 912 4680 peccatum
937 4620 1020 4668 est
1043 4613 1136 4667 illi.

502 4700 602 4775 [v.]
633 4702 786 4772 Agite
812 4718 972 4771 nunc,
1012 4703 1235 4772 divites,
1268 4707 1470 4777 plorate
1515 4708 1782 4765 ululantes
1833 4710 1885 4765 in
1914 4712 2015 4768 mi-

427 4793 590 4849 seriis
608 4808 728 4864 qua:
756 4793 1039 4851 advenient
1061 4796 1234 4852 vobis.
1257 4797 1462 4855 Divitias
1487 4808 1680 4857 vestra:
1704 4802 2012 4872 putrefactas

426 4897 566 4954 sunt,
599 4896 652 4944 et
680 4890 990 4946 vestimenta
1021 4899 1195 4947 vestra
1220 4906 1250 4947 a
1289 4892 1446 4950 tineis
1468 4906 1701 4952 eomesta
1728 4906 1871 4954 sunt.
1905 4898 2013 4953 Au-

425 4993 544 5034 rum
564 4988 621 5036 et
641 4993 920 5052 argentum
943 4991 1178 5040 vestrum
1199 4986 1529 5057 aeruginavit,
1551 4998 1606 5043 et
1622 5006 1803 5062 aerugo
1817 5007 2010 5048 eorum

429 5070 482 5125 in
514 5073 876 5131 testimonium
916 5076 1069 5133 vobis
1094 5077 1216 5144 erit,
1252 5085 1309 5133 et
1338 5078 1672 5136 manducabit
1705 5097 1893 5139 carnes
1919 5099 2011 5140 ve-

424 5172 562 5218 stras
581 5164 719 5220 sicut
744 5165 901 5237 ignis.
928 5166 1352 5224 Thesaurizastis
1374 5170 1523 5225 vobis
1550 5170 1682 5226 iram
1708 5171 1761 5227 in
1786 5176 2012 5230 novissi-

423 5251 529 5307 mis
555 5239 743 5311 diebus
767 5254 809 5308 ⁸.
842 5256 978 5313 Ecce
1011 5272 1219 5315 merces
1247 5260 1608 5330 operariorum
1637 5262 1729 5334 qui
1768 5278 2009 5320 messae-

482 5726 707 5800 ‘_uegius
741 5736 822 5779 Ms.
847 5735 901 5778 et
924 5728 1062 5800 _Fditi
1086 5736 1185 5781 Am.
1219 5737 1293 5782 Et.
1316 5734 1541 5783 omittunt
1562 5733 1688 5785 vetns
1711 5733 1836 5785 iram
1858 5747 1875 5785 :
1898 5749 2007 5800 (mae

418 5788 569 5837 verba
589 5788 636 5840 et
661 5803 873 5875 {greco
893 5792 1083 5871 absunt.

1676 373 1731 429 S.
1776 364 2132 445 AUGUSTI.“
2172 369 2529 430 SPECULUM

3563 391 3566 394 ’
3597 385 3739 444 5056

2154 491 2277 537 runt
2304 476 2549 555 regiones
2577 492 2799 553 vestras,
2831 487 2920 559 qui
2952 485 3185 546 fraudati
3225 492 3349 548 sunt
3374 478 3600 552 "advehis
3626 498 3745 556 etr-

2152 568 2298 630 mant
2330 576 2381 643 ¹;
2420 585 2472 631 et
2512 578 2715 634 clamor
2738 578 2972 650 ipsorum
3011 580 3067 636 in
3100 594 3257 638 aures
3283 583 3497 641 Domini
3521 586 3747 645 sabaotit

2153 660 2372 718 introiit.
2392 663 2601 735 Epulati
2631 668 2759 723 estis
2778 682 2939 738 super
2965 678 3180 738 terram,
3202 680 3257 727 et
3278 671 3330 727 in
3360 673 3584 733 luxnriis
3613 672 3749 733 enni

2152 752 2321 809 tristis
2341 755 2502 810 corda
2533 766 2725 813 vestra.
2756 757 2813 813 In
2839 759 2926 816 die
2951 761 3237 819 occisionis
3261 764 3558 823 adduxistis
3578 770 3622 836 ',
3649 774 3747 826 σοι

2150 846 2353 903 cidistis
2375 847 2600 919 justum,
2638 858 2693 906 et
2719 865 2827 907 non
2856 853 3052 909 restitit
3082 854 3252 912 vobis.
3290 856 3558 916 Patientes
3587 861 3751 933 igitur

2151 948 2344 1007 estote,
2376 939 2588 1007 fratres,
2618 958 2787 1015 usque
2826 945 2893 1000 ad
2920 946 3205 1003 adventum
3234 947 3464 1007 Domini.
3492 951 3563 1007 Et
3588 953 3749 1024 paulo

2151 1040 2263 1100 post
2294 1048 2312 1086 :
2345 1031 2615 1089 Patientes
2656 1042 2827 1091 estote
2869 1044 2923 1091 et
2955 1052 3071 1105 vos,
3109 1040 3421 1097 conlirmate
3461 1044 3623 1099 corda
3654 1061 3749 1101 ve-

2148 1130 2255 1175 stra
2274 1139 2288 1188 ;
2306 1124 2557 1193 quoniam
2583 1124 2841 1182 adventus
2861 1127 3069 1184 Domini
3094 1133 3552 1205 appropinquavit.
3568 1136 3749 1193 Nolite

2148 1213 2517 1284 ingemiscere,
2539 1216 2752 1287 fratres,
2776 1219 2828 1275 in
2850 1220 3185 1291 alterutrum,
3208 1232 3267 1279 ut
3285 1241 3390 1281 non
3405 1226 3743 1297 judicemini.

2147 1300 2217 1357 Et
2245 1303 2347 1358 alio
2376 1304 2486 1360 loco
2522 1322 2541 1360 :
2571 1309 2708 1363 Ante
2747 1309 2925 1364 omnia
2954 1315 3152 1379 autem,
3184 1311 3378 1371 fratres
3403 1318 3544 1385 mei,
3575 1319 3747 1376 nelite

2140 1394 2353 1465 jurare,
2389 1414 2562 1468 neque
2598 1416 2692 1471 per
2718 1402 2910 1457 coelum
2931 1444 2945 1467 ,
2978 1419 3148 1475 neque
3174 1420 3270 1476 per
3302 1418 3498 1465 terram
3518 1452 3533 1477 ,
3566 1427 3745 1482 neque

2144 1489 2284 1545 aliud
2312 1491 2686 1563 quodcumque
2710 1493 3070 1564 juramentum
3104 1516 3117 1553 :
3149 1498 3219 1553 sit
3243 1509 3420 1556 autem
3441 1517 3620 1558 sermo
3648 1514 3744 1560 ve:

2145 1588 2274 1648 ster,
2307 1581 2400 1637 Est
2426 1592 2537 1649 est,
2561 1583 2674 1639 Non
2704 1601 2844 1652 non;
2877 1596 2934 1641 ut
2967 1602 3073 1643 non
3111 1589 3430 1660 subjudicio
3457 1593 3741 1651 decidatis.

2145 1669 2411 1728 Tristatur
2448 1674 2641 1744 aliquis
2686 1676 2958 1732 vestrum?
2997 1687 3115 1735 oret
3150 1697 3165 1734 :
3206 1693 3364 1753 :equo‘
3396 1686 3576 1742 animo
3620 1691 3744 1744 est?

2144 1763 2356 1832 psallat.
2389 1764 2689 1822 lnlirmatur
2716 1768 2836 1837 quis
2861 1769 2915 1823 in
2942 1769 3133 1826 vobis?
3158 1772 3372 1831 inducat
3396 1778 3743 1850 presbyteros

2145 1852 2418 1922 Ecclesiae,
2461 1865 2514 1912 et
2539 1866 2694 1914 orent
2718 1874 2880 1930 super
2903 1875 3047 1931 eum,
3081 1874 3340 1935 ungentes
3373 1884 3495 1924 eum
3534 1872 3657 1927 oleo
3683 1874 3742 1929 in

2143 1945 2362 2000 nomine
2400 1946 2610 2003 Domini
2639 1966 2653 2003 :
2685 1957 2740 2005 et
2765 1952 2934 2007 oratio
2964 1952 3086 2009 fidei
3113 1956 3338 2012 salvabit
3363 1959 3651 2029 infirmum,
3683 1970 3743 2020 et

2143 2033 2391 2090 allevabit
2420 2036 2441 2067 ³
2465 2051 2587 2092 eum
2616 2037 2908 2107 Dominus;
2938 2049 2992 2097 et
3018 2043 3064 2098 si
3090 2044 3142 2099 in
3174 2048 3405 2116 peccatis
3430 2049 3521 2116 sit,
3553 2053 3741 2109 remit-

2145 2134 2323 2182 tcntur
2340 2128 2409 2182 ei.
2439 2127 2779 2186 Conﬁtemini
2800 2147 2928 2205 ergo
2952 2135 3267 2193 alterutrum
3296 2149 3509 2209 peccata
3534 2140 3737 2214 vestra,

2136 2228 2197 2273 et
2222 2227 2370 2273 orate
2388 2233 2487 2291 pro
2512 2219 2761 2290 invicem,
2784 2232 2844 2279 ut
2867 2226 3165 2282 salvemini.
3190 2227 3410 2286 Multum
3429 2226 3572 2291 enim
3586 2226 3742 2295 valet

2141 2308 2445 2382 deprecatio
2477 2312 2611 2383 justi
2637 2314 2873 2372 assidua.
2900 2314 2974 2371 Et
3000 2327 3114 2389 post
3140 2321 3333 2393 aliquot
3357 2310 3575 2382 uersus:
3604 2312 3743 2385 Fra-
3795 2389 3801 2393 _

2143 2410 2251 2459 tres
2273 2405 2398 2471 mei,
2431 2406 2476 2461 si
2505 2406 2627 2478 quis
2653 2423 2718 2463 ex
2745 2409 2898 2466 vobis
2920 2413 3183 2469 erraverit
3205 2429 3236 2469 a
3264 2402 3509 2487 veritate,
3534 2426 3590 2475 et
3608 2424 3743 2478 con:-

2138 2495 2359 2551 vcrterit
2392 2496 2514 2567 quis
2550 2513 2673 2554 eum
2701 2541 2716 2566 ,
2745 2500 2884 2557 scire
2908 2500 3070 2558 debet
3107 2506 3357 2574 quoniam
3382 2506 3471 2578 qui
3496 2496 3742 2567 converti

2137 2585 2327 2653 fecerit
2348 2595 2694 2656 ,peccatorem
2729 2589 2798 2646 ab
2834 2605 3019 2649 errore
3046 2594 3148 2649 vite
3174 2609 3286 2651 suae
3307 2639 3324 2663 ,
3369 2599 3594 2657 salvabit
3619 2590 3742 2658 ani-

2138 2690 2280 2731 mam
2308 2678 2426 2748 ejus
2451 2693 2484 2732 a
2514 2686 2686 2736 morte
2708 2720 2724 2747 ,
2762 2688 2817 2737 et
2843 2683 3049 2753 operiet
3075 2685 3464 2747 multitudinem
3492 2701 3741 2763 peccato-

2138 2781 2279 2822 rum.

2504 2860 2595 2916 DE
2633 2860 2964 2920 EPISTOLA
3005 2864 3286 2926 JOANNIS
3310 2869 3363 2925 Ι.

2192 2948 2372 3024 [ου.
2400 2950 2465 3025 1.]
2494 2952 2551 3011 Si
2589 2952 2882 3013 dixerimus
2923 2959 3180 3029 quoniam
3217 2954 3527 3020 soeietatem
3566 2965 3739 3025 habe-

2137 3057 2260 3098 mus
2288 3057 2410 3099 cum
2437 3059 2537 3112 eo,
2576 3054 2632 3101 et
2669 3046 2725 3102 in
2764 3049 3000 3105 tenebris
3024 3052 3396 3123 ambulamus;
3420 3059 3738 3128 mentimur,

2134 3140 2190 3189 et
2225 3133 2502 3190 veritatem
2529 3150 2635 3191 non
2667 3133 2892 3194 facimus
2930 3156 2944 3193 :
2976 3140 3022 3195 si
3060 3151 3237 3198 autem
3264 3143 3320 3200 in
3342 3144 3457 3201 luce
3486 3149 3739 3205 ambula-

2133 3240 2273 3292 mus,
2298 3226 2438 3283 sicut
2461 3237 2513 3282 et
2533 3228 2649 3298 ipse
2679 3230 2732 3283 in
2762 3229 2881 3287 luce
2905 3242 3018 3299 est;
3042 3234 3351 3294 societatem
3374 3237 3641 3298 habemus
3665 3243 3738 3300 ad

2134 3315 2387 3386 invicem,
2430 3327 2485 3375 et
2523 3319 2741 3391 sanguis
2776 3321 2902 3377 Jesu
2928 3322 3147 3394 Christi,
3167 3324 3290 3382 Filii
3318 3327 3453 3399 ejus,
3478 3333 3738 3391 emendat

2132 3425 2230 3465 nos
2251 3411 2319 3467 ab
2338 3411 2485 3478 omni
2506 3421 2749 3484 peccato.
2778 3413 2836 3469 Si
2862 3413 3153 3473 dixerimus
3180 3419 3430 3490 quoniam
3453 3435 3736 3492 peccatum
3788 3470 3799 3473 μ

2130 3515 2238 3557 non
2266 3501 2552 3571 habemus;
2580 3503 2679 3574 ipsi
2702 3520 2800 3561 nos
2821 3506 3145 3576 seducimus,
3175 3518 3231 3565 et
3255 3511 3456 3567 veritas
3482 3510 3538 3569 in
3570 3515 3732 3573 nobis

2131 3607 2236 3647 nou
2260 3602 2361 3649 est.
2383 3592 2439 3650 Si
2459 3595 2809 3652 confiteamur
2827 3609 3044 3667 peccata
3062 3610 3267 3669 nostra,
3291 3601 3464 3659 fidelis
3484 3606 3737 3678 etjustus

2129 3694 2231 3752 est,
2248 3694 2305 3740 ut
2331 3686 2568 3741 remittat
2587 3687 2742 3744 nobis
2767 3700 2980 3758 peccata
3005 3699 3186 3747 nostra
3203 3691 3246 3761 ⁸,
3273 3703 3327 3752 et
3352 3697 3604 3753 emendet
3630 3715 3736 3755 nos

2128 3775 2196 3829 ab
2224 3776 2368 3830 omni
2408 3776 2706 3847 iniquitate.
2744 3777 2803 3833 Si
2838 3780 3130 3838 dixerimus
3173 3786 3423 3854 queuiam
3465 3803 3573 3843 non
3604 3805 3738 3860 pec-

2127 3867 2396 3935 cavimus;
2419 3868 2730 3926 mendacem
2752 3869 2976 3929 facimus
2994 3888 3136 3944 eum,
3160 3885 3213 3930 et
3236 3877 3453 3933 verbum
3476 3879 3593 3950 ejus
3614 3897 3732 3939 non

2127 3967 2209 4015 est
2236 3959 2288 4013 in
2320 3959 2494 4015 nobis.

2197 4049 2304 4125 [ιι.]
2332 4052 2510 4107 Filioli
2538 4054 2666 4122 mei,
2696 4053 2814 4111 hare
2842 4056 3018 4135 scribo
3040 4056 3209 4128 vobis,
3237 4069 3428 4116 utnon
3450 4065 3682 4131 peccetis
3708 4083 3726 4120 :

2124 4142 2218 4197 sed
2246 4152 2301 4198 et
2328 4142 2373 4197 si
2402 4142 2519 4213 quis
2556 4147 2886 4215 peccaverit,
2927 4146 3240 4205 advocatum
3280 4150 3540 4209 habemus
3572 4155 3725 4225 apud

2122 4235 2371 4306 Patrem,
2401 4236 2583 4293 Jesum
2620 4235 2889 4295 Christum
2910 4240 3147 4311 justum;
3185 4253 3237 4299 et
3266 4244 3383 4315 ipse
3419 4256 3501 4301 est
3535 4248 3727 4319 propi-

2122 4330 2273 4389 tiatio
2320 4346 2419 4403 pro
2460 4335 2694 4404 peccatis
2737 4337 2936 4392 nostris
2972 4354 2986 4391 :
3018 4353 3125 4397 non
3170 4354 3267 4410 pro
3296 4341 3495 4396 nostris
3539 4351 3724 4399 autem

2122 4431 2349 4493 tantum,
2374 4426 2471 4482 sed
2491 4428 2651 4485 etiam
2683 4444 2778 4498 pro
2801 4430 2961 4485 totius
2984 4431 3187 4487 mundi.
3216 4432 3284 4487 Et
3311 4433 3365 4488 in
3393 4433 3495 4488 hoc
3519 4435 3724 4492 scimus

2119 4516 2368 4587 quoniam
2395 4520 2741 4589 cognovimus
2769 4536 2912 4588 eum,
2945 4521 2990 4576 si
3031 4521 3277 4578 mandata
3315 4523 3432 4594 ejus
3463 4525 3724 4583 observe-

2120 4623 2258 4663 mus.
2286 4606 2389 4675 Qui
2418 4608 2548 4664 dicit
2568 4624 2628 4665 se
2654 4625 2814 4667 nosse
2838 4626 2981 4676 eum,
3005 4620 3063 4668 et
3091 4613 3337 4671 mandata
3363 4615 3476 4686 ejus
3496 4632 3606 4672 non
3633 4632 3726 4674 cu-

2119 4702 2317 4770 Stodit,
2349 4703 2577 4760 mendax
2604 4714 2688 4761 est
2709 4747 2725 4774 ,
2756 4714 2812 4762 et
2839 4706 2893 4761 in
2922 4705 3038 4777 {hoc
3072 4708 3270 4763 veritas
3311 4724 3419 4765 non
3457 4719 3561 4766 est.
3610 4711 3721 4779 Qui

2116 4804 2293 4851 autem
2337 4805 2516 4852 servat
2542 4798 2760 4859 verbum
2786 4798 2906 4869 ejus
2929 4841 2945 4867 ,
2977 4815 3106 4857 vere
3132 4801 3184 4856 in
3216 4800 3318 4858 hoc
3344 4805 3584 4877 cbaritas
3614 4805 3723 4863 Dei

2116 4885 2349 4956 perfecta
2378 4894 2481 4944 est.
2512 4889 2572 4945 in
2602 4888 2705 4949 hoc
2729 4891 2931 4947 scimus
2959 4894 3211 4963 quoniam
3256 4894 3310 4950 in
3347 4895 3463 4967 ipso
3484 4912 3674 4954 sumus
3694 4914 3719 4966 ;

2116 4977 2163 5039 si
2184 4977 2236 5033 in
2261 4993 2331 5037 eo.
2353 4994 2667 5037 maneamus
2692 4981 2736 5035 ⁸.
2772 4982 2874 5051 Qui
2894 4981 3026 5039 dicit
3052 4996 3112 5041 se
3144 4985 3197 5040 in
3227 4985 3320 5040 illo
3348 5001 3587 5055 manere,
3611 4988 3718 5047 de-

2116 5067 2209 5127 bet
2230 5069 2367 5127 sicut
2405 5071 2492 5128 illc
2521 5073 2812 5129 ambulavit
2832 5083 2887 5131 et
2913 5075 3028 5145 ipse
3046 5074 3338 5132 ambulare.
3366 5077 3436 5133 Et
3473 5088 3585 5150 post
3609 5081 3717 5136 ali.

2115 5171 2237 5232 quot
2250 5178 2422 5218 uersus
2437 5178 2462 5219 ξ
2485 5162 2589 5231 Qui
2614 5165 2744 5225 dicit
2764 5167 2905 5227 sein
2928 5167 3046 5224 luce
3066 5183 3209 5237 esse,
3230 5177 3285 5225 et
3310 5168 3526 5226 fratrem
3554 5186 3714 5229 suum

2116 5253 2248 5319 odit,
2279 5254 2332 5311 in
2364 5256 2710 5317 tenebrisest
2734 5274 2903 5328 usque
2926 5259 3120 5325 adhuc.
3148 5260 3247 5330 Qui
3286 5261 3458 5334 diligit
3487 5261 3711 5331 fratrem
3778 5256 3781 5261 ’

2181 5368 2197 5435 ξ
2216 5374 2265 5416 ιιι
2286 5368 2504 5435 Vulgata,
2524 5368 2884 5435 quwfraudata
2895 5376 2965 5435 est
2986 5385 3017 5421 a
3038 5372 3182 5435 vobis,
3199 5371 3393 5425 ειωηαι.

2179 5430 2518 5504 {tegendum
2537 5430 2602 5504 ut
2636 5430 2687 5482 in
2721 5433 3144 5504 emendatioribus
3169 5430 3359 5504 'Bibliis,
3404 5437 3711 5504 addimus;

1883 5486 2008 5548 iptu—
2108 5486 2416 5555 justagg'raec.
2442 5491 2777 5553 catedt'casale,
2804 5494 2852 5543 id
2876 5502 2969 5555 est,
2989 5486 3359 5548 condemnastis:

2124 5610 2131 5615 ,
2179 5553 2199 5616 ξ
2221 5553 2293 5602 sic
2311 5555 2457 5616 etiam
2474 5556 2523 5616 in
2538 5555 2746 5606 vetustis
2758 5558 2893 5606 Corb.
2917 5553 3033 5607 Bibl.
3055 5566 3112 5608 At.
3125 5561 3176 5609 in
3192 5562 3388 5612 excusis
3409 5559 3561 5613 habet
3578 5576 3712 5616 nunc

2115 5611 2330 5691 Vulgata,
2354 5613 2609 5691 ᾳιμξςξὶαὸἱι.
2712 5684 2722 5691 ⁸
2854 5679 2864 5691 ,
2936 5687 2958 5691 _
3037 5681 3049 5691 _
3186 5682 3217 5691 ,,
3378 5611 3383 5612 ν
3466 5682 3475 5691 .

2178 5676 2320 5725 ⁵Μελ
2356 5678 2577 5740 additur,
2620 5684 2809 5741 nostra,
2852 5679 2899 5729 in
2936 5681 3081 5744 Regio
3112 5682 3311 5746 codice,
3347 5697 3443 5736 nec
3466 5682 3523 5735 in
3558 5697 3708 5740 textu

2113 5750 2357 5849 gletab-ra
2379 5802 2523 5850 Biblia
2546 5809 2714 5852 carent
2736 5802 2813 5853 his
2834 5804 3015 5868 verbis,
3039 5805 3083 5857 si
3102 5819 3151 5857 ut
3171 5818 3226 5857 eo
3247 5820 3542 5861 maneamus.
3566 5828 3569 5829 ν
