4082 6502
354 390 493 450 1037

353 519 529 569 suum,
558 501 611 557 in
642 500 842 556 lumtne
868 505 1065 562 manet,
1107 505 1160 551 ct
1188 493 1492 550 scandalum
1523 491 1574 546 in
1605 506 1670 547 eo
1696 506 1798 545 non
1828 500 1934 545 est.

351 597 454 663 Qtti
485 602 662 649 autem
700 592 813 646 odit
839 591 1050 645 fratrem
1094 603 1276 654 suum,
1321 584 1372 640 in
1402 583 1634 640 tenebris
1662 583 1770 652 estj,
1805 591 1854 636 et
1886 581 1937 634 in

351 685 588 741 tenebris
608 683 862 744 ambulat,
893 690 946 736 et
975 680 1141 735 nescit
1165 695 1269 749 quo
1289 687 1372 733 eat
1392 694 1406 743 ;
1429 677 1678 747 quoniam
1706 672 1938 729 tenebra:

351 779 760 833 obcmcaverunt
781 775 964 830 oculos
988 773 1122 843 ejus.
1157 771 1224 828 Et
1251 771 1403 843 paulo
1433 780 1540 841 post
1565 786 1583 824 :
1609 769 1782 823 Nolite
1811 767 1936 821 dili-

353 887 482 942 gere
511 869 788 934 mundum,
817 883 986 937 neque
1012 882 1076 922 ea
1111 877 1228 934 qua:
1268 865 1321 920 in
1347 865 1546 918 mundo
1573 862 1731 916 sunt‘
1763 878 1774 914 :
1806 874 1936 930 quo—

352 963 496 1017 niam
527 975 686 1016 omne
711 957 850 1029 quod
881 968 962 1013 est
983 959 1033 1012 in
1061 955 1278 1035 mundo,
1309 952 1736 1023 concupiscentia
1763 952 1936 1005 carnis

350 1063 456 1119 est,
480 1061 533 1107 et
553 1049 979 1119 concupiscentia
998 1049 1294 1113 oculorum,
1317 1055 1370 1100 et
1391 1043 1636 1114 superbia
1657 1043 1800 1108 vita),
1820 1055 1937 1110 quzc

348 1161 460 1199 non
487 1152 569 1199 est
597 1157 660 1198 ex
686 1141 968 1207 Patre,sed
993 1155 1058 1195 ex
1079 1137 1278 1193 mundo
1304 1143 1417 1202 est;
1440 1144 1494 1190 et
1518 1135 1745 1190 mundus
1763 1142 1938 1188 trans-

350 1236 413 1301 it,
435 1243 489 1290 et
529 1232 955 1303 concupiscentia
977 1230 1112 1300 ejus.
1141 1229 1239 1296 Qui
1260 1237 1436 1282 autem
1468 1225 1594 1280 facit
1612 1225 1935 1279 voluntatem

348 1325 467 1391 Dei,
500 1333 677 1379 manet
703 1325 753 1378 in
779 1333 1036 1377 internum
1057 1323 1099 1375 ⁸.
1129 1320 1194 1375 Et
1219 1321 1320 1374 alio
1347 1319 1454 1373 loco
1480 1335 1498 1372 :
1529 1316 1697 1372 Omne
1721 1314 1938 1371 menda-

346 1415 491 1471 cium
523 1431 628 1470 non
659 1430 724 1470 ex
750 1414 974 1468 veritate
1003 1421 1104 1468 est.

422 1505 490 1562 Et
515 1514 628 1577 post
663 1504 927 1574 paululum
959 1501 1096 1576 [HL]
1123 1521 1137 1557 :
1169 1498 1500 1566 Charissimi,
1529 1512 1673 1554 nunc
1713 1497 1806 1552 filii
1842 1495 1938 1552 Dei

346 1611 554 1664 sumus,
586 1605 640 1652 et
665 1595 899 1652 nondum
929 1595 1175 1666 apparuit
1193 1593 1318 1665 quid
1341 1594 1557 1649 erimus.
1580 1591 1789 1649 Scimus
1808 1605 1940 1662 quo-

346 1690 493 1746 niam
517 1705 636 1744 cum
665 1688 988 1759 apparuerit,
1012 1687 1214 1743 similes
1233 1687 1284 1742 ei
1314 1687 1549 1752 erimus;
1577 1685 1825 1756 quoniam
1853 1684 1938 1739 vi-

349 1781 593 1839 debimus
611 1797 732 1837 cum
753 1780 906 1835 sicuti
928 1788 1030 1834 est.
1055 1779 1123 1834 Et
1142 1779 1316 1835 omnis
1335 1779 1426 1848 qui
1446 1777 1606 1832 habet
1627 1776 1765 1832 hanc
1788 1790 1937 1845 spem

348 1873 406 1930 in
441 1888 526 1938 eo,
559 1872 854 1928 sanctificat
897 1887 954 1927 se
975 1913 992 1937 ,
1028 1871 1164 1927 sicut
1191 1881 1246 1926 et
1271 1872 1362 1926 ille
1387 1879 1601 1924 sanctus
1624 1876 1725 1924 est.
1755 1868 1938 1926 Omnis

347 1965 438 2036 qui
467 1963 592 2019 facit
620 1973 916 2034 peccatum,
950 1971 1005 2018 et
1029 1963 1361 2034 iniquitatem
1384 1961 1508 2016 facit
1541 1980 1552 2015 :
1584 1970 1637 2016 et
1660 1967 1937 2032 peccatum

346 2065 434 2113 est
465 2056 733 2134 iniquitas.
765 2056 832 2110 Et
869 2055 1014 2110 scitis
1039 2055 1289 2126 quoniam
1317 2053 1404 2109 ille
1440 2052 1703 2123 apparuit,
1729 2061 1788 2106 ut
1816 2065 1944 2121 pec-

347 2157 467 2204 cata
494 2149 516 2180 ³
545 2147 775 2216 tolleret,
805 2157 857 2201 et
879 2155 1152 2216 peccatum
1183 2145 1236 2200 in
1277 2159 1344 2200 eo
1371 2145 1478 2199 neu
1503 2151 1609 2198 εει.
1637 2141 1823 2198 Omnis
1848 2142 1937 2212 qui

350 2239 406 2295 in
433 2253 500 2294 eo
538 2246 736 2303 manet,
769 2253 873 2292 non
901 2245 1126 2308 peccat:
1158 2245 1213 2290 et
1237 2234 1412 2289 omnis
1451 2233 1542 2302 qui
1581 2241 1782 2303 peccat,
1832 2247 1936 2286 non

346 2331 480 2386 vidit
509 2345 652 2395 eum,
677 2343 778 2384 nec
806 2328 1054 2398 cognovit
1082 2342 1224 2382 eum.
1256 2325 1450 2390 Filioli,
1477 2339 1635 2379 nemo
1659 2337 1752 2378 vos
1782 2323 1940 2378 sedu-

348 2431 456 2478 cat.
487 2421 587 2488 Qui
617 2420 744 2476 facit
777 2421 1057 2491 justitiam,
1084 2418 1259 2488 justus
1292 2428 1397 2483 est,
1425 2417 1563 2471 sicut
1586 2425 1639 2472 et
1659 2416 1745 2471 ille
1765 2416 1937 2486 jusuts

349 2523 452 2568 est.
494 2513 593 2579 Qui
639 2512 759 2566 facit
787 2520 1082 2582 peccatum,
1113 2525 1180 2564 ex
1206 2507 1418 2563 diabolo
1443 2515 1526 2563 est
1554 2526 1566 2560 :
1596 2507 1846 2577 quoniam
1870 2505 1937 2560 ab

349 2604 506 2659 initio
538 2603 779 2658 diabolus
806 2611 1010 2673 peccat.
1053 2602 1109 2657 lu
1141 2601 1242 2656 hoc
1265 2599 1512 2670 apparuit
1537 2599 1705 2653 Filius
1732 2598 1846 2666 Dei,
1881 2610 1936 2652 ut

346 2695 611 2751 dissolvat
636 2709 795 2766 opera
822 2694 1037 2750 diaboli.
1063 2692 1249 2748 Omnis
1287 2693 1378 2762 qui
1407 2700 1562 2747 natus
1589 2698 1666 2746 est
1697 2705 1762 2746 ex
1804 2690 1932 2754 Deo,

350 2798 631 2859 peccatum
662 2803 767 2844 non
789 2788 950 2854 facit;
980 2787 1230 2858 quoniam
1255 2800 1438 2841 semen
1465 2785 1629 2854 ipsius
1655 2783 1709 2838 in
1734 2798 1798 2838 eo
1825 2797 1936 2836 ma-

353 2891 448 2938 net
473 2901 486 2938 :
511 2891 563 2938 et
590 2881 697 2937 non
743 2889 918 2949 potest
962 2893 1216 2950 peccare;
1245 2878 1496 2948 quoniam
1539 2891 1604 2932 ex
1635 2875 1744 2930 Deo
1781 2882 1936 2928 natus

349 2982 456 3029 est.
504 2973 560 3027 In
592 2974 693 3026 hoc
735 2970 1001 3025 manifesti
1032 2977 1158 3024 sunt
1200 2969 1290 3021 filii
1325 2966 1435 3032 Dei,
1488 2973 1542 3021 et
1582 2965 1676 3019 filii
1715 2963 1934 3020 diaboii.

351 3066 541 3123 Omnis
568 3066 656 3136 qui
685 3081 792 3120 non
818 3073 898 3119 est
919 3064 1112 3134 justus,
1142 3077 1250 3117 non
1279 3069 1360 3117 est
1387 3076 1452 3116 ex
1478 3061 1604 3125 Deo,
1629 3069 1683 3116 et
1710 3059 1799 3129 qui
1831 3073 1934 3112 non

352 3158 526 3228 diligit
552 3157 772 3212 fratrem
809 3171 962 3211 suum
995 3172 1009 3208 :
1051 3155 1303 3224 quoniam
1346 3153 1462 3208 haec
1491 3161 1574 3208 est
1608 3151 1937 3206 annuntiatio

354 3267 517 3322 quam
544 3249 764 3306 audistis
803 3248 871 3302 ab
912 3248 1162 3310 initio,ut
1199 3245 1430 3316 diligatis
1458 3244 1769 3299 alterutrum
1795 3242 1837 3295 ".
1868 3241 1936 3295 Et

358 3353 470 3414 post
502 3359 686 3410 paucos
710 3357 878 3395 uersus
914 3338 1130 3394 :Nolite
1169 3338 1372 3403 mirari,
1400 3335 1610 3403 fratres,
1639 3336 1685 3390 si
1707 3336 1819 3391 odit
1841 3350 1938 3390 vos

355 3433 605 3489 mundus.
654 3431 760 3488 Nos
802 3431 1000 3486 scimus
1053 3431 1302 3500 quoniam
1351 3428 1588 3483 translati
1635 3442 1816 3482 sumus
1871 3427 1938 3483 de

358 3533 533 3580 morte
563 3525 616 3578 in
644 3523 838 3588 vitam,
879 3523 1129 3592 quoniam
1153 3521 1421 3592 diligimus
1445 3520 1638 3576 fratres
1665 3537 1681 3574 :
1712 3521 1800 3590 qui
1833 3536 1936 3576 non

359 3618 550 3688 diligit,
573 3627 752 3672 manet
771 3618 824 3671 in
846 3625 1034 3671 morte.
1057 3615 1244 3670 Omnis
1269 3616 1359 3685 qui
1380 3614 1493 3669 odit
1519 3613 1736 3670 fratrem
1760 3630 1936 3681 suum,

360 3710 622 3766 homicida
649 3717 750 3764 est.
791 3710 858 3764 Et
890 3710 1036 3765 scitis
1063 3709 1310 3778 quoniam
1340 3708 1514 3762 omnis
1541 3707 1806 3762 homicida
1833 3723 1939 3763 nou

362 3801 524 3856 habet
551 3801 710 3855 vitam
737 3809 989 3856 aeternam
1018 3801 1071 3854 in
1097 3815 1155 3855 se
1185 3808 1506 3854 manentem.
1540 3799 1596 3853 In
1625 3799 1727 3853 hoc
1746 3813 1942 3868 cogno-

359 3895 535 3948 vimus
562 3894 872 3949 charitatem
920 3894 1043 3960 Dei,
1087 3893 1337 3964 quoniam
1368 3892 1456 3946 ille
1496 3907 1592 3962 pro
1629 3892 1782 3947 nobis
1828 3892 1942 3946 ani-

363 3999 505 4038 mam
527 3999 674 4039 suam
704 3984 913 4054 posuit:
946 3995 998 4038 et
1026 3999 1124 4038 nos
1147 3983 1402 4038 debemus
1432 3998 1526 4052 pro
1554 3982 1803 4037 fratribus
1828 3984 1940 4038 ani-

361 4094 479 4133 mas
524 4094 738 4148 ponere.
775 4078 873 4146 Qui
918 4077 1161 4132 habuerit
1204 4078 1553 4132 substantiam
1598 4076 1778 4131 mundi
1805 4077 1857 4141 5,
1889 4086 1942 4130 et

359 4168 552 4222 viderit
581 4168 798 4223 fratrem
829 4184 980 4221 suum
1007 4168 1378 4222 necessitatem
1418 4167 1632 4231 habere,
1661 4175 1715 4222 et
1735 4167 1941 4222 clause-

359 4260 432 4313 rit
463 4259 662 4313 viscera
692 4275 783 4314 sua
813 4259 980 4323 abeo,
1013 4257 1280 4328 quomodo
1306 4257 1535 4313 charitas
1566 4258 1658 4312 Dei
1685 4268 1862 4311 manet
1889 4259 1940 4312 in

358 4353 464 4407 eo?
491 4349 659 4406 Filioli
699 4351 822 4416 mei,
852 4366 957 4405 non
984 4350 1262 4420 diligamus
1291 4350 1456 4404 verbo
1490 4365 1585 4404 nec
1614 4351 1812 4419 lingua,
1847 4349 1940 4403 sed

357 4459 522 4514 Opere
543 4454 596 4499 et
625 4445 859 4498 veritate.
883 4444 938 4497 In
964 4444 1063 4497 hoc
1091 4441 1480 4512 cognoscimus,
1504 4442 1751 4511 quoniam
1773 4455 1836 4496 ex
1859 4455 1944 4496 ve-

357 4537 516 4590 ritate
555 4549 736 4589 sumus
756 4574 769 4598 ,
815 4541 869 4588 et
898 4534 948 4586 iu
980 4541 1268 4600 conspectu
1310 4531 1424 4599 ejus
1455 4531 1754 4600 suademus
1780 4530 1941 4584 corda

357 4637 542 4682 nostra
576 4626 862 4696 :quoniam
904 4625 947 4678 si
990 4623 1395 4694 reprehenderit
1420 4637 1517 4676 nos
1543 4636 1636 4676 cor
1662 4631 1899 4676 nostrum
1921 4662 1938 4689 ,

357 4720 531 4790 major
558 4729 640 4774 est
664 4719 803 4773 Deus
831 4717 992 4773 corde
1019 4725 1222 4781 nostro,
1256 4725 1308 4769 et
1334 4717 1479 4769 novit
1503 4714 1700 4770 omnia.
1723 4713 1941 4770 Charis-

356 4810 502 4875 simi,
523 4812 573 4863 si
599 4825 692 4864 cor
719 4817 958 4862 nostrum
986 4821 1090 4860 non
1116 4804 1518 4876 reprehenderit
1544 4820 1662 4871 nos,
1696 4803 1938 4858 fiduciam

358 4902 618 4958 habemus
645 4901 710 4956 ad
743 4902 938 4964 Deum,
981 4909 1034 4954 et
1065 4895 1318 4968 quidquid
1347 4896 1673 4967 petierimus,
1713 4896 1942 4962 accipe-

355 5009 479 5048 mus
502 4993 570 5048 ab
591 5008 657 5048 eo
683 5010 697 5045 :
729 4992 977 5062 quoniam
1002 4989 1246 5045 mandata
1271 4987 1388 5058 ejus
1415 4987 1764 5054 custodimus,
1797 4997 1850 5040 et
1879 5003 1940 5040 ea

355 5101 478 5155 qua:
503 5085 692 5155 placita
718 5092 839 5138 sunt
866 5097 1047 5138 coram
1073 5095 1159 5144 eo,
1184 5079 1422 5135 facimus.
1450 5077 1519 5132 Et
1546 5079 1645 5132 hoc
1683 5088 1766 5132 est
1794 5093 1944 5131 man-

355 5178 541 5234 datum
583 5178 721 5248 ejus,
765 5186 821 5232 ut
860 5176 1143 5232 credamus
1186 5175 1240 5228 in
1268 5173 1482 5228 nomine
1512 5173 1628 5227 Filii
1669 5172 1784 5242 ejus
1813 5171 1942 5226 Jesu

353 5270 588 5338 Christi,
623 5280 676 5325 et
700 5269 984 5340 diligamus
1010 5269 1345 5333 alterutrum,
1378 5266 1515 5321 sicut
1552 5266 1698 5321 dedit
1726 5265 1944 5320 manda-

425 5412 442 5443 ί
469 5411 554 5459 Hic
583 5408 730 5478 deest
755 5419 874 5478 pars
894 5405 1048 5478 altera
1073 5403 1298 5476 versiculi
1322 5403 1376 5452 13
1399 5418 1410 5452 :
1433 5401 1481 5454 Si
1500 5416 1606 5467 qius
1626 5404 1782 5470 diligit
1809 5419 1944 5456 man-

356 5473 497 5531 dunt,
515 5485 609 5521 non
630 5477 700 5521 est
720 5472 930 5519 charitas
953 5472 1109 5531 patris
1122 5472 1263 5531 meo.

423 5538 442 5566 ²
469 5527 691 5584 Additum
711 5532 761 5579 in
785 5531 928 5580 editis
951 5529 1124 5587 fuerat,
1147 5527 1269 5577 sicut
1310 5530 1356 5577 et
1391 5534 1517 5577 Deus
1537 5535 1693 5580 manet
1719 5529 1771 5582 in
1804 5535 1947 5581 teter.

357 5609 475 5647 κωη
505 5609 522 5646 :
545 5596 673 5658 quod
696 5606 724 5642 a
742 5589 1060 5658 Speculitlss.
1084 5599 1135 5640 et
1151 5602 1180 5639 a
1201 5591 1350 5638 sacris
1373 5587 1533 5639 Bibliis
1550 5592 1706 5641 abest.

422 5660 445 5691 ³
464 5664 516 5706 1n
537 5652 686 5707 sacris
707 5652 866 5705 Bibliis
886 5652 1094 5712 additur,
1115 5658 1292 5701 nostra.

419 5719 446 5785 ξ
471 5721 647 5785 Regius
661 5717 834 5785 code},
859 5722 912 5765 ut
935 5713 1224 5785 diligamus;
1243 5715 1380 5785 juxta
1405 5727 1633 5785 graecum.

423 5729 446 5752 ⁵
471 5729 647 5830 Regius
661 5729 834 5776 eoaex,
859 5729 912 5765 ut
935 5729 1224 5785 amgamus;
1237 5729 1380 5824 (iuxta
1405 5729 1633 5777 graecum.

423 5783 447 5815 ⁸
472 5791 538 5846 vu
557 5788 688 5846 gata,
707 5777 850 5846 hujus
872 5776 1039 5846 mund:
1053 5811 1066 5836 ,
1085 5789 1200 5846 cum
1231 5844 1251 5846 ᾼ
1267 5779 1612 5846 emonstrativo
1631 5778 1912 5840 pronomine

357 5844 494 5913 quod
514 5837 683 5896 tamen
700 5837 841 5893 abest
863 5841 1008 5891 etiam
1027 5851 1054 5890 a
1075 5839 1210 5890 θοι-ι).
1231 5837 1408 5889 Bibliis.

1614 378 1701 434 DE
1748 374 2129 433 SCRIPTURA
2170 378 2413 436 SACllA.

3479 385 3618 444 £053

2045 498 2158 544 tum
2189 492 2358 548 nobis.
2388 492 2457 548 Et
2480 493 2566 563 qui
2590 504 2766 549 servat
2795 492 3037 550 mandata
3068 496 3204 566 ejus,
3225 498 3275 552 in
3303 498 3391 553 illo
3416 511 3598 557 manet

2043 590 2097 637 et
2123 582 2234 652 ipse
2254 582 2306 637 in
2331 597 2416 638 eo.
2447 585 2513 639 Et
2536 585 2588 639 in
2618 585 2719 641 hoc
2746 587 2943 641 scimus
2967 589 3215 657 quoniam
3238 599 3414 645 manet
3443 591 3496 646 in
3522 605 3617 647 no»-

2043 674 2124 731 bis
2151 675 2220 731 de
2248 677 2448 746 Spiritu
2468 681 2624 748 q'uem
2656 679 2808 734 nobis
2837 680 2998 735 dedit.
3061 711 3064 714 -

2114 765 2234 842 [tv.]
2254 769 2560 826 Charissimi
2583 813 2597 836 ,
2627 771 2790 828 nolite
2818 774 2961 828 omni
2989 773 3198 843 spiritui
3233 774 3455 830 credere
3475 819 3492 844 ,
3523 778 3615 833 sed

2041 859 2263 930 probate
2287 864 2502 933 spiritus
2527 865 2571 918 si
2598 880 2662 919 ex
2690 866 2802 921 Deo
2829 874 2952 920 sunt
2976 885 2989 921 :
3021 868 3267 937 quoniam
3291 868 3619 939 multi-pseu-

2040 952 2384 1024 dopropheta:
2410 958 2654 1012 exierunt
2682 957 2734 1013 in
2769 959 3042 1013 mundum.
3073 960 3129 1014 in
3157 960 3256 1015 hoc
3281 961 3613 1031 cognoscitur

2041 1045 2261 1114 spiritus
2307 1048 2400 1103 Dei
2444 1068 2456 1103 :
2497 1051 2669 1104 omnis
2712 1052 2929 1121 spiritus
2977 1053 3066 1122 qui
3109 1052 3391 1108 confitetur
3432 1054 3617 1110 Jesum

2039 1133 2314 1191 Christum
2345 1137 2397 1192 in
2425 1153 2585 1196 carne
2607 1142 2836 1208 venisse,
2858 1157 2924 1197 ex
2952 1142 3062 1197 Deo
3085 1153 3199 1210 est;
3227 1154 3280 1199 et
3299 1145 3475 1200 omnis
3505 1146 3620 1214 spi-

2039 1225 2176 1279 ritus
2198 1226 2285 1295 qui
2311 1228 2468 1283 solvit
2491 1229 2691 1295 Jesum,
2726 1248 2791 1286 ex
2817 1233 2927 1288 Deo
2953 1250 3058 1288 non
3087 1244 3199 1300 est,
3227 1243 3281 1291 et
3307 1235 3389 1292 hic
3415 1246 3498 1292 est
3524 1219 3619 1292 au-

2041 1316 2334 1387 tichristus,
2358 1319 2426 1376 de
2450 1337 2555 1391 quo
2577 1322 2802 1379 audistis
2826 1326 3074 1394 quoniam
3101 1327 3265 1390 venit;
3287 1340 3342 1384 ct
3358 1346 3496 1386 nunc
3506 1331 3619 1401 jam

2039 1407 2326 1466 inmundo
2351 1420 2450 1468 est.
2479 1412 2590 1469 Vos
2613 1428 2676 1468 ex
2723 1415 2834 1470 Deo
2877 1416 3038 1482 estis,
3091 1416 3270 1486 filioli,
3318 1430 3375 1476 et
3419 1422 3620 1479 vicistis

2038 1514 2136 1557 eos
2164 1502 2216 1569 ¹;
2247 1504 2493 1573 quoniam
2523 1505 2692 1575 major
2711 1514 2796 1561 est
2822 1507 2909 1576 qui
2940 1507 2992 1562 in
3023 1508 3174 1565 vobis
3198 1520 3312 1574 est,
3341 1525 3497 1582 quam
3526 1511 3622 1583 qui

2040 1591 2096 1645 in
2140 1591 2360 1649 muttdo.
2402 1591 2504 1664 Ipsi
2539 1594 2608 1650 de
2633 1595 2831 1652 mundo
2855 1604 3010 1665 sunt,
3043 1599 3162 1654 ideo
3199 1600 3270 1670 de
3306 1602 3505 1658 mundo
3543 1602 3622 1658 lo-

2039 1691 2305 1752 quuntur,
2349 1693 2404 1740 et
2444 1685 2673 1741 mundus
2699 1701 2795 1742 eos
2838 1687 3005 1744 audit.
3033 1689 3142 1745 Nos
3165 1706 3231 1748 ex
3260 1692 3368 1749 Deo
3394 1708 3578 1752 sumus
3597 1715 3619 1755 :

2040 1774 2131 1843 qui
2159 1775 2309 1830 novit
2339 1776 2506 1832 Deum
2526 1817 2542 1843 ,
2574 1777 2722 1834 audit
2745 1795 2876 1845 nos;
2902 1782 2990 1852 qui
3018 1797 3122 1838 non
3146 1793 3312 1842 estex
3341 1787 3483 1855 Deo,
3512 1802 3622 1844 non

2041 1863 2189 1918 audit
2216 1879 2333 1920 nos.
2359 1865 2418 1922 in
2444 1865 2544 1923 hoc
2577 1870 2946 1939 cognoscimus
2985 1873 3227 1943 spiritum
3268 1877 3536 1944 veritatis,
3567 1887 3626 1942 et

2041 1954 2285 2025 spiritum
2312 1957 2876 2027 erroris.Charissimi,
2899 1960 3179 2034 diligamus
3197 1965 3424 2023 invicem
3451 1988 3466 2024 :
3491 1983 3624 2039 quor

2041 2049 2184 2102 niam
2211 2048 2445 2105 charitas
2465 2065 2531 2105 ex
2560 2051 2670 2106 Deo
2689 2061 2790 2118 est;
2815 2064 2869 2108 et
2895 2056 3070 2110 omnis
3090 2057 3181 2127 qui
3205 2057 3396 2128 diligit,
3423 2074 3488 2116 ex
3509 2060 3623 2129 Deo

2043 2153 2198 2196 natus
2228 2151 2311 2198 est
2331 2184 2346 2209 ,
2379 2153 2434 2199 et
2461 2145 2735 2215 cognoscit
2759 2147 2944 2201 Deum.
2987 2148 3087 2216 Qui
3135 2165 3240 2205 non
3269 2152 3470 2222 diligit,
3515 2169 3623 2208 non

2041 2236 2188 2290 novit
2205 2235 2391 2301 Deum,
2407 2237 2656 2308 quoniam
2677 2237 2817 2293 Deus
2837 2238 3066 2296 charitas
3085 2251 3185 2297 est.
3204 2241 3270 2295 Et
3293 2244 3444 2314 paulo
3470 2254 3583 2315 post
3601 2260 3622 2300 :

2041 2324 2348 2382 Cltarissimi
2371 2369 2386 2395 ,
2418 2326 2460 2382 si
2489 2327 2565 2384 sic
2591 2329 2730 2384 Deus
2753 2329 2941 2384 dilexit
2979 2345 3109 2396 nos,
3141 2340 3193 2388 et
3240 2348 3338 2388 nos
3363 2323 3620 2392 debemus

2041 2416 2353 2472 alterutrum
2407 2417 2648 2488 diligere.
2682 2419 2848 2473 Deum
2880 2434 3036 2475 nemo
3089 2421 3217 2475 vidit
3270 2437 3518 2493 unquam.
3561 2423 3621 2480 Si

2039 2507 2320 2578 diligamus
2347 2508 2572 2564 invicem
2599 2552 2612 2577 ,
2639 2510 2780 2565 Deus
2809 2511 2860 2565 in
2891 2511 3042 2566 nobis
3064 2520 3243 2568 manet
3265 2555 3279 2576 ,
3312 2525 3364 2570 et
3387 2515 3622 2570 charitas

2039 2599 2154 2670 ejus
2180 2600 2232 2654 in
2261 2601 2414 2656 nobis
2442 2600 2673 2671 perfecta
2703 2611 2803 2656 est.
2833 2601 2966 2656 Item
2992 2604 3148 2674 paulo
3185 2614 3296 2674 post
3328 2620 3346 2658 :
3371 2603 3620 2676 Quisquis

2039 2691 2320 2748 confessus
2346 2691 2504 2748 fuerit
2541 2693 2788 2764 quoniam
2817 2693 2972 2749 Jesus
3000 2705 3082 2750 est
3121 2695 3283 2751 Filius
3315 2697 3404 2752 Dei
3430 2740 3445 2765 ,
3476 2695 3619 2754 Deus

2040 2789 2092 2844 in
2134 2803 2199 2844 eo
2225 2799 2436 2854 manet,
2465 2796 2518 2842 ct
2546 2788 2659 2858 ipse
2699 2789 2750 2841 in
2782 2787 2910 2842 Deo.
2937 2788 3001 2842 Et
3027 2802 3125 2843 nos
3151 2790 3492 2858 cognovimus
3517 2833 3532 2857 ,
3565 2801 3620 2846 et

2039 2880 2362 2937 credidimus
2390 2880 2635 2936 charitati
2661 2895 2820 2950 quam
2859 2880 3018 2935 habet
3041 2881 3178 2936 Deus
3201 2883 3253 2936 iu
3277 2883 3448 2938 nobis.
3476 2882 3619 2939 Deus

2039 2974 2272 3031 charitas
2299 2984 2402 3042 est,
2427 2984 2481 3031 et
2512 2976 2602 3045 qui
2631 2985 2810 3032 manet
2831 2977 2885 3030 in
2904 2976 3181 3044 charitate,
3213 2979 3267 3033 in
3290 2979 3398 3034 Deo
3417 2990 3618 3047 manet,

2039 3075 2094 3122 et
2123 3067 2262 3122 Deus
2291 3066 2346 3122 in
2391 3082 2476 3122 eo.
2512 3066 2568 3121 ln
2609 3066 2710 3122 hoc
2740 3065 2971 3136 perfecta
3018 3077 3101 3123 est
3141 3068 3375 3125 charitas
3404 3071 3496 3126 Dei
3525 3087 3623 3126 no-

2038 3159 2247 3214 biscum
2270 3198 2286 3225 ,
2327 3166 2385 3214 ut
2414 3158 2660 3214 fiduciam
2697 3159 2987 3216 habeamus
3017 3160 3069 3214 in
3117 3159 3205 3216 die
3230 3161 3413 3231 judicii
3441 3180 3453 3216 :
3482 3178 3620 3234 quo-

2040 3253 2184 3306 niam
2212 3251 2350 3308 sicut
2376 3252 2462 3307 ille
2494 3261 2574 3307 est
2593 3291 2611 3318 ,
2644 3261 2697 3308 et
2726 3267 2824 3307 nos
2861 3268 3044 3308 sumus
3073 3254 3124 3307 in
3154 3253 3256 3309 hoc
3286 3255 3504 3310 mundo.
3532 3257 3595 3314 Ti
3622 3297 3624 3299 -

2040 3357 2161 3398 mor
2186 3357 2294 3398 non
2323 3351 2408 3398 est
2429 3341 2485 3397 in
2513 3342 2772 3398 charitate
2790 3385 2805 3410 ,
2831 3343 2924 3398 sed
2965 3343 3195 3413 perfecta
3224 3344 3456 3401 charitas
3481 3345 3622 3404 foras

2043 3435 2205 3490 mittit
2235 3417 2492 3489 °timorem
2525 3452 2539 3489 :
2567 3433 2814 3504 quoniam
2845 3434 3004 3488 timor
3042 3449 3251 3504 parmam
3302 3435 3478 3490 habet.
3518 3435 3621 3503 Qui

2042 3536 2219 3582 autem
2267 3527 2454 3593 timet,
2499 3542 2606 3580 non
2654 3535 2735 3581 est
2767 3525 3030 3596 perfectus
3060 3527 3110 3581 in
3141 3527 3401 3584 cltaritate
3425 3530 3466 3582 '.
3512 3529 3621 3586 Nos

2042 3633 2171 3689 ergo
2198 3619 2476 3688 diligamus
2499 3617 2662 3673 Deum
2682 3657 2698 3683 ,
2720 3618 2966 3687 quoniam
2994 3618 3106 3687 ipse
3132 3618 3276 3688 prior
3293 3619 3478 3676 dilexit
3497 3636 3616 3676 nos.

2043 3709 2098 3765 Si
2125 3710 2246 3780 quis
2272 3709 2463 3764 dixerit
2487 3708 2738 3778 quoniam
2764 3707 2926 3778 diligo
2951 3709 3134 3774 Deum,
3154 3717 3207 3764 et
3228 3709 3442 3766 fratrem
3463 3726 3617 3767 suum

2045 3802 2258 3868 oderit,
2297 3801 2523 3856 mendax
2567 3809 2668 3856 est.
2714 3800 2815 3868 Qui
2863 3801 3002 3854 enim
3049 3817 3154 3856 non
3199 3803 3369 3873 diligit
3401 3803 3616 3860 fratrem

2045 3909 2198 3950 suum
2239 3910 2394 3965 quem
2437 3893 2614 3959 videt,
2658 3893 2823 3948 Deum
2853 3908 3009 3963 quem
3053 3910 3156 3949 non
3187 3896 3329 3950 videt
3354 3896 3621 3966 quomodo

2046 3996 2221 4057 potest
2244 3985 2504 4055 diligere?
2527 3983 2593 4038 Et
2623 3983 2722 4038 hoc
2744 3983 3046 4038 mandatum
3074 3984 3330 4040 habemus
3361 3987 3427 4041 ab
3447 4002 3532 4054 co,
3564 3997 3622 4042 ut

2046 4078 2132 4146 qui
2161 4076 2326 4146 diligit
2351 4077 2536 4139 Deum,
2556 4075 2737 4146 diligat
2762 4083 2815 4130 et
2844 4074 3058 4130 fratrem
3087 4093 3260 4132 suum.
3675 4076 3680 4080 ’

2117 4167 2216 4243 [v.]
2247 4167 2432 4222 Omnis
2460 4167 2549 4238 qui
2576 4167 2745 4222 credit
2771 4167 3019 4237 quoniam
3052 4167 3208 4223 Jesus
3235 4178 3317 4224 est
3345 4167 3585 4226 Christus
3605 4211 3620 4232 ,

2046 4275 2110 4315 ex
2142 4261 2249 4314 Deo
2287 4267 2441 4313 natus
2487 4267 2568 4313 est
2601 4276 2613 4312 :
2648 4265 2702 4312 et
2729 4259 2902 4313 omnis
2929 4258 3017 4327 qui
3054 4258 3224 4327 diligit
3265 4273 3383 4312 eum
3415 4260 3502 4328 qui
3531 4276 3622 4331 ge-

2049 4351 2192 4414 nuit,
2238 4349 2408 4418 diligit
2432 4357 2487 4403 et
2515 4363 2636 4402 eum
2664 4348 2753 4416 qui
2791 4356 2946 4401 natus
2980 4355 3061 4400 est
3101 4362 3165 4401 ex
3202 4361 3284 4401 eo.
3317 4347 3372 4402 lu
3404 4350 3503 4405 hoc
3526 4341 3621 4403 col

2047 4439 2348 4510 gnoscimus
2374 4438 2623 4508 quoniam
2662 4437 2929 4506 diligimus
2964 4446 3115 4490 natos
3149 4437 3276 4503 Dei,
3305 4453 3426 4493 cum
3455 4440 3619 4494 Deum

2047 4530 2362 4601 diligamus,
2405 4538 2458 4584 ct
2486 4528 2731 4582 mandata
2771 4528 2886 4597 ejus
2913 4527 3182 4584 faciamus.
3223 4531 3348 4586 Haec
3371 4541 3453 4588 est
3479 4534 3618 4587 enim

2047 4621 2278 4675 charitas
2305 4620 2431 4682 Dei,
2460 4627 2518 4673 ut
2543 4618 2788 4676 mandata
2821 4617 2938 4686 ejus
2964 4619 3322 4675 custodiamus
3350 4637 3364 4676 :
3393 4630 3449 4676 et
3469 4639 3622 4676 man-

2047 4712 2166 4766 data
2192 4712 2306 4781 ejus
2330 4712 2509 4781 gravia
2537 4725 2639 4764 non
2669 4710 3084 4777 sunt.Quoniam
3109 4727 3266 4768 omne
3279 4713 3419 4782 quod
3441 4724 3620 4770 natum

2047 4814 2130 4861 est
2159 4821 2222 4859 ex
2257 4805 2395 4867 Deo,
2433 4803 2596 4856 vincit
2623 4801 2897 4856 mundum.
2931 4801 2997 4854 Et
3032 4813 3142 4874 post
3165 4804 3470 4874 paululum:
3499 4807 3624 4862 lla-c

2048 4908 2126 4952 est
2161 4895 2349 4950 fiducia
2370 4908 2528 4964 quam
2556 4892 2814 4948 habemus
2835 4891 2900 4948 ad
2930 4907 3080 4960 eum,
3111 4895 3232 4964 quia
3253 4897 3624 4969 quodcumque

2049 4989 2358 5060 petierimus
2395 4984 2686 5041 secundum
2707 4986 3030 5040 voluntatem
3057 4985 3171 5055 ejus
3193 5027 3208 5052 ,
3236 4987 3382 5042 audit
3407 5001 3504 5043 nos
3533 5007 3548 5044 :
3573 4999 3628 5043 et

2048 5081 2245 5136 scimus
2289 5078 2539 5149 quoniam
2569 5074 2714 5130 audit
2735 5090 2852 5130 nos.
2884 5075 2952 5129 Et
2991 5085 3101 5147 post
3145 5087 3242 5131 (res
3281 5094 3453 5134 vei-nus
3478 5097 3497 5133 :
3525 5081 3625 5149 Qui

2048 5174 2149 5229 scit
2177 5171 2394 5228 fratrem
2418 5184 2570 5226 suum
2600 5184 2824 5238 peccare
2844 5178 3114 5239 peccatum
3143 5185 3247 5225 non
3271 5171 3337 5226 ad
3358 5181 3583 5228 mortem
3611 5215 3625 5241 ,

2047 5274 2193 5338 petat
2217 5265 2256 5332 ³,
2277 5271 2332 5322 et
2353 5262 2498 5320 dabit
2515 5265 2565 5318 ei
2589 5261 2768 5327 vitam,
2794 5261 3133 5332 peccantibus
3159 5278 3262 5318 non
3287 5263 3353 5319 ad
3377 5275 3626 5321 mortem.

2115 5403 2131 5434 ί
2155 5401 2228 5452 sic
2249 5397 2438 5462 Speculi
2469 5396 2661 5448 codices
2686 5396 2826 5460 juxta
2852 5407 3082 5458 graecum.
3120 5360 3191 5448 At.
3203 5395 3421 5462 Vulgata,
3457 5396 3632 5452 viculis
3655 5377 3660 5382 ”

2048 5476 2229 5574 emanéic
2247 5531 2356 5572 Mss.
2379 5533 2489 5572 cum
2505 5518 2660 5583 sacris
2674 5517 2863 5583 Bibliis._
2878 5525 2932 5583 at
2950 5518 3069 5583 Editi
3085 5521 3400 5583 negationem
3435 5520 3634 5583 colloca-

2049 5589 2166 5638 bant
2180 5588 2231 5636 in
2254 5585 2416 5645 priore
2437 5582 2656 5645 membro
2677 5581 3044 5643 propositionis:
3063 5579 3344 5643 Qui'autem
3365 5595 3459 5633 non
3481 5582 3635 5645 timet,

2049 5663 2123 5702 cs:
2143 5640 2378 5713 per-ﬁctus
2399 5643 2451 5693 in
2472 5640 2720 5713 charitate.

2114 5705 2308 5775 (editio
2327 5715 2449 5775 Am.)
2468 5712 2623 5775 petet;
2657 5715 2870 5775 moxque
2897 5716 3008 5754 cum
3028 5706 3238 5775 caeteris
3271 5705 3417 5775 hujus
3445 5705 3637 5769 Speculi

2115 5740 2132 5744 -
2159 5740 2307 5758 ωιιιυ
2327 5740 2449 5764 mm,
2529 5740 2620 5775 ..ηε
2657 5740 2870 5773 ..τυ-ν...
2897 5740 3008 5754 νυ...
3044 5740 3238 5757 ...νυνι-ο
3273 5740 3417 5768 ....,....
3445 5740 3636 5769 αρνιμ...

2051 5771 2314 5829 codicibus,
2337 5774 2384 5817 et
2404 5740 2633 5838 (ιαἰἷξιχη⁸
2657 5769 2818 5838 etlam.
2827 5766 3142 5838 peccantibus
3173 5780 3264 5838 npn
3296 5766 3367 5838 qd
3399 5776 3596 5818 mortem
3619 5782 3636 5824 ;

2051 5825 2438 5898 tuxtagrtecum,
2471 5826 2658 5888 (ἠίθεοί,
2685 5825 2763 5878 Ita‘z
2785 5825 2915 5879 déset‘
2954 5827 3065 5880 aute
3099 5828 3266 5890 dzoén,
3304 5828 3392 5881 tota
3427 5837 3636 5882 muta-
