4082 6468
475 464 574 523 Est
597 467 873 536 peccatum
897 454 966 512 ad
990 459 1255 517 mortem;
1286 463 1394 504 non
1422 459 1519 516 pro
1548 443 1642 499 illo
1678 440 1798 496 dico
1828 447 1884 493 ut
1908 443 2059 508 roget

475 555 598 627 quis
614 556 655 608 ι.
675 550 862 609 Omnis
884 544 1134 618 iniquitas
1159 547 1433 611 peccatum
1460 543 1545 592 est
1561 573 1575 598 ,
1602 539 1757 588 etest
1781 537 2056 600 peccatum

477 621 590 707 nos
626 646 694 704 ad
733 650 959 702 mortem
983 639 1028 692 ⁸.
1052 635 1261 693 Scimus
1286 627 1534 702 quoniam
1569 623 1744 680 omnis
1772 621 1861 692 qui
1903 626 2058 674 natus

469 751 564 800 test
604 754 668 797 ex
694 738 825 804 Deo,
857 746 963 797 nun
985 733 1205 804 peccat;
1235 721 1330 780 sed
1355 718 1626 793 generatio
1653 715 1748 771 Dei
1775 718 2058 804 conservat

475 793 640 898 SH,
683 793 1034 895 etmaiignds
1059 833 1168 875 non
1193 814 1358 886 tangit
1373 826 1518 868 eum.
1533 808 1612 864 Et
1647 807 1750 861 alio
1787 805 1898 861 loco
1922 793 2058 859 :‘Fi—

474 924 589 981 iieli
612 962 631 992 ,
661 915 922 978 custodite
947 927 1042 968 vos
1069 925 1100 965 a
1127 904 1445 966 simulacris.

829 1025 921 1082 ΒΕ
957 1018 1286 1079 EPISTOLA
1323 1011 1599 1072 JOANNIS
1634 1008 1700 1064 ιι.

545 1143 662 1201 Non
693 1148 944 1208 tanquam
984 1130 1289 1188 mandatum
1321 1138 1518 1181 novum
1549 1120 1788 1177 scribens
1809 1116 1937 1183 tibi,
1961 1113 2056 1208 sed

473 1230 617 1306 quod
641 1206 922 1285 habuimus
950 1223 1018 1277 ab
1039 1221 1190 1277 initio
1212 1259 1226 1284 ,
1252 1227 1307 1271 ut
1331 1215 1608 1286 diligamus
1628 1211 1964 1306 alterutrum:
1989 1206 2058 1260 Et

471 1297 594 1380 haec
635 1329 718 1377 est
753 1316 1014 1380 charitas,
1046 1321 1104 1367 ut
1137 1307 1470 1365 ambulemus
1490 1301 1782 1358 secundum
1808 1297 2056 1353 mandata

474 1413 612 1485 eius.
637 1409 748 1466 Hoc
767 1405 1070 1464 mandatum
1087 1409 1190 1468 est,
1205 1407 1262 1454 ut
1283 1393 1728 1469 quemadmodum
1748 1387 1968 1445 audistis
1989 1387 2057 1442 ab

465 1480 646 1569 initio,
678 1501 730 1556 in
768 1515 834 1555 eo
861 1493 1164 1552 ambuletis.
1194 1491 1260 1545 Et
1286 1498 1394 1560 post
1421 1503 1608 1559 paucos
1631 1500 1800 1539 versus
1831 1499 1850 1536 :
1872 1480 2057 1536 Omnis

475 1596 568 1668 qui
597 1591 831 1659 recedit,
862 1597 1049 1645 etnon
1095 1589 1373 1654 permanet
1423 1579 1475 1633 in
1528 1576 1768 1632 doctrina
1817 1570 2052 1636 Christi,

473 1665 644 1745 Deum
672 1699 781 1740 non
807 1681 967 1737 habet
996 1697 1009 1734 :
1041 1678 1128 1749 qui
1158 1681 1430 1747 permanet
1461 1671 1511 1726 in
1556 1667 1794 1725 doctrina
1820 1706 1834 1732 ,
1876 1665 1962 1720 hic
2003 1673 2059 1719 et

474 1778 670 1837 Filium
699 1784 753 1830 et
778 1773 990 1828 Patrem
1011 1769 1196 1824 habet.
1221 1767 1276 1821 Si
1301 1764 1419 1835 quis
1439 1761 1584 1817 venit
1609 1759 1676 1814 ad
1701 1772 1816 1824 vos,
1841 1764 1895 1812 et
1919 1755 2058 1810 hanc

473 1869 774 1926 doctrinam
805 1879 910 1920 non
935 1861 1090 1917 affert
1107 1901 1122 1925 ,
1149 1858 1311 1913 nolite
1335 1855 1575 1926 recipere
1599 1866 1721 1908 eum
1744 1852 1797 1906 in
1817 1850 2051 1912 domum,

476 1976 578 2018 nec
601 1960 718 2016 Ave
747 1957 796 2013 ei
823 1953 1083 2012 dixeritis.
1113 1952 1213 2020 Qui
1239 1949 1381 2006 enim
1405 1949 1534 2004 dicit
1561 1946 1636 2002 illi
1660 1946 1794 2013 Ave,
1819 1957 2059 2000 commu-

469 2051 622 2109 ‘siicat
647 2047 899 2123 operibus
925 2044 1044 2116 ejus
1063 2041 1327 2112 malignis.

475 2153 480 2160 '
817 2154 910 2222 DE
948 2155 1275 2213 EPISTOLA
1313 2150 1590 2210 JOANNiS
1629 2146 1717 2208 tn.

478 2255 491 2271 ’
544 2268 871 2328 ϐιιιιιυίεεῐιιιθ
893 2309 910 2336 ,
933 2265 1160 2322 fideliter
1181 2263 1310 2319 facis
1330 2261 1579 2334 quidquid
1608 2259 1845 2331 operaris
1865 2257 1917 2312 in
1947 2257 2058 2313 fra-

476 2373 588 2420 tres
605 2403 626 2433 ,
656 2371 712 2419 et
734 2361 836 2416 hoc
855 2360 908 2415 in
932 2357 1244 2430 peregrinos
1265 2397 1279 2421 ,
1305 2355 1396 2426 qui
1428 2353 1786 2409 testimonium
1813 2349 2060 2406 reddide-

477 2461 602 2510 runt
622 2450 866 2508 charitati
882 2457 991 2505 tuae
1020 2449 1072 2504 in
1093 2456 1380 2517 conspectu
1410 2444 1660 2500 Ecclesiae
1691 2459 1705 2497 :
1734 2457 1867 2513 quos
1893 2441 2058 2497 bene-

476 2538 642 2598 facies
666 2538 935 2597 deducens
962 2539 982 2570 ³
1021 2538 1177 2608 digne
1204 2536 1332 2591 Deo.
1375 2535 1478 2590 Pro
1506 2533 1719 2588 nomine
1761 2532 1902 2587 enim
1945 2531 2060 2602 ejus

475 2632 700 2703 profecti
744 2639 896 2697 sunt,
931 2628 1061 2685 nihil
1089 2629 1410 2698 accipientes
1434 2642 1466 2682 a
1490 2624 1769 2681 Gentibus.
1797 2623 1906 2678 Nos
1932 2638 2060 2693 ergo

476 2725 731 2780 debemus
759 2723 1028 2792 suscipere
1057 2719 1381 2790 hujusmodi,
1412 2726 1469 2773 ut
1491 2724 1865 2787 cooperatores
1893 2715 2061 2770 simus

477 2815 733 2870 veritatis.
764 2813 830 2867 Et
858 2823 966 2884 post
1007 2811 1273 2884 paululum
1300 2825 1318 2864 :
1341 2806 1664 2865 Cbarissitne
1685 2847 1698 2870 ,
1727 2806 1832 2860 noli
1864 2805 2060 2860 imitari

479 2907 675 2962 malum
701 2945 716 2973 ,
746 2904 841 2961 sed
881 2903 1022 2974 quod
1050 2904 1248 2958 bonum
1273 2910 1372 2955 est.
1399 2899 1499 2967 Qui
1528 2899 1664 2955 bene
1687 2895 1830 2965 facit,
1861 2911 1928 2952 ex
1951 2897 2062 2953 Deo

478 3003 558 3055 est
589 3018 601 3054 :
632 2998 719 3069 qui
753 2996 891 3052 male
917 2995 1062 3061 facit,
1097 3009 1203 3048 non
1227 2993 1360 3049 vidit
1385 2991 1571 3048 Deum.

703 3109 792 3165 DE
830 3107 1158 3164 EPISTOLA
1195 3103 1390 3162 ,ιυῡίΕ
1441 3101 1792 3161 APOSTOLI.

465 3213 468 3218 ’
547 3221 978 3279 Subintroierunt
1029 3220 1172 3275 enim
1217 3218 1431 3289 quidam
1481 3219 1761 3285 homines,
1812 3219 1902 3289 qui
1929 3219 2060 3274 olim

477 3314 771 3387 ιιι-τεθωριί
801 3322 927 3368 sunt
951 3314 1002 3368 in
1024 3311 1422 3384 hocjudicium,
1448 3310 1616 3380 impii,
1651 3311 1860 3366 Domini
1890 3311 2061 3366 nostri

474 3407 698 3478 gratiam
723 3403 1104 3461 transferentes
1130 3404 1181 3458 in
1211 3403 1471 3458 luxuriam
1497 3441 1513 3468 ,
1543 3413 1597 3457 et
1616 3401 1788 3457 solum
1815 3401 2062 3456 domina-

474 3539 612 3606 nousi
634 3538 710 3590 me
727 3537 852 3606 pro:
888 3535 1128 3606 thanaton.
1156 3542 1211 3606 At
1240 3532 1439 3598 Vulgata
1464 3534 1611 3606 habet
1643 3545 1770 3606 nunc
1787 3568 1801 3593 ,
1838 3537 1992 3606 petat,
2013 3540 2065 3606 et

477 3596 853 3668 ρὶὐξια
873 3599 1112 3668 peccauit",
1131 3605 1254 3668 θροις
1275 3596 1550 3668 quanquam
1559 3657 1570 3668 .
1591 3596 1642 3645 in
1674 3596 1884 3668 antiquis
1924 3597 2060 3646 cori),

445 3664 638 3715 -Bibliis
679 3657 888 3722 ferebat;
912 3669 958 3713 et
980 3659 1170 3713 dabitei
1356 3657 1585 3723 peccanti,
1637 3665 1732 3708 etc.

543 3729 559 3759 ι
586 3732 635 3775 ιιι
653 3733 757 3775 Mss.
783 3720 882 3787 non
899 3725 1105 3784 additur,
1129 3720 1268 3787 quis;
1290 3720 1385 3771 nec
1407 3729 1485 3772 est
1504 3721 1752 3787 ingrteoo.

539 3792 560 3820 ²
582 3790 656 3837 sic
679 3786 882 3849 βρεωιι
925 3781 1152 3849 codices,
1195 3781 1404 3849 excepto
1454 3781 1600 3849 aegid
1639 3789 1720 3849 ius.
1765 3781 1846 3845 qui
1885 3783 2066 3849 pariter

475 3863 589 3900 cum
610 3845 806 3912 Vulgata
824 3854 963 3912 taret
985 3848 1062 3896 hic
1091 3845 1334 3912 negativa’
1354 3845 1587 3906 particula
1623 3857 1635 3912 _:
1679 3845 1976 3912 hmc_tamen
2007 3846 2066 3912 _i_n

477 3925 638 3984 graeco
661 3905 801 3960 te'xtu
824 3910 1049 3968 habetur,
1077 3915 1127 3958 et
1151 3905 1199 3956 ἱῖι
1229 3905 1367 3956 hunc
1377 3919 1576 3956 sensum
1605 3907 1737 3955 ducit
1757 3905 1918 3969 glossa
1934 3906 2064 3955 ordi-

479 3984 630 4024 11³1⁵11.

544 4035 565 4066 ³
587 4033 703 4082 ﬂuic
742 4029 936 4096 lectioni
970 4030 1254 4096 astipulatur
1273 4041 1442 4096 _gr§cca
1476 4031 1735 4096 scriptura.
1773 4035 1828 4078 At
1861 4028 2067 4096 vulgata

463 4092 627 4164 latina
645 4096 693 4164 in
705 4094 899 4164 excusis
916 4089 1128 4155 praeteit,
1144 4089 1437 4155 benefaciens
1453 4089 1548 4140 ded
1553 4089 1663 4141 lices
1685 4092 1758 4139 :in
1772 4091 1907 4140 ωτι).
1925 4089 2064 4152 Bibl.,

477 4155 774 4219 benefaciens
790 4155 1049 4204 deducens.

508 4321 1355 4329 ω
772 4327 777 4329 .
818 4327 886 4329 Μ
1270 4321 1355 4324 in

1609 4325 2626 4530 ADMONI'EIB

1155 327 1527 392 ΑΒΜΟΝΙΤΙΟ
1564 326 1630 384 ΙΝ
1667 321 1908 394 LIBROS
1946 320 2032 377 DE
2070 318 2418 378 CONSENSU
2457 312 2930 376 EVANGELISTA
2941 312 3102 378 MM.

3614 315 3752 374 {MO

2165 444 2331 492 torem
2361 444 2416 492 et
2449 434 2730 490 Dominum
2765 441 3006 490 nostrum
3031 431 3215 488 Jesum
3250 428 3522 486 Christum
3549 443 3750 502 umn-

2161 531 2264 580 tes.
2292 523 2362 578 Et
2389 524 2544 596 paulo
2573 533 2685 594 post
2714 539 2734 578 :
2761 523 2826 579 ili
2861 531 2986 580 sunt
3026 522 3080 579 in
3116 520 3288 594 epulis
3327 522 3440 577 suis
3480 509 3744 588 maculae,

2159 615 2500 673 convivantes
2542 616 2660 672 sine
2700 615 2891 672 timore
2912 655 2930 683 ,
2969 614 3286 685 semetipsos
3322 623 3628 686 pascentes.
3672 612 3748 669 Et

2159 708 2263 764 alio
2308 709 2418 764 loco
2448 725 2463 764 :
2494 709 2556 764 iii
2582 717 2706 765 sunt
2748 715 3169 764 murmuratores
3209 706 3480 779 querulosi
3505 747 3520 770 ,
3552 721 3750 763 secun-

2159 800 2286 857 dum
2313 800 2574 856 desideria
2601 815 2696 857 sua
2723 799 3084 867 ambulantes;
3110 808 3166 856 et
3201 813 3264 856 os
3290 813 3477 856 eorum
3506 799 3746 870 loquitur

2158 891 2543 964 blasphemiam
2565 893 2606 958 ί,
2628 891 2885 948 mirantes
2899 905 3159 962 personas
3180 898 3416 962 quaestus
3435 905 3617 947 causa.
3641 890 3750 948 Vos

2159 993 2337 1040 autem
2359 977 2719 1050 ,vchariss'imi,
2769 998 3036 1040 memores
3075 991 3245 1039 estote
3286 983 3570 1038 verborum
3622 991 3750 1054 quae

2161 1073 2414 1145 praedicta
2478 1084 2603 1130 sunt
2653 1074 2722 1130 ab
2776 1074 3043 1144 Apostolis
3104 1073 3315 1129 Domini
3380 1073 3548 1128 nostri
3616 1073 3748 1128 Jcsu

2160 1165 2394 1232 Christi,
2445 1167 2534 1236 qui
2557 1165 2805 1222 dicebant
2833 1165 3016 1232 vobis,
3061 1165 3314 1235 quoniam
3354 1164 3406 1220 in
3447 1164 3751 1219 novissime

2153 1265 2403 1327 tempore
2443 1256 2658 1312 venient
2702 1257 2980 1324 illusores,
3021 1254 3312 1311 secundum
3354 1253 3620 1310 desideria
3649 1269 3749 1309 sua

2160 1348 2492 1403 ambulantes
2536 1347 2588 1401 in
2619 1347 2890 1418 impietate
2935 1349 2978 1401 ².
3037 1345 3103 1401 Hi
3153 1354 3280 1400 sunt
3324 1345 3414 1415 qui
3462 1354 3752 1415 segregant

2161 1441 2479 1511 semetipsos
2501 1481 2518 1508 ,
2559 1439 2816 1496 animales
2839 1481 2855 1508 ,
2891 1439 3134 1510 spiritum
3177 1452 3286 1493 non
3327 1437 3607 1493 habentes.
3639 1437 3750 1491 Vos

2161 1540 2359 1598 autem,
2381 1531 2701 1599 charissimi,
2727 1529 3210 1601 superaedilicantes
3240 1529 3596 1599 vosmetipsos
3615 1538 3748 1582 san-

2161 1622 2411 1678 stissimo:
2433 1630 2623 1678 vestrae
2645 1621 2797 1689 fidei,
2821 1623 2873 1675 in
2897 1620 3098 1691 Spiritu
3126 1629 3310 1675 sancto
3335 1628 3570 1684 orantes,
3600 1619 3749 1690 ipsos

2161 1729 2258 1768 vos
2287 1714 2339 1770 in
2363 1713 2646 1769 dilectione
2671 1712 2764 1768 Dei
2793 1719 3022 1778 servate,
3043 1717 3411 1782 exspectantes
3439 1709 3750 1764 misericor—

2162 1803 2304 1858 diam
2337 1804 2545 1860 Domini
2581 1801 2753 1859 nostri
2779 1801 2905 1857 Jcsu
2933 1801 3130 1856 Christi
3155 1840 3172 1868 ,
3203 1801 3256 1854 in
3281 1801 3443 1854 vitam
3467 1807 3748 1854 aeternam.

2163 1896 2231 1951 Et
2261 1897 2358 1952 hos
2379 1895 2590 1966 quidem
2619 1894 2827 1966 arguite
2847 1893 3136 1964 judicatos;
3163 1893 3284 1947 illos
3301 1906 3433 1947 vero
3458 1890 3661 1945 salvate
3679 1891 3754 1947 de

2164 1989 2287 2061 igne
2335 1989 2604 2060 rapientes
2636 2005 2649 2043 :
2679 1988 2801 2044 aliis
2828 1996 3005 2042 autem
3044 1984 3372 2060 miseremini
3411 1983 3462 2039 in
3513 1983 3706 2038 timore
3729 2023 3752 2051 ,

2158 2083 2406 2139 odientes
2441 2091 2501 2138 et
2543 2095 2664 2138 eam
2737 2095 2856 2152 qua:
2883 2079 3111 2136 carnalis
3151 2088 3268 2147 est,
3311 2076 3628 2133 maculatam
3666 2083 3752 2130 tu-

2167 2173 2362 2232 nicam.

2379 2266 2467 2322 DE
2497 2267 2708 2322 ιιιιιιυ
2747 2260 3208 2322 APOCALYPSIS
3239 2259 3536 2318 JOANNIS.

2237 2378 2390 2452 [Cap.
2405 2377 2495 2452 -ιι.]
2521 2378 2582 2435 Si
2606 2379 2829 2433 homines
2843 2419 2857 2443 ,
2878 2378 2981 2432 imo
3005 2378 3126 2447 quia
3150 2375 3375 2431 homines
3397 2373 3754 2445 intelliguntur

2165 2471 2379 2534 moneri,
2403 2486 2518 2524 cum
2541 2469 2722 2541 Angeli
2746 2478 3040 2536 monentur,
3060 2467 3120 2522 in
3149 2467 3379 2522 omnibus
3398 2465 3586 2520 eisdem
3619 2479 3757 2536 pre-

2166 2561 2322 2631 ceptt's
2347 2561 2584 2615 discimus
2608 2560 2765 2630 falsos
2785 2562 2970 2631 fratres
3008 2574 3097 2629 per
3124 2557 3415 2628 patientiam
3433 2553 3756 2610 sustinendos

2169 2661 2373 2722 prapter
2393 2667 2574 2706 nomen
2596 2650 2692 2705 Dei
2713 2691 2730 2718 ,
2757 2657 2804 2704 et
2840 2665 2931 2721 per
2950 2648 3293 2720 paenitentiam
3311 2645 3379 2700 ad
3414 2646 3580 2718 prima
3597 2659 3759 2714 opera

2169 2747 2298 2801 bona
2323 2744 2668 2810 redeundum,
2691 2752 2739 2798 et
2758 2759 2914 2815 usque
2939 2741 3006 2796 ad
3027 2751 3236 2798 mortem
3257 2739 3624 2811 persecutiones
3662 2752 3760 2807 pro

2169 2837 2272 2906 ﬁde
2298 2836 2616 2900 tolerandas,
2639 2845 2686 2889 et
2704 2834 2759 2888 in
2785 2833 3030 2887 charitate
3057 2828 3411 2888 serviendum?

2241 2927 2389 2982 Circa
2415 2936 2584 2980 autem
2605 2926 2757 2994 ﬁnem
2787 2925 2903 2979 libri
2929 2965 2944 2990 ,
2984 2939 3098 2978 cum
3123 2923 3186 2978 de
3223 2931 3400 2978 sancta
3444 2920 3652 2978 civitate.
3679 2920 3764 2975 lo-

2169 3028 2404 3090 queretur
2426 3016 2584 3090 [xxn]
2617 3033 2632 3072 :
2659 3015 2778 3071 Non
2799 3014 3047 3080 intrabit,
3076 3013 3274 3084 inquit,
3307 3012 3360 3068 in
3398 3026 3516 3067 eam
3558 3009 3762 3080 aliquid

2169 3112 2600 3184 coinquinatum.
2630 3118 2686 3165 et
2707 3107 2910 3164 faciens
2945 3105 3397 3164 abominationem
3440 3112 3495 3160 et
3533 3101 3764 3159 menda-

2165 3204 2332 3260 cium.

2244 3294 2313 3349 Et
2332 3293 2455 3349 alibi
2473 3292 2658 3366 [xxn.]
2688 3309 2703 3347 :
2730 3291 2882 3348 Beati
2906 3291 2998 3362 qui
3023 3290 3200 3345 lavant
3222 3289 3386 3346 stolas
3409 3303 3532 3344 suas
3552 3287 3605 3342 in
3638 3300 3766 3342 san-

2169 3386 2330 3458 guine
2367 3385 2538 3456 Agni,
2568 3393 2624 3438 ut
2662 3384 2731 3439 sit
2759 3392 2993 3454 potestas
3033 3396 3218 3438 eorum
3262 3380 3315 3435 in
3341 3380 3488 3450 ligno
3517 3378 3677 3444 vite,
3702 3386 3784 3431 et-

2174 3481 2340 3551 portis
2367 3479 2568 3535 intrent
2603 3478 2890 3533 civitatem.
2919 3476 3074 3532 Foris
3098 3489 3261 3530 canes
3283 3514 3298 3540 ,
3333 3480 3390 3528 et
3418 3470 3676 3535 venefici,
3707 3477 3769 3524 et

2173 3571 2445 3642 impudici,
2475 3579 2529 3626 et
2554 3568 2857 3635 homicidae,
2885 3576 2938 3623 et
2960 3566 3116 3622 idolis
3145 3565 3474 3626 servientes,
3503 3570 3558 3617 et
3583 3560 3768 3615 omnis

2171 3663 2260 3732 qui
2290 3669 2434 3718 amat
2470 3670 2525 3716 et
2551 3659 2678 3716 facit
2704 3657 3058 3714 mendacium.
3093 3657 3204 3728 Ego
3243 3655 3400 3712 Jesus
3444 3653 3565 3710 misi
3593 3667 3768 3723 ange-

2173 3752 2280 3806 lum
2305 3767 2478 3808 meum
2507 3751 2776 3807 testificari
2805 3749 2925 3806 haec
2954 3749 3126 3806 vobis.

2240 3908 2254 3938 ι
2282 3903 2478 3975 vulgata
2506 3906 2561 3975 in_
2583 3903 2806 3975 excusis,
2845 3901 3062 3975 loquitur.
3086 3899 3293 3975 superba
3322 3899 3406 3948 :in
3443 3898 3579 3947 Corb.
3620 3895 3769 3955 Bibl.,

2175 3961 2674 4030 loyuitur'superbiam
2702 3961 2911 4030 {Graece
2925 3972 3019 4024 est,
3045 3961 3156 4030 lutei
3176 3961 3466 4030 Ituperogca.

2237 4021 2258 4062 ⁵
2280 4030 2415 4078 oorb.
2434 4021 2595 4085 Biblia,
2617 4041 2703 4088 pro
2718 4027 2769 4078 in
2784 4021 3042 4089 nimietate,
3065 4021 3266 4089 habent,
3283 4021 3578 4089 impietatum
3592 4033 3608 4081 ;
3623 4021 3772 4084 juxta

2174 4104 2401 4155 graecum.
2427 4083 2742 4155 Nuncta'men
2765 4083 2962 4155 Vulgata
2984 4087 3097 4146 fert,
3120 4087 3170 4137 iu
3193 4083 3527 4150 itttpietttlibus.

2240 4127 2969 4214 ῗῖιέἕίιιὲ“ὀὸῖιὲἶξ’ῗέἱτὲὶὶῶἲήῖ.

3403 4321 3455 4330 ——-

1235 4607 1327 4670 IN
1367 4605 1649 4668 LIBROS
1691 4606 1795 4668 DE
1837 4605 2230 4668 CONSENSU
2272 4603 3033 4666 EVANGELISTARUM.

533 4852 752 4912 ‘llocvin
773 4865 938 4923 opere
961 4846 1019 4906 S.
1050 4845 1376 4917 Augustinus
1406 4846 1746 4917 Evangelium
1779 4861 1811 4902 a
1843 4846 2173 4918 Paganorum
2198 4846 2476 4907 calumniis
2505 4843 2892 4906 defendendum
2925 4850 3164 4922 suscipit.
3193 4852 3253 4907 Ei
3274 4853 3486 4924 quidem
3504 4854 3732 4910 statima
3754 4870 3792 4907 ι)

472 4949 598 5020 ipsa
609 4942 1044 5018 promulgatione
1068 4938 1292 4998 multum
1321 4939 1462 5009 apud
1491 4939 1714 5009 populos
1737 4953 1926 4996 omnes
1952 4938 2284 4996 auctoritatis
2298 4954 2360 4995 ac
2387 4938 2508 4996 fidei
2533 4956 2654 4998 cum
2681 4951 2883 5011 patrata
2915 4943 3168 4998 divinitus
3209 4954 3288 5001 tot
3330 4946 3582 5002 miracula
3601 4987 3616 5012 ,
3649 4955 3768 5002 tum

483 5054 741 5112 corporea
765 5036 944 5108 specie
966 5035 1216 5104 illapsus,
1247 5041 1304 5088 ut
1328 5032 1457 5087 illud
1484 5048 1582 5088 suo
1613 5032 1830 5088 numine
1858 5032 2109 5098 sanciret,
2139 5030 2368 5102 Spiritus
2396 5043 2616 5090 sanctus
2644 5037 2988 5105 conciliarat;
3010 5037 3105 5094 sed
3136 5054 3242 5095 non
3264 5039 3502 5107 defuere,
3527 5056 3555 5094 a
3579 5041 3777 5112 quibus

488 5141 904 5208 impugnantur.
934 5131 1170 5187 Primum
1196 5126 1340 5183 enim
1371 5134 1754 5182 tormentorum
1784 5135 1943 5197 atque
1968 5125 2346 5196 suppliciorum
2367 5127 2474 5182 vim
2495 5169 2510 5195 ,
2540 5143 2643 5198 qua
2663 5128 2780 5184 dire
2804 5129 2856 5184 in
2887 5130 3087 5200 primos
3125 5131 3457 5189 Christianam
3482 5136 3728 5190 szcvitum
3751 5177 3773 5203 ,

493 5228 771 5290 sustinuit;
801 5222 1000 5281 deinde
1051 5219 1412 5277 immunitates
1450 5218 1567 5276 illas
1587 5217 1798 5288 excepit
1821 5217 2080 5274 doctrina:
2105 5219 2304 5289 pariter
2321 5228 2481 5289 atque
2501 5221 2755 5288 historize,
2783 5237 2942 5292 quam
2972 5223 3152 5279 afﬂatu
3179 5225 3360 5281 divino
3379 5227 3514 5283 sacri
3543 5236 3780 5298 quatuor

489 5324 790 5393 Scriptores
824 5317 894 5374 de
920 5329 988 5371 eo
1007 5319 1305 5379 temerant,
1335 5309 1633 5365 criminatio
1664 5327 1678 5363 :
1713 5319 1996 5382 utrumque
2026 5309 2314 5366 incassum.
2354 5312 2665 5380 Enimvero,
2696 5314 3144 5384 quemadmodum
3182 5319 3368 5388 primis
3413 5320 3524 5374 suis
3564 5323 3778 5377 conati-

489 5417 590 5471 bus
620 5411 748 5469 nihil
770 5407 912 5465 aliud
941 5405 1215 5464 consecuti
1239 5411 1363 5461 sunt
1385 5403 1704 5474 evangelicae
1728 5404 1970 5458 veritatis
1993 5403 2322 5472 adversarii,
2355 5405 2454 5459 nisi
2493 5413 2554 5488 ut
2595 5405 2682 5460 illa
2726 5407 2924 5463 certior
2961 5409 3391 5482 exploratiorque
3429 5413 3774 5482 redderetur,

487 5509 674 5578 divino
699 5505 901 5576 Spiritu
938 5498 1297 5571 martyribus,
1325 5497 1415 5568 qui
1439 5512 1556 5552 eam
1584 5512 1684 5553 suo
1721 5497 1979 5568 sanguine
2018 5509 2320 5553 asserem-nt
2339 5539 2354 5566 ,
2386 5499 2525 5554 vires
2549 5510 2866 5571 suggerente
2912 5519 2924 5554 :
2966 5503 3044 5558 sic
3075 5503 3212 5560 idem
3257 5505 3349 5561 ille
3373 5506 3602 5577 Spiritus
3630 5524 3777 5578 pra:-

493 5599 942 5656 stantissimorum
968 5592 1202 5647 virorum
1235 5599 1443 5646 mentes
1465 5589 1656 5646 ardore
1682 5590 1956 5662 succendit
1981 5629 1996 5654 ,
2036 5605 2144 5660 quo
2184 5591 2424 5646 refutatis
2450 5591 2615 5646 multa
2655 5608 2774 5648 cum
2807 5593 3120 5651 eruditionis
3152 5597 3308 5653 laude
3363 5598 3779 5657 ldololatrarum

495 5693 796 5758 calumniis,
822 5689 1078 5760 majorem
1101 5685 1150 5741 ei
1171 5684 1552 5739 firmitudinem
1571 5699 1632 5738 ac
1659 5683 1970 5756 dignitatem
1996 5694 2388 5757 compararent.
2420 5686 2585 5741 Porro
2616 5686 2744 5742 illud
2767 5688 2819 5742 in
2847 5689 3031 5758 primis
3048 5691 3254 5744 crimini
3274 5691 3515 5760 dabatur,
3546 5691 3688 5748 inter
3716 5709 3780 5750 se

497 5786 800 5856 ncmiquam
825 5779 1129 5838 consentire
1156 5791 1337 5833 sacros
1364 5776 1643 5834 historicos
1675 5793 1688 5833 :
1738 5797 1756 5831 ι
1787 5777 1898 5835 iloc
1927 5782 2065 5838 cnim
2090 5783 2294 5848 $010.1,
2328 5801 2343 5833 ι
2380 5780 2453 5835 ait
2477 5779 2820 5851 Αιιειιδιίιιυδ,
2858 5799 2875 5831 ι
2905 5786 3050 5851 quasi
3084 5784 3320 5855 palmare
3367 5800 3480 5844 sua:
3519 5787 3778 5852 vanitatis
