4074 6354
506 403 645 462 ιω

503 528 716 587 verunt,
741 519 844 576 hoc
869 517 1163 576 redditum'
1189 524 1349 589 atque
1368 517 1690 589 completum
1717 514 1772 570 in
1799 513 2086 584 Evangelio

505 609 924 667 demonstratur.
949 610 1114 680 Cujus
1142 609 1295 680 primi
1312 607 1688 681 praedicatores
1707 605 1947 676 Apostoli
1974 604 2089 660 fue-

505 711 662 769 runt,
705 702 796 773 qui
855 702 1136 757 Dominum
1180 702 1350 772 ipsum
1395 709 1450 756 et
1483 698 1814 756 Salvatorem
1845 706 2086 753 nostrum

505 795 689 852 Jesum
715 793 980 852 Christum
1007 795 1163 851 etiam
1187 805 1506 866 prmsentem
1549 794 1604 848 in
1634 808 1793 848 carne
1819 792 2085 847 viderunt.

504 885 644 953 Qui’
665 901 770 941 non
790 886 960 944 solum
982 901 1045 942 ea
1069 902 1187 956 quae
1209 901 1274 942 ex
1301 899 1398 942 ore
1424 885 1541 955 ejus
1573 883 1754 939 audita
1781 882 1863 937 vel
1897 882 1964 937 ab
1993 882 2087 936 illo

503 979 604 1031 sub
620 978 789 1032 oculis
813 978 924 1033 suis
965 988 1212 1048 operata,
1243 977 1381 1032 dicta
1418 985 1474 1032 et
1506 975 1645 1032 facta
1696 975 2082 1040 memineram;

501 1084 687 1136 verum
714 1069 872 1124 etiam
889 1085 1007 1139 qua:
1037 1069 1345 1140 priusquam
1374 1067 1450 1123 illi
1478 1082 1577 1140 per
1595 1066 1966 1138 discipulatum
1986 1064 2086 1120 ad-

504 1162 792 1231 haeserant,
821 1164 874 1218 in
904 1164 1018 1234 ejus
1046 1164 1338 1228 nativitate,
1363 1162 1448 1218 vel
1471 1161 1712 1228 infantia,
1740 1159 1820 1215 vel
1839 1157 2084 1228 pueritia,

500 1253 754 1310 divinitus
775 1263 928 1325 gesta
959 1264 1012 1311 et
1037 1255 1193 1325 digna
1226 1254 1480 1310 memoria
1502 1294 1517 1317 ,
1558 1252 1670 1308 sive
1695 1251 1764 1306 ab
1791 1251 1906 1322 ipso
1925 1291 1940 1315 ,
1973 1249 2087 1305 sive

495 1363 534 1402 a
560 1348 868 1417 parentibus
892 1347 1007 1418 ejus
1027 1388 1042 1414 ,
1082 1349 1194 1402 sive
1227 1362 1256 1400 a
1283 1344 1602 1418 quibuslibet
1642 1343 1798 1408 aliis,
1849 1339 2088 1397 certissi-

499 1440 604 1494 mis
631 1439 840 1496 indiciis
886 1449 939 1495 et
989 1439 1311 1495 ﬁdelissimis
1355 1436 1674 1492 testimoniis
1716 1435 1988 1505 requirere
2034 1443 2088 1490 et

499 1545 821 1602 cognoscere
867 1540 1186 1601 potuerunt,
1233 1530 1478 1598 imposito
1523 1527 1624 1584 sibi
1690 1525 2086 1596 evangelizandi

499 1634 739 1688 munere,
770 1623 950 1692 generi
995 1622 1227 1677 humano
1274 1619 1588 1676 annuntiarc
1626 1624 1899 1672 curarunt.
1943 1615 2088 1682 Quo-

496 1699 619 1768 rum
647 1711 857 1782 quidam
879 1755 892 1778 ,
925 1713 1026 1768 hoc
1074 1722 1156 1767 est
1195 1711 1476 1768 Matthams
1512 1719 1566 1764 et
1605 1708 1874 1771 Joannes,
1923 1709 2085 1762 etiam

501 1804 696 1880 scripta
725 1803 791 1860 de
824 1791 913 1859 illo
933 1847 946 1871 ,
977 1820 1095 1875 quae
1123 1803 1400 1862 scribenda
1431 1803 1541 1856 visa
1567 1807 1726 1864 sunt,
1777 1799 1928 1855 libris
1973 1799 2082 1854 sin-

501 1897 640 1967 gulis
660 1895 960 1952 ediderunt.

501 2037 504 2040 .
571 1989 625 2042 2.
649 1990 728 2044 Ac
747 1975 1146 2058 nciputaretur,
1187 1987 1328 2060 quod
1367 1989 1556 2044 attinet
1593 1989 1660 2045 ad
1689 1985 2085 2061 percipiendum

499 2089 553 2134 et
577 2079 974 2149 praedicandum
999 2079 1373 2150 Evangelium,
1408 2080 1665 2136 interesse
1683 2079 1878 2149 aliquid
1908 2091 2085 2134 utrum

501 2169 576 2224 illi
604 2171 954 2236 annuntient,
976 2171 1066 2241 qui
1096 2171 1342 2227 etnndem
1385 2173 1666 2227 Dominum
1702 2173 1789 2228 hic
1835 2174 1886 2227 in
1928 2187 2088 2228 carne

502 2270 844 2330 apparentem
893 2261 1208 2332 discipulatu
1237 2261 1528 2319 famulante
1565 2265 1731 2319 secuti
1770 2272 1894 2318 sunt
1914 2304 1929 2327 ,
1957 2279 2022 2318 an
2051 2263 2086 2319 ii

501 2352 593 2424 qui
625 2367 692 2414 ex
740 2352 844 2406 illis
897 2351 1126 2407 fideliter
1175 2364 1447 2424 comperta
1495 2354 1867 2421 crediderunt;
1911 2353 2087 2408 divina

501 2441 832 2514 providentia
864 2455 1201 2513 procuratum
1247 2454 1329 2500 est
1369 2459 1465 2515 per
1504 2445 1760 2515 Spiritum
1811 2454 2083 2512 sanctum,

504 2539 566 2586 ut
598 2531 916 2604 quibusdam
959 2534 1119 2588 etiam
1163 2549 1227 2590 ex
1273 2535 1377 2590 illis
1424 2535 1515 2606 qui
1559 2536 1760 2606 primos
1805 2535 2089 2606 Apostolos

503 2624 883 2693 sequebantur,
913 2639 1018 2678 non
1068 2624 1240 2680 solum
1285 2624 1663 2691 annuntiandi,
1697 2641 1879 2681 verum
1927 2626 2089 2680 etiam

494 2701 776 2769 scribendi
807 2714 1153 2787 Evangelium
1185 2717 1507 2772 tribueretur
1526 2717 1816 2772 auctoritas
1849 2735 1860 2770 :
1887 2716 1938 2770 hi
1967 2726 2090 2772 sunt

500 2807 713 2862 Marcus
737 2815 792 2862 et
813 2807 1007 2863 Lucas.
1041 2805 1230 2864 Castori
1258 2819 1434 2864 autem
1475 2808 1718 2864 homines
1737 2850 1752 2876 ,
1779 2808 1870 2880 qui
1895 2808 1963 2864 de
1988 2809 2092 2863 Do-

503 2897 634 2952 mini
662 2897 1145 2969 velApostolorum
1175 2899 1381 2955 actibus
1428 2900 1604 2971 aliqua
1639 2899 1876 2956 scribere
1913 2900 2093 2956 conati

504 2993 589 3048 vel
616 2993 729 3048 ausi
760 3001 906 3060 sunt,
934 3009 1039 3049 non
1071 2994 1203 3048 tales
1239 2994 1350 3048 suis
1377 2993 1706 3064 temporibus
1749 2994 2087 3061 exstiterunt,

506 3092 568 3138 ut
587 3083 665 3139 eis
694 3082 850 3140 ﬁdem
881 3084 1100 3140 haberet
1131 3084 1398 3152 Ecclesia,
1433 3093 1590 3156 atque
1635 3085 1688 3139 in
1719 3085 2090 3140 auctoritatem

503 3175 814 3230 canonicam
857 3185 1160 3232 sanctorum
1201 3176 1480 3231 Librorum
1513 3191 1698 3232 eorum
1724 3176 1920 3246 scripta
1949 3176 2090 3232 reci-

507 3274 660 3336 peret
683 3284 696 3320 :
718 3282 816 3322 nec
835 3267 1008 3323 solum
1033 3265 1154 3338 quia
1184 3266 1259 3322 illi
1281 3282 1389 3324 non
1413 3267 1545 3340 tales
1559 3275 1731 3335 erant,
1755 3267 1947 3338 quibus
1967 3282 2090 3322 nar-

504 3357 746 3414 rantibus
770 3359 913 3414 credi
941 3367 1246 3429 oporteret;
1279 3358 1374 3414 sed
1400 3361 1559 3414 etiam
1587 3359 1710 3430 quia
1731 3358 1948 3428 scriptis
1976 3359 2091 3414 suis

504 3451 746 3521 quaedam
788 3451 1046 3508 fallaciter
1082 3452 1426 3520 indiderunt,
1472 3467 1592 3523 qua:
1631 3452 1894 3508 catholica
1932 3462 2092 3526 atque

504 3543 798 3613 apostolica
820 3543 999 3614 regula
1025 3543 1145 3599 ﬁdei
1173 3553 1226 3599 et
1250 3559 1378 3600 sana
1402 3543 1643 3599 doctrina
1673 3542 2017 3600 condemnat.

575 3633 800 3691 CAPUT
827 3633 891 3690 ll.
915 3665 988 3676 —
1011 3635 1149 3691 Ordo
1178 3634 1615 3708 Evangelistarum
1639 3676 1654 3701 ,
1684 3647 1732 3690 et
1771 3633 2020 3691 scribendi

1215 3727 1366 3782 ratio.

580 3819 635 3874 ὅ.
689 3817 780 3874 lsti
829 3819 988 3890 igitur
1028 3829 1256 3891 quatuor
1292 3819 1646 3890 Evangelista:
1689 3817 1943 3875 universo
1985 3825 2092 3875 ter-

504 3923 685 3964 rarum
712 3910 842 3966 orbe
887 3911 1185 3979 notissimi,
1227 3920 1280 3968 et
1321 3911 1390 3968 ob
1427 3911 1529 3968 hoc
1574 3910 1800 3968 fortasse
1841 3920 2088 3982 quatuor,

505 4001 756 4070 quoniam
787 4009 1020 4072 quatuor
1045 4012 1168 4058 sunt
1197 4011 1374 4073 partes
1411 4003 1558 4058 orbis
1586 4011 1764 4071 terrae,
1803 4019 1898 4074 per
1938 4004 2091 4075 cujus

505 4091 907 4148 universitatem
961 4093 1162 4150 Christi
1205 4094 1496 4150 Ecclesiam
1555 4094 1794 4161 dilatari,
1850 4095 1968 4166 ipso
2007 4097 2091 4152 sui

505 4182 713 4237 numeri
743 4192 1080 4240 sacramento
1121 4184 1517 4256 quodammodo
1563 4184 1937 4254 declararunt,
1988 4186 2092 4243 hoc

503 4271 694 4328 ordine
745 4274 1022 4344 scripsisse
1064 4275 1430 4346 perhibentur.
1497 4276 1733 4331 Primum
1769 4276 2089 4345 Malthteus,

504 4365 700 4421 deinde
724 4367 962 4433 Marcus,
991 4369 1147 4422 tertio
1174 4368 1346 4422 Lucas
1366 4410 1381 4434 ,
1441 4369 1626 4423 ultimo
1651 4368 1902 4424 Joannes.
1941 4369 2090 4427 Unde

503 4458 640 4513 alius
659 4459 736 4513 eis
755 4457 850 4514 fuit
878 4460 1008 4514 ordo
1036 4460 1388 4531 cognoscendi
1411 4472 1569 4532 atque
1589 4459 1930 4530 praedicandi,
1954 4463 2090 4519 alius

501 4559 682 4606 autem
750 4551 1038 4607 scribendi.
1084 4552 1164 4606 Ad
1221 4553 1645 4623 cognoscendum
1699 4555 1894 4624 quippe
1933 4563 2090 4624 atque

505 4640 919 4711 prmdicandum,
954 4643 1106 4712 primi
1135 4644 1313 4714 utique
1337 4643 1550 4699 fuerunt
1578 4644 1667 4716 qui
1707 4645 1878 4700 secuti
1911 4645 2090 4700 Domi-

469 4747 634 4806 ‘num
661 4731 712 4786 in
740 4747 901 4787 carne
937 4744 1287 4802 praesentem,
1339 4734 1606 4792 dicentem
1659 4737 1960 4804 audierunt,
2003 4737 2087 4793 fa-

503 4823 839 4893 cientemque
869 4824 1139 4890 viderunt;
1169 4835 1327 4896 atque
1360 4841 1425 4881 ex
1452 4827 1566 4897 ejus
1590 4843 1682 4884 ore
1709 4829 1774 4882 ad
1819 4830 2089 4901 evangeli-

505 4915 732 4972 zandum
758 4914 908 4970 missi
936 4924 1077 4971 sunt.
1119 4915 1224 4972 Sed
1252 4917 1304 4972 in
1345 4919 1731 4976 eonscribendo
1775 4921 2085 4992 Evangelio,

505 5010 648 5080 quod
679 5011 936 5067 divinitus
975 5013 1274 5068 ordinatum
1317 5029 1435 5070 esse
1482 5015 1809 5070 credendum
1860 5024 1975 5082 est,
2021 5031 2088 5072 ex

505 5117 730 5160 numero
750 5119 936 5162 eorum
961 5121 1096 5176 quos
1129 5114 1252 5162 ante
1279 5107 1584 5176 passionem
1618 5107 1877 5162 Dominus
1902 5109 2084 5180 elegit,

507 5196 736 5267 primum
763 5206 923 5267 atque
949 5198 1194 5253 ultimum
1229 5198 1404 5254 locum
1446 5199 1554 5253 duo
1603 5207 1925 5264 tenuerunt;
1981 5203 2088 5270 pri-

503 5303 651 5344 mum
677 5287 985 5354 Mattlueus,
1010 5289 1254 5344 ultimum
1274 5289 1506 5344 Joannes
1539 5306 1554 5343 :
1577 5297 1632 5343 ut
1660 5289 1849 5359 reliqui
1867 5289 1973 5347 duo
1995 5292 2084 5362 qui

493 5397 570 5446 ,οι
600 5381 693 5438 illo
725 5395 950 5437 numero
979 5397 1088 5436 non
1112 5390 1300 5449 erant,
1341 5380 1437 5437 sed
1481 5391 1656 5436 tamen
1705 5381 1975 5438 Christum
2030 5383 2084 5438 in

501 5476 612 5532 illis
662 5475 964 5546 loquentem
1015 5475 1185 5530 secuti
1233 5483 1409 5541 erant,
1459 5483 1707 5545 tanquam
1743 5473 1836 5529 ﬁlii
1877 5476 2086 5546 ample-

502 5565 712 5633 ctendi,
745 5579 810 5622 ac
835 5579 929 5636 per
953 5563 1057 5622 hoc
1083 5565 1138 5620 in
1173 5565 1291 5621 loco
1333 5565 1508 5622 medio
1537 5567 1828 5634 constituti,
1860 5577 2085 5638 utroque

495 5659 570 5716 ab
595 5657 674 5715 eis
703 5659 868 5714 latere
893 5657 1244 5716 munirentur.

566 5795 584 5864 ξ
609 5801 712 5864 stes.
738 5801 965 5864 quatuor,
986 5791 1258 5864 revelatum.
1390 5855 1399 5864 _

566 5857 588 5885 ⁸
612 5857 720 5904 uad.
745 5856 817 5904 tir.
846 5865 890 5905 et
922 5856 1141 5919 [let-ique
1167 5863 1289 5916 Mss,
1320 5856 1473 5927 cujus.

1282 402 1372 460 DE
1409 398 1758 460 CONSENSU
1801 397 2449 465 EVANGELISTARUM,
2489 398 2548 456 S.
2591 398 2956 460 AUGUSTI?“

3637 405 3778 462 ιοιι

2266 514 2318 570 4.
2354 514 2555 570 Horum
2603 531 2734 572 sane
2773 525 2998 588 quatuor
3035 517 3182 573 solus
3228 515 3509 574 Mattiacas
3559 517 3782 575 hebrreo

2193 607 2475 676 scripsisse
2534 607 2844 677 perhibetur
2908 607 3156 678 eloquio,
3216 609 3398 664 caeteri
3457 624 3658 681 graeco.
3713 610 3782 666 Et

2193 700 2438 768 quamvis
2479 700 2671 771 singuli
2718 715 2874 756 suum
2911 701 3194 771 quemdam
3239 701 3492 757 narrandi
3529 703 3781 759 ordinem

2193 793 2427 846 tenuisse
2449 791 2764 860 videantur,
2815 808 2923 848 non
2963 803 3140 848 tamen
3183 795 3546 865 unusquisque
3590 810 3781 850 eorum

2193 880 2338 936 velut
2366 882 2584 937 alterius
2618 881 2970 952 prmeedentis
3003 884 3218 954 ignarus
3257 884 3490 940 voluisse
3539 885 3786 941 scribere

2193 973 2478 1041 reperitur,
2509 975 2590 1028 vel
2619 975 2854 1045 ignorata
2883 975 3290 1044 prmtermisisse
3332 991 3451 1046 qua:
3501 977 3784 1048 scripsisse

2193 1064 2328 1119 alius
2357 1064 2650 1130 invenitur;
2691 1066 2784 1122 sed
2820 1067 2958 1121 sicut
2984 1067 3266 1138 unicuique
3305 1067 3619 1138 inspiratam
3656 1076 3776 1135 est,

2193 1172 2301 1210 non
2329 1158 2650 1228 superﬂuam
2676 1155 3105 1229 cooperationem
3151 1161 3234 1216 sui
3269 1160 3467 1216 laboris
3510 1162 3779 1232 adjunxit.

2191 1245 2324 1302 Nam
2351 1248 2627 1305 Matthzeus
2663 1252 2962 1327 suscepisse
3003 1251 3315 1323 intelligitur
3359 1253 3784 1309 incarnationem

2193 1341 2405 1398 Domini
2442 1344 2731 1399 secundum
2767 1346 2988 1414 stirpem
3027 1346 3226 1416 regiam
3251 1390 3265 1409 ,
3304 1355 3359 1400 et
3399 1347 3654 1417 pleraque
3695 1361 3784 1403 se-

2193 1431 2422 1487 cundum
2447 1433 2720 1488 hominum
2741 1444 3058 1506 prtesentem
3077 1437 3236 1490 vitam
3255 1437 3387 1492 facta
3407 1447 3463 1493 et
3480 1438 3621 1493 dicta
3641 1438 3780 1509 ejus.

2193 1523 2397 1580 Marcus
2427 1541 2546 1580 eum
2574 1526 2906 1590 subsecutus,
2929 1535 3178 1598 tanquam
3208 1529 3555 1600 pedissequus
3579 1538 3635 1586 et
3661 1530 3786 1586 bre-

2193 1616 2366 1670 viator
2392 1615 2506 1685 ejus
2538 1617 2766 1673 videtur.
2797 1617 2930 1674 Cum
2971 1620 3086 1675 solo
3118 1622 3326 1691 quippe
3359 1619 3565 1678 Joanne
3585 1665 3602 1690 ,
3647 1625 3786 1680 nihil

2193 1704 2322 1760 dixit
2348 1723 2362 1770 ;
2391 1706 2536 1761 solus
2557 1708 2690 1778 ipse,
2720 1725 3016 1780 perpauca;
3039 1726 3163 1766 cum
3187 1712 3302 1767 solo
3323 1711 3485 1780 Luca,
3506 1714 3784 1784 pauciora;

2193 1811 2312 1851 cum
2340 1797 2586 1854 Matthmo
2613 1816 2760 1868 vero,
2793 1801 3050 1872 plurima;
3073 1811 3128 1856 et
3157 1803 3321 1858 multa
3370 1818 3509 1876 pene
3559 1805 3786 1861 totidem

2193 1896 2352 1958 atque
2374 1889 2502 1958 ipsis
2528 1891 2734 1957 verbis,
2761 1892 2874 1947 sive
2899 1907 3022 1947 cum
3055 1894 3205 1962 solo,
3247 1895 3360 1950 sive
3398 1911 3520 1950 cum
3573 1898 3788 1953 eteteris

2193 1989 2543 2036 consonante.
2576 1981 2747 2038 Lucas
2777 1993 2951 2039 autem
2978 1985 3118 2040 circa
3157 1987 3543 2046 sacerdotalem
3571 1989 3787 2045 Domini

2194 2071 2417 2140 stirpem
2457 2081 2616 2142 atque
2654 2089 2938 2144 personam
2983 2078 3152 2150 magis
3203 2089 3493 2149 occupatus
3541 2091 3784 2152 apparet.

2194 2161 2323 2215 Nam
2347 2172 2400 2216 et
2420 2163 2486 2217 ad
2517 2165 2690 2234 ipsum
2723 2166 2884 2220 David
2920 2182 3023 2222 non
3077 2169 3278 2240 regium
3303 2179 3525 2225 stemma
3569 2182 3788 2228 secutus

2194 2252 2457 2318 ascendit,
2485 2253 2577 2308 sed
2606 2270 2700 2324 per
2727 2271 2821 2310 eos
2850 2256 2939 2326 qui
2966 2272 3118 2328 reges
3144 2275 3251 2313 non
3279 2258 3490 2315 fuerunt
3510 2305 3522 2326 ,
3552 2262 3683 2317 exiit
3716 2263 3788 2318 ad

2193 2342 2401 2398 Nathan
2427 2343 2591 2399 ﬁlium
2625 2345 2788 2400 David
2817 2346 2968 2417 (Luc.
2993 2365 3069 2413 Ill,
3098 2349 3215 2420 5f),
3261 2352 3352 2422 qui
3381 2368 3478 2407 nec
3521 2354 3635 2423 ipse
3687 2370 3789 2410 rex
3846 2341 3854 2348 ’

2195 2434 2310 2489 fuit.
2330 2435 2444 2490 Non
2466 2436 2602 2492 sicut
2628 2437 2910 2494 Mattlueus
2933 2481 2947 2505 ,
2989 2441 3077 2510 qui
3103 2457 3196 2510 per
3227 2443 3570 2499 Salomonem
3601 2461 3788 2516 regem

2195 2527 2526 2585 descendens
2561 2529 2775 2600 (Matth.
2816 2548 2855 2595 ι.
2896 2532 2975 2603 6),
3031 2545 3255 2589 crrteros
3302 2536 3462 2591 etiam
3515 2553 3670 2609 reges
3719 2555 3788 2595 ex

2195 2619 2383 2674 Ordine
2412 2630 2727 2689 persecutus
2754 2632 2836 2677 est
2854 2664 2869 2690 ,
2901 2638 3118 2678 servans
3145 2626 3198 2679 in
3223 2625 3302 2682 eis
3320 2666 3338 2694 ,
3365 2626 3432 2684 de
3465 2643 3572 2701 quo
3599 2639 3793 2700 postea

2197 2708 2504 2779 loquemur,
2533 2713 2814 2783 mysticum
2839 2729 3142 2770 numerum.

2195 2799 2422 2857 CAPUT
2465 2802 2553 2857 ΙΙΙ.
2605 2833 2679 2842 —
2730 2803 3002 2860 Matt/ratus
3052 2823 3166 2860 cum
3214 2807 3392 2863 Marco
3438 2811 3507 2864 ad
3555 2811 3787 2882 regiam,

2266 2893 2431 2948 Lucas
2461 2897 2528 2949 ad
2551 2895 2916 2952 sacerdotalem
2941 2897 3128 2953 Christi
3153 2917 3420 2971 personant
3460 2903 3792 2961 intentionem

2266 2985 2457 3039 retulit.

2267 3076 2320 3130 5.
2353 3075 2609 3132 Dominus
2628 3078 2769 3134 enim
2803 3079 2960 3134 Jcsus
2990 3079 3235 3138 Christus
3262 3099 3399 3140 unus
3424 3099 3584 3140 verus
3607 3101 3706 3141 rex
3735 3096 3794 3142 et

2197 3181 2334 3220 unus
2362 3181 2521 3222 verus
2549 3168 2818 3236 sacerdos,
2854 3170 2981 3225 illud
3009 3171 3075 3226 ad
3106 3173 3370 3243 regendos
3399 3189 3518 3242 nos,
3550 3176 3693 3231 istud
3719 3176 3790 3232 ad

2196 3259 2510 3330 expiandos,
2538 3261 2635 3315 has
2663 3261 2796 3316 duas
2827 3278 3084 3332 personas
3109 3266 3248 3336 apud
3278 3266 3464 3323 Patres
3492 3270 3510 3300 ί
3537 3268 3785 3340 singilla-

2197 3352 2291 3405 tim
2343 3353 2742 3408 commendatas
2787 3369 2936 3409 suam
2990 3356 3214 3428 ﬁguram
3259 3359 3434 3430 egisse
3475 3358 3791 3428 declaravit,

2197 3443 2309 3498 sive
2337 3444 2489 3500 titulo
2516 3445 2606 3500 illo
2631 3446 2720 3516 qui
2745 3447 2889 3502 cruci
2917 3447 3032 3518 ejus
3057 3449 3356 3519 superﬁxus
3386 3458 3523 3519 erat,
3555 3452 3669 3512 Rea:
3691 3452 3793 3508 Ju-

2197 3537 2456 3604 daorum;
2506 3539 2647 3594 unde
2690 3556 2886 3595 arcano
2929 3541 3182 3597 instinctu
3233 3543 3436 3600 Pilatus
3485 3545 3788 3613 reSpondit,

2199 3627 2350 3694 Quod
2372 3631 2551 3701 scripsi
2587 3632 2767 3702 scripsi
2807 3630 2984 3702 (Joan.
3033 3649 3149 3698 XIX,
3183 3632 3376 3707 19-22)
3419 3653 3432 3689 :
3476 3636 3790 3704 pratdietum

2196 3719 2393 3790 quippe
2431 3730 2547 3775 erat
2585 3720 2637 3774 in
2681 3721 2927 3790 Psalmis,
2959 3721 3042 3777 Ne
3081 3739 3379 3794 corrumpas
3421 3725 3558 3780 tituli
3597 3727 3788 3782 inscri-

2197 3812 2418 3883 ptionem
2445 3810 2614 3886 (Psat.
2645 3829 2828 3881 um,
2855 3812 2908 3887 1)
2933 3832 2948 3868 :
2974 3815 3088 3871 sive
3111 3816 3252 3886 quod
3282 3816 3351 3872 ad
3379 3831 3668 3887 personam
3698 3833 3791 3876 sa-

2196 3903 2428 3960 cerdotis
2447 3903 2658 3973 attinet,
2684 3904 2736 3959 in
2758 3919 2825 3961 eo
2848 3906 2992 3976 quod
3017 3922 3119 3963 nos
3141 3906 3336 3964 offerre
3366 3918 3524 3980 atque
3544 3911 3814 3982 accipere.

2198 3997 2415 4060 docuit;
2441 3996 2580 4053 unde
2608 3997 2945 4069 prophetiam
2973 4001 2994 4031 ⁸
3023 3999 3092 4055 de
3123 4015 3183 4056 se
3206 4002 3465 4071 prtemisit
3493 4001 3785 4071 dicentem,

2199 4088 2277 4144 Tu
2303 4105 2354 4143 es
2379 4088 2614 4144 sacerdos
2637 4090 2691 4143 in
2727 4100 2971 4146 aeternum
2999 4090 3276 4146 secundum
3308 4093 3538 4148 ordinem
3571 4093 3791 4150 Melchi-

2197 4181 2374 4235 scdeclt
2409 4178 2577 4248 (Psat.
2607 4195 2714 4248 CIX,
2737 4182 2827 4253 4).
2852 4181 3130 4254 Multisque
3157 4183 3277 4238 aliis
3299 4182 3634 4240 documentis
3653 4186 3791 4242 divi-

2199 4287 2386 4326 narum
2411 4271 2802 4341 Scripturarnm
2826 4288 2917 4328 rex
2940 4281 2994 4328 et
3012 4273 3262 4330 sacerdos
3277 4273 3522 4331 Christus
3541 4289 3786 4347 apparet.

2197 4362 2330 4416 Hinc
2358 4371 2412 4416 et
2447 4362 2560 4433 ipse
2595 4362 2782 4429 David,
2809 4361 2961 4432 cujus
3003 4380 3109 4418 non
3137 4363 3329 4420 frustra
3372 4365 3615 4420 crebrius
3647 4366 3789 4422 ﬁlius

2197 4453 2368 4509 dictus
2391 4464 2494 4520 est,
2521 4469 2677 4524 quam
2705 4453 2844 4508 ﬁlius
2873 4453 3120 4517 Abrahae,
3152 4463 3205 4509 et
3234 4470 3390 4525 quem
3419 4457 3782 4513 communiter

2199 4555 2479 4602 tenuerunt
2505 4546 2784 4602 Matthacus
2803 4554 2859 4601 et
2883 4547 3072 4610 Lucas.
3107 4548 3196 4602 ille
3220 4563 3248 4601 a
3277 4563 3384 4618 quo
3405 4564 3503 4618 per
3531 4549 3785 4607 Salomo-

2197 4654 2318 4693 nem
2346 4638 2727 4706 descenderet,
2754 4639 2852 4694 iste
2881 4639 2946 4693 ad
2975 4655 3133 4710 quem
3162 4655 3260 4712 per
3279 4641 3490 4696 Natlian
3527 4645 3787 4702 ascende-

2195 4739 2297 4795 ret,
2338 4746 2638 4801 quanquam
2679 4740 2861 4799 aperte
2910 4747 3004 4786 rex
3049 4730 3191 4796 fuit,
3239 4731 3484 4802 ﬁguravit
3517 4741 3700 4790 tamen
3736 4746 3789 4791 et

2196 4823 2487 4878 sacerdotis
2551 4837 2872 4893 personam,
2923 4823 3136 4892 quando
3187 4839 3348 4894 panes
3401 4827 3786 4897 propositionis

2195 4915 2567 4982 manducavit,
2599 4932 2731 4985 quos
2776 4932 2882 4972 non
2924 4916 3119 4972 licebat
3161 4917 3483 4973 manducare
3523 4920 3628 4975 nisi
3659 4921 3786 4976 solis

2195 5009 2559 5065 sacerdotibus
2597 5008 2636 5076 (Ι
2663 5008 2786 5078 Reg.
2819 5024 2933 5075 ut,
2966 5007 3026 5073 6;
3062 5007 3248 5063 Matth.
3294 5025 3392 5074 xu,
3424 5007 3500 5080 5).
3533 5010 3652 5064 Huc
3691 5025 3783 5066 ac-

2195 5099 2336 5154 cedit
2358 5097 2500 5168 quod
2527 5097 2673 5152 solus
2691 5098 2852 5152 etiam
2878 5099 3046 5153 Lucas
3066 5098 3282 5153 Mariam
3301 5110 3689 5156 commemorat
3713 5102 3784 5156 ab

2195 5189 2399 5260 Angelo
2428 5188 2814 5244 manifestatam
2835 5199 3112 5259 cognatam
3134 5190 3297 5245 fuisse
3313 5189 3580 5246 Elisabeth
3605 5189 3647 5255 ³,
3665 5207 3786 5263 qua:

2195 5297 2329 5336 uxor
2365 5288 2478 5335 erat
2503 5279 2777 5335 Zacharias
2805 5279 3116 5335 sacerdotis.
3145 5281 3219 5335 De
3243 5296 3348 5351 quo
3375 5280 3513 5336 idem
3543 5283 3783 5352 scripsit,

2193 5373 2334 5443 quod
2360 5386 2476 5426 eam
2505 5370 2572 5426 de
2609 5370 2816 5426 ﬁliabus
2855 5371 3032 5427 Aaron
3053 5413 3067 5436 ,
3095 5369 3198 5425 hoc
3226 5378 3308 5426 est
3331 5371 3398 5426 de
3429 5371 3568 5428 tribu
3597 5387 3756 5428 sacer

2193 5463 2376 5519 dolum
2405 5461 2634 5518 habebat
2655 5477 2872 5517 uxorem
2901 5460 3050 5536 (Luc.
3075 5478 3113 5528 ι,
3142 5463 3231 5529 56,
3255 5459 3332 5534 5).

2266 5555 2318 5610 6.
2357 5553 2491 5624 Cum
2529 5569 2656 5625 ergo
2703 5551 2982 5608 Matthaeus
3022 5553 3164 5609 circa
3206 5555 3368 5624 regis,
3418 5553 3592 5612 Lucas
3637 5555 3783 5612 circa

2260 5669 2414 5780 :Eldsgti
2431 5665 2845 5794 ὅπηιῖπῗῧξιέειὲξι
2855 5673 3038 5718 Patres.
3065 5667 3229 5728 Abest,
3249 5664 3483 5729 antiquos,
3508 5680 3538 5718 a
3559 5673 3672 5718 Uss.

2265 5793 2287 5825 ³
2300 5794 2373 5842 sic
2387 5793 2504 5842 editi
2521 5790 2630 5842 Bad.
2649 5790 2710 5856 et
2720 5798 2795 5841 Er.
2811 5790 3184 5856 sumagantibus
3196 5791 3556 5856 Ms._omnlbus.
3574 5799 3629 5845 At
3646 5797 3780 5856 ιον..

2200 5862 2530 5907 commemorat
2552 5851 2798 5916 namifeste
2814 5851 3061 5915 cognaiam
3071 5852 3222 5913 misse
3243 5852 3501 5906 Etizabetlt.
