4074 6354
331 358 465 421 1045

328 468 616 527 sacerdotis
647 480 925 538 personam
951 470 1157 535 gereret
1183 460 1547 521 intentionem,
1573 458 1779 526 utrique
1806 454 1907 509 hu-

326 564 635 620 manitatem
657 559 852 616 Christi
880 557 1106 613 maxime
1127 551 1581 609 connuendarnnt.
1610 546 1906 603 Scenudnm

326 653 594 708 hominem
624 648 817 720 quippe
843 646 1086 702 Christus
1110 653 1163 699 et
1193 659 1282 697 rex
1324 651 1374 695 et
1404 637 1655 695 sacerdos
1688 624 1908 691 efchtus

306 754 425 812 est,
456 745 545 800 cui
579 742 723 798 dedit
755 742 893 795 Deus
922 739 1101 794 sedem
1142 734 1303 789 David
1347 732 1508 803 patris
1537 729 1640 798 sui,
1683 738 1737 783 ut
1762 728 1907 798 regni

326 837 439 906 ejus
466 850 572 890 non
591 842 731 889 esset
758 831 874 885 ﬁnis
903 828 1051 901 (Luc.
1082 844 1119 895 ι,
1146 826 1235 890 ‘59,
1267 824 1379 895 55),
1402 831 1454 876 et
1483 828 1624 877 esset
1649 818 1713 873 ad
1743 819 1908 872 inter-

300 926 629 999 pellandum
660 939 756 994 pro
786 922 939 976 nobis
964 918 1220 974 mediator
1248 916 1338 970 Dei
1369 922 1422 967 et
1450 912 1720 966 hominum
1748 908 1909 962 homo

304 1019 570 1087 Christus
589 1016 738 1073 Jcsus
755 1014 794 1087 (l
811 1013 939 1066 Tim.
965 1027 1022 1074 ιι,
1040 1009 1114 1082 5).
1134 1008 1246 1061 Non
1275 1015 1449 1059 autem
1466 1002 1642 1057 habuit
1660 1010 1908 1068 tanquam

322 1111 680 1166 breviatorcm
721 1105 1062 1173 conjunctum
1108 1100 1276 1154 Lucas
1300 1137 1315 1163 ,
1346 1097 1483 1150 sicut
1509 1092 1742 1146 Marcum
1774 1089 1907 1142 Mat-

325 1203 518 1257 thams.
554 1200 622 1254 Et
652 1199 751 1253 hoc
790 1196 1018 1252 fortasse
1054 1207 1158 1247 non
1189 1189 1304 1243 sine
1334 1186 1508 1255 aliquo
1535 1188 1867 1237 sacramento
1891 1218 1905 1243 ,

304 1278 446 1366 quia
484 1306 668 1361 regum
701 1298 781 1343 est
818 1302 923 1342 non
962 1299 1080 1340 esse
1126 1282 1239 1336 sine
1268 1279 1517 1334 comitum
1555 1271 1811 1341 obsequio
1843 1270 1859 1299 ¹
1891 1286 1905 1322 :

321 1384 466 1441 unde
512 1383 604 1457 ille
646 1381 732 1451 qui
776 1377 974 1448 regiam
1023 1387 1304 1445 personam
1355 1368 1551 1424 Christi
1592 1360 1907 1418 narrandam

322 1454 656 1547 susceperat,
685 1472 867 1526 habuit
893 1468 993 1524 sibi
1025 1475 1272 1535 tanquam
1301 1460 1550 1516 comitem
1577 1454 1906 1523 adjunetnm,

321 1568 413 1639 qui
452 1581 548 1621 sua
579 1563 796 1632 vestigia
835 1553 1225 1629 quodammodo
1276 1559 1604 1622 sequeretur.
1648 1541 1910 1600 Sacerdos

320 1665 501 1712 autem
533 1655 780 1725 quoniam
824 1650 875 1703 in
904 1655 1086 1704 sancta
1116 1652 1419 1699 sanctorum
1466 1636 1610 1693 solus
1643 1632 1907 1697 intrabat,

300 1755 609 1827 propterea
639 1743 826 1807 Lucas,
855 1739 1005 1810 cujus
1030 1738 1170 1792 circa
1196 1732 1552 1790 sacerdotium
1574 1726 1767 1784 Christi
1796 1732 1911 1778 erat

320 1839 570 1903 intentio,
604 1851 708 1890 non
736 1833 919 1889 habuit
950 1839 1198 1900 tanquam
1229 1827 1429 1882 socium
1470 1823 1905 1890 subsequentem,

323 1930 418 2001 qui
446 1943 597 1983 suam
626 1924 983 1981 narrationem
1006 1916 1397 1991 quodammodo
1413 1914 1695 1970 breviaret.

319 2018 551 2076 CAPUT
581 2017 666 2072 IV.
692 2046 763 2057 -—
782 2014 1004 2070 Joannes
1024 2012 1183 2083 ipsius
1203 2010 1514 2063 divinitatem
1533 2000 1911 2076 exprimendam

1016 2106 1226 2161 curavit.

396 2209 451 2262 7.
484 2206 617 2263 Tres
638 2214 813 2261 tamen
832 2203 917 2258 isti
943 2199 1289 2271 Evangelistte
1311 2197 1363 2253 in
1392 2196 1475 2251 his
1500 2195 1661 2251 rebus
1681 2191 1911 2248 maxime

230 2332 236 2338 -
318 2299 581 2357 diversati
622 2308 773 2363 sunt,
802 2310 933 2366 quas
970 2293 1212 2350 Christus
1257 2305 1351 2360 per
1377 2288 1664 2343 humanam
1696 2298 1911 2339 carnem

320 2390 691 2461 temporaliter
738 2387 903 2459 gessit
955 2404 967 2441 :
1020 2398 1183 2455 porro
1235 2390 1411 2435 autem
1460 2378 1692 2434 Joannes
1744 2374 1912 2443 ipsam

320 2484 560 2539 maxime
580 2481 908 2536 divinitatem
937 2476 1164 2541 Domini,
1190 2489 1292 2545 qua
1309 2471 1450 2527 Patri
1474 2479 1554 2525 est
1569 2467 1810 2539 tequalis,
1835 2465 1915 2519 in-

304 2573 519 2637 tendit,
563 2586 787 2641 eamque
834 2568 1100 2640 praecipue
1148 2580 1248 2621 suo
1302 2561 1617 2630 Evangelia,
1659 2565 1913 2628 quantum

321 2664 469 2719 inter
482 2660 997 2725 hominessufﬁcere
1020 2655 1266 2720 credidit,
1290 2651 1666 2709 commendare
1687 2648 1911 2704 curavit.

319 2756 512 2828 Itaque
541 2755 696 2826 longe
723 2769 754 2809 a
783 2753 955 2809 tribus
994 2750 1109 2805 istis
1135 2746 1379 2817 superius
1405 2743 1595 2808 fertur,
1622 2742 1690 2796 ita
1735 2750 1791 2794 ut
1818 2738 1915 2793 hos

319 2849 511 2907 videas
526 2842 919 2918 quodammodo
941 2842 994 2896 in
1018 2849 1158 2896 terra
1182 2853 1303 2893 cum
1322 2834 1536 2891 Christo
1560 2831 1773 2887 homine
1796 2845 1917 2885 con-

320 2940 564 3005 versari;
620 2938 770 2993 illum
819 2944 994 2990 autem
1045 2928 1440 2985 transcendisse
1485 2924 1756 2990 nebulam,
1814 2937 1915 2991 qua

298 3032 527 3103 -tegitur
538 3029 712 3085 omnis
733 3036 891 3092 terra,
915 3033 970 3079 et
993 3022 1297 3093 pervenisse
1314 3017 1379 3073 ad
1406 3015 1663 3087 liquidum
1690 3012 1915 3079 coelum,

297 3102 472 3179 .undc
486 3121 599 3177 acie
618 3118 812 3175 mentis
837 3114 1144 3173 acutissima
1169 3122 1328 3181 atque
1355 3107 1655 3163 ﬁrmissima
1684 3102 1910 3167 videret,

320 3215 381 3272 in
422 3211 682 3285 principio
725 3208 957 3266 Verbum
1002 3205 1167 3262 Deum
1213 3200 1352 3275 apud
1396 3200 1585 3266 Deum,
1620 3211 1716 3268 per
1754 3209 1917 3267 quem

321 3304 467 3363 facta
487 3311 610 3361 sunt
628 3302 836 3367 omnia;
856 3307 912 3355 et
927 3299 1099 3369 ipsum
1122 3300 1435 3366 agnosceret
1456 3304 1673 3345 carnem
1692 3286 1913 3352 factum,

297 3404 389 3450 .ut
406 3394 669 3451 habitaret
694 3393 747 3448 in
773 3391 925 3448 nobis
948 3387 1124 3460 (Joan.
1148 3402 1186 3453 ι,
1213 3385 1266 3451 l,
1288 3385 1342 3449 3,
1370 3382 1459 3452 14)
1486 3398 1497 3435 :
1527 3379 1668 3451 quod
1693 3391 1919 3447 accepe-

323 3485 399 3541 rit
427 3498 644 3541 carnem
666 3524 681 3548 ,
711 3496 816 3538 non
840 3479 983 3551 quod
1012 3478 1170 3533 fuerit
1197 3483 1429 3530 mutatus
1454 3471 1506 3527 in
1537 3484 1777 3527 carnem.
1805 3467 1919 3523 Nisi

302 3578 476 3641 :enim
505 3576 680 3632 carnis
707 3573 998 3642 assumptio
1028 3578 1237 3626 servata
1265 3564 1687 3622 incommutabili
1720 3562 1917 3618 divini-

304 3677 440 3725 .tate
483 3667 617 3724 facta
658 3676 820 3733 esset,
855 3682 961 3720 non
1009 3664 1296 3726 diceretur,
1342 3660 1452 3730 Ego
1491 3667 1537 3711 et
1568 3656 1721 3710 Pater
1761 3671 1919 3708 unum

305 3776 505 3817 .sumns
531 3758 642 3830 (Id.
673 3775 708 3814 ι
730 3799 744 3822 ,
772 3757 862 3828 50)
896 3775 909 3811 :
947 3769 1118 3824 neque
1146 3754 1287 3808 enim
1318 3749 1477 3803 Pater
1507 3756 1560 3802 et
1603 3761 1728 3800 caro
1754 3759 1916 3798 unmn

306 3857 479 3906 sunt.
502 3850 567 3904 Et
584 3848 687 3904 hoc
706 3848 773 3903 de
794 3847 969 3918 seipse
992 3842 1202 3898 Domini
1226 3839 1586 3897 testimonium
1609 3836 1755 3889 solus
1776 3834 1917 3889 idem

326 3942 566 3998 Joannes
591 3938 1057 4001 commemoravit;
1090 3943 1162 4000 et,
1193 3932 1291 3998 Qui
1320 3948 1396 3985 me
1423 3930 1559 3995 vidit,
1584 3928 1705 3981 vidit
1737 3935 1781 3979 et
1814 3923 1918 3978 Pa-

329 4031 542 4095 trem‘;
573 4036 646 4095 et,
679 4027 789 4098 Ego
814 4028 867 4080 in
899 4025 1076 4091 Patre,
1104 4032 1151 4078 et
1183 4021 1338 4075 Pater
1365 4020 1416 4072 in
1445 4035 1521 4071 me
1558 4026 1629 4071 est
1662 4014 1770 4086 (Id.
1809 4029 1917 4081 xw,

329 4123 388 4190 9,
434 4121 522 4193 10)
546 4137 561 4186 ;
589 4128 661 4185 et,
698 4118 765 4174 Ut
808 4118 907 4173 sint
956 4131 1129 4177 unum,
1174 4114 1303 4167 sicut
1345 4119 1391 4164 ct
1431 4126 1521 4163 nos
1556 4123 1711 4160 unum
1751 4122 1922 4159 sumus

330 4214 448 4286 (Id.
480 4229 612 4279 xvu,
649 4212 776 4283 22);
807 4219 881 4277 et,
916 4210 1252 4275 Quwcumque
1279 4203 1430 4258 Pater
1451 4202 1591 4275 facit,
1618 4201 1723 4254 liazc
1749 4199 1923 4254 cadent

320 4316 382 4363 et
409 4303 580 4359 Filius
606 4303 727 4381 facit
746 4301 972 4357 similiter
1000 4297 1106 4369 (Id.
1138 4313 1189 4362 ν,
1216 4297 1337 4367 19);
1370 4305 1422 4349 et
1449 4295 1492 4349 si
1520 4309 1620 4363 qua
1653 4292 1754 4344 alia
1777 4300 1918 4353 sunt,

329 4397 667 4471 qua-Christi
686 4394 1034 4459 divinitatem,
1051 4391 1105 4446 in
1126 4405 1225 4460 qua
1250 4387 1470 4458 aequalis
1490 4395 1571 4439 est
1589 4383 1752 4448 Patri,
1779 4392 1923 4437 recte

333 4488 756 4560 intelligentibus
783 4484 1046 4549 intiment,
1072 4496 1208 4551 pene
1234 4479 1378 4533 solus
1406 4476 1640 4530 Joannes
1664 4475 1712 4527 in
1745 4472 1923 4526 Evan—

332 4582 478 4653 gelio
505 4594 602 4635 suo
635 4577 809 4650 posuit
840 4594 852 4629 :
889 4584 1135 4643 tanquam
1166 4570 1254 4641 qui
1285 4568 1354 4624 de
1382 4575 1598 4638 pectore
1629 4562 1795 4632 ipsius
1819 4561 1923 4615 Do-

333 4672 490 4739 mini,
521 4684 682 4740 super
709 4665 851 4739 quod
873 4662 1210 4720 discumbere
1237 4659 1289 4713 in
1317 4658 1433 4726 ejus
1462 4651 1709 4709 convivio
1736 4650 1924 4704 solitus

336 4774 459 4824 erat
476 4762 585 4835 (Id.
612 4778 731 4829 xui,
750 4758 866 4832 23),
892 4763 1158 4813 secretum
1182 4747 1473 4805 divinitatis
1495 4746 1611 4816 ejus
1633 4741 1847 4797 uberius
1870 4749 1925 4795 et

336 4855 734 4931 quodammodo
755 4850 1064 4908 familiarius
1094 4843 1303 4900 biberit.

339 4926 575 5007 CAPUT
624 4946 690 5001 V.
736 4973 807 4985 ——
856 4941 1074 4996 Virtutes
1124 4938 1266 5003 duce;
1310 4933 1445 4987 circa
1490 4926 1929 4999 contemplativam

424 5041 673 5105 Joannes,
700 5037 837 5090 circa
854 5033 1068 5088 activam
1092 5026 1428 5098 Evangelista:
1449 5024 1538 5077 alii
1559 5030 1840 5077 versantur.

413 5134 470 5191 8.
498 5128 729 5187 Proinde
753 5140 876 5182 cum
913 5123 1032 5178 dua:
1052 5122 1274 5175 virtutes
1300 5114 1588 5187 proposita:
1613 5114 1721 5167 sint
1740 5109 1930 5164 animae

344 5229 595 5285 humanae
613 5263 631 5291 ,
662 5237 766 5278 una
792 5218 962 5275 activa
982 5258 996 5283 ,
1036 5215 1203 5270 altera
1231 5205 1647 5277 contemplativa
1671 5221 1686 5270 ;
1715 5203 1801 5258 illa
1829 5217 1930 5272 qua

344 5325 486 5389 itur,
515 5321 617 5377 ista
651 5332 754 5388 qua
789 5312 1130 5385 pervenitur;
1160 5309 1250 5363 illa
1280 5322 1380 5377 qua
1409 5306 1681 5359 laboratur
1701 5343 1716 5368 ,
1757 5309 1815 5354 ut
1840 5313 1933 5354 cor

346 5413 635 5471 mandetur
669 5409 737 5464 ad
776 5404 1064 5462 videndum
1111 5402 1311 5463 Deum;
1343 5398 1442 5450 ista
1490 5409 1593 5463 qua
1625 5400 1840 5445 vacatur
1881 5398 1936 5444 et

347 5509 559 5567 videtur
584 5506 724 5561 Deus
753 5518 766 5557 :
798 5501 886 5557 illa
926 5506 1009 5554 est
1047 5496 1101 5551 in
1144 5490 1424 5565 praeceptis
1458 5486 1772 5555 exercenda:
1812 5486 1935 5540 vita:

414 5623 434 5655 ¹
460 5627 567 5670 Mss.
591 5617 691 5667 duo
700 5622 752 5667 et
761 5613 909 5664 editio
923 5615 1045 5670 Bat.,
1056 5608 1104 5658 id
1121 5612 1216 5667 est,
1238 5616 1353 5670 quae
1366 5601 1614 5670 Augustini
1632 5601 1938 5670 natispopenr

350 5696 419 5735 sas
440 5660 875 5740 siiidiowreeognita
888 5660 983 5732 est,
1009 5660 1219 5740 habent,
1241 5660 1344 5716 sine
1367 5660 1872 5740 Salaminiis:

417 5719 1238 5794 deuorasse;saginas
1269 5738 1483 5794 graecum
1500 5758 1514 5782 ν
1533 5719 1793 5794 acontias
1813 5719 1932 5778 eme.

356 5785 529 5858 εὸνάιὶὲ
551 5785 919 5863 Elimea.“
941 5796 1057 5847 editi
1082 5785 1211 5853 :'Qui
1230 5785 1306 5840 me
1331 5786 1474 5847 videt,
1498 5785 1623 5838 videt
1645 5791 1692 5837 et
1711 5790 1914 5837 Patrem.

1709 339 1911 397 LIBER
1951 336 2216 394 PRIMUS.

3456 337 3596 397 1046

2016 453 2171 522 hujus
2202 452 2505 523 temporalis
2530 494 2545 520 ,
2572 452 2669 507 ista
2711 452 2762 506 in
2802 451 3042 508 doctrina
3068 450 3187 506 vitrc
3217 451 3358 507 illius
3389 453 3590 521 sempi-

2016 554 2197 599 ternae.
2228 546 2303 599 Ac
2329 561 2422 615 per
2448 544 2549 600 hoc
2581 545 2666 599 illa
2696 552 2961 614 operatur,
2992 543 3090 597 ista
3118 543 3401 612 requiescit
3428 559 3441 606 ;
3475 542 3595 612 quia

2016 637 2099 691 illa
2117 647 2198 692 est
2216 638 2265 691 in
2286 639 2595 708 purgatione
2612 646 2970 707 peccatorum,
2993 636 3091 690 ista
3115 637 3163 690 in
3192 636 3387 691 lumine
3429 636 3445 667 ⁸
3475 642 3598 704 pur-

2013 737 2277 799 galerum.
2310 729 2387 783 Ac
2411 743 2507 797 per
2536 727 2640 782 hoc
2677 728 2730 782 in
2766 726 2866 781 hac
2896 727 2997 780 vita
3030 727 3258 792 mortali,
3300 726 3384 780 illa
3426 734 3507 780 est
3546 725 3597 779 in

2014 836 2173 890 opere
2200 822 2352 876 bona:
2378 821 2822 885 conversationis;
2846 817 2941 874 ista
2965 834 3091 875 vero
3119 820 3283 890 magis
3311 820 3365 873 in
3398 818 3518 884 fide,
3548 827 3598 872 ct

2014 912 2152 982 apud
2174 928 2467 983 perpaucos
2483 929 2576 983 per
2595 914 2864 981 speculum
2890 913 2941 966 in
2960 912 3239 983 mnigmale
3260 955 3272 975 ,
3291 922 3342 968 et
3364 928 3426 967 ex
3454 923 3599 982 parte

2015 1003 2067 1058 in
2120 1005 2293 1073 aliqua
2354 1006 2555 1060 visione
2608 1005 3053 1062 incommutabilis
3108 1005 3341 1059 veritatis
3395 1003 3437 1079 (ι
3479 1004 3597 1059 Cor.

2018 1110 2144 1161 xm,
2174 1094 2284 1167 12).
2319 1095 2411 1149 Hie
2441 1096 2559 1150 dua:
2588 1097 2805 1151 virtutes
2832 1097 2882 1151 in
2913 1096 3113 1150 duabus
3151 1097 3403 1152 uxoribus
3432 1096 3602 1153 Jacoh

2016 1183 2249 1254 ﬁguratae
2291 1185 2672 1256 intelliguntur.
2707 1187 2778 1241 De
2810 1187 3002 1255 quibus
3047 1186 3302 1241 adversus
3338 1185 3589 1241 Faustum

2014 1275 2356 1330 Manichtcum
2389 1292 2485 1345 pro
2513 1276 2727 1331 modulo
2750 1291 2890 1339 meo,
2913 1284 3163 1345 quantum
3190 1277 3262 1331 illi
3284 1276 3430 1345 operi
3452 1276 3594 1330 sufﬁ-

2015 1382 2137 1422 cere
2180 1367 2493 1435 videbatur,
2552 1368 2774 1423 disserni
2822 1366 2955 1436 (Lib.
3002 1367 3105 1432 22,
3151 1385 3261 1438 cap.
3306 1370 3445 1437 5‘2“).
3496 1362 3637 1431 Liaf

2014 1459 2208 1528 quippe
2231 1459 2626 1527 interpretatur,
2644 1458 2944 1523 Laborans;
2966 1458 3163 1513 Rachel
3184 1440 3594 1526 autem,lVis'um
3646 1438 3649 1441 ἢ

2015 1550 2324 1621 principium
2355 1552 2395 1602 ξ.
2430 1551 2505 1604 Ex
2535 1566 2640 1621 quo
2665 1550 2881 1620 intelligi
2911 1550 3085 1616 datur,
3118 1550 3160 1605 si
3185 1550 3465 1620 diligenter
3493 1550 3595 1605 ad-

2000 1648 2209 1723 vertas,
2244 1651 2350 1697 tres
2387 1642 2752 1713 Evangelistas
2790 1642 3095 1713 temporalia
3141 1642 3275 1697 facta
3313 1642 3516 1695 Domini
3544 1649 3597 1695 et

2014 1729 2150 1786 dicta
2166 1746 2282 1801 qum
2296 1730 2358 1786 ad
2379 1732 2740 1787 informandos
2757 1746 2932 1788 mores
2944 1732 3062 1786 vita:
3075 1732 3351 1801 prmsentis
3370 1732 3597 1787 maxime

2014 1824 2278 1905 valerent,
2323 1826 2590 1898 cepiosius
2639 1834 2964 1895 persecutos,
3006 1827 3144 1880 circa
3188 1825 3329 1878 illam
3373 1824 3597 1879 activam

2015 1918 2259 1972 virtutem
2288 1916 2451 1972 tuisse
2478 1926 2745 1983 versatos;
2775 1917 3033 1973 Joannem
3064 1932 3190 1971 vero
3222 1915 3354 1970 facta
3389 1915 3596 1970 Domini

2017 2010 2181 2067 multo
2210 2010 2458 2081 pauciora
2485 2018 2817 2076 narrantem,
2848 2010 2984 2064 dicta
3018 2024 3143 2063 vero
3168 2009 3283 2077 ejus
3304 2050 3317 2073 ,
3353 2023 3415 2062 ea
3454 2023 3595 2076 prae-

2016 2104 2197 2159 scrtim
2225 2119 2342 2173 qua:
2369 2102 2640 2157 Trinitatis
2672 2101 2922 2156 unitatem
2961 2109 3012 2155 et
3044 2102 3163 2154 vitte
3190 2108 3403 2154 :eternre
3432 2098 3598 2153 felici-

2018 2205 2177 2252 tatem
2203 2196 2531 2251 insinuarent
2558 2237 2573 2262 ,
2605 2194 2905 2264 diligentius
2932 2201 2982 2248 et
3017 2192 3231 2246 uberius
3253 2190 3600 2246 conscriben-

2020 2296 2125 2343 tem
2151 2329 2163 2352 ,
2192 2288 2247 2341 in
2274 2287 2465 2342 virtute
2508 2284 2915 2355 contemplativa
2957 2282 3375 2339 commendanda
3402 2324 3417 2349 ,
3448 2296 3599 2336 suam

2020 2380 2364 2433 intentionem
2392 2377 2927 2450 prtedicationemque
2960 2374 3213 2429 tenuisse.

2018 2469 2240 2526 CAPUT
2288 2468 2372 2523 γι.
2414 2498 2485 2509 —
2531 2467 2759 2532 Quatuor
2802 2465 3043 2519 animalia
3084 2480 3145 2519 ea;
3190 2462 3495 2532 Apocalypsi
3536 2459 3599 2515 da

2096 2570 2308 2629 quatuor
2330 2558 2662 2629 Evangetistis
2682 2558 2771 2610 atii
2798 2558 2912 2611 aliis
2941 2557 3108 2625 aptius
3139 2554 3512 2607 intellexerunt.

2090 2652 2142 2706 9.
2186 2649 2335 2707 Unde
2366 2649 2492 2703 mihi
2522 2649 2782 2712 videntur,
2807 2647 2893 2717 qui
2918 2662 2985 2700 ex
3015 2644 3329 2714 Apocalypsi
3361 2643 3445 2696 illa
3467 2655 3598 2711 qua-

2020 2751 2139 2797 tuor
2168 2742 2412 2796 animalia
2453 2740 2519 2795 ad
2560 2738 2927 2808 intelligendos
2968 2744 3192 2807 quatuor
3233 2734 3599 2804 Evangelistas

2020 2833 2346 2903 interpretati
2370 2840 2513 2898 sunt,
2540 2831 2862 2902 probabilius
2888 2828 3083 2899 aliquid
3108 2826 3396 2882 attendisse
3414 2825 3489 2878 illi
3509 2824 3601 2893 qui

2022 2926 2229 2981 leonem
2263 2924 2313 2979 in
2344 2923 2590 2978 Matthzeo
2611 2966 2625 2987 ,
2658 2921 2926 2976 hominem
2974 2921 3024 2973 in
3056 2918 3229 2973 Marco
3252 2959 3265 2984 ,
3293 2916 3512 2970 vitulum
3543 2914 3601 2968 in

2022 3016 2183 3086 Luca,
2212 3017 2440 3088 aquilam
2473 3016 2525 3069 in
2548 3014 2750 3070 Joanne
2781 3014 3178 3077 intellexerunt,
3216 3025 3371 3082 quam
3403 3008 3478 3063 illi
3505 3008 3597 3077 qui

2023 3107 2291 3163 hominem
2334 3105 2601 3171 lllattlneo,
2644 3105 2873 3175 aquilam
2914 3101 3107 3165 Marco,
3153 3100 3361 3155 leonem
3410 3096 3602 3153 Joanni

2022 3198 2340 3253 tribuerunt.
2389 3198 2461 3251 De
2510 3195 2780 3266 principiis
2827 3194 2966 3248 enim
3015 3192 3273 3246 librorum
3319 3187 3603 3259 quamdam

2021 3290 2381 3359 conjecturam
2408 3303 2599 3357 capere
2625 3288 2925 3350 voluerunt,
2956 3297 3060 3337 non
3085 3282 3151 3337 de
3180 3289 3283 3335 tetu
3306 3278 3607 3333 intentione

2023 3382 2515 3453 Evangelistarum,
2569 3392 2686 3447 qua:
2741 3374 2908 3443 magis
2964 3372 3135 3426 fuerat
3193 3366 3600 3439 perscrutanda.

2022 3473 2184 3528 Multo
2212 3472 2351 3527 enim
2388 3467 2759 3539 congruentius
2790 3466 2878 3520 ille
2915 3463 3001 3533 qui
3031 3462 3226 3530 regiam
3252 3458 3449 3515 Christi
3480 3471 3604 3527 per-

2024 3581 2207 3621 sonam
2236 3563 2462 3618 maxime
2482 3556 2892 3622 commendavit,
2916 3571 3008 3624 per
3037 3555 3243 3608 leonem
3276 3550 3611 3621 signiﬁcatus

2024 3658 2279 3727 accipitur
2306 3672 2318 3707 :
2350 3652 2489 3708 unde
2512 3660 2565 3706 et
2592 3652 2643 3704 in
2673 3646 2985 3719 Apocalypsi
3013 3660 3133 3699 cum
3161 3644 3274 3713 ipsa
3300 3641 3438 3698 tribu
3461 3639 3604 3710 regia

2022 3750 2108 3805 leo
2135 3752 2578 3803 commemoratus
2595 3750 2695 3807 est,
2711 3739 2795 3795 ubi
2814 3738 3011 3792 dictum
3028 3742 3130 3803 est,
3161 3733 3288 3789 Vicit
3306 3733 3381 3787 leo
3398 3730 3461 3785 de
3475 3729 3609 3785 tribu

2024 3842 2163 3895 Juda
2187 3842 2368 3913 (Apoc.
2392 3856 2447 3905 v,
2478 3837 2553 3908 5).
2579 3833 2878 3890 Secundum
2906 3830 3207 3885 Matthzeum
3234 3828 3375 3883 enim
3398 3834 3451 3880 et
3471 3824 3608 3895 Magi

2027 3941 2306 3987 narrantur
2340 3930 2549 3985 venisse
2577 3928 2643 3982 ab
2682 3926 2900 3981 Oriente
2937 3922 3002 3977 ad
3044 3936 3223 3991 regem
3263 3915 3609 3989 quaerendum

2026 4034 2077 4078 ct
2105 4021 2454 4083 adorandum,
2487 4020 2573 4089 qui
2600 4020 2675 4072 eis
2703 4032 2798 4087 per
2828 4016 3033 4070 stellam
3062 4020 3217 4066 natus
3239 4008 3483 4080 apparuit
3512 4024 3524 4060 :
3554 4014 3611 4061 et

2030 4116 2142 4185 ipse
2168 4131 2258 4170 rex
2291 4112 2526 4167 llerodes
2554 4124 2733 4181 regem
2766 4105 3012 4161 formidat
3038 4102 3290 4157 infantem
3316 4142 3329 4167 ,
3365 4108 3524 4168 atque
3550 4106 3610 4151 ut

2029 4224 2148 4262 cum
2203 4205 2369 4276 possit
2419 4202 2702 4267 occidere,
2759 4208 2833 4253 tot
2879 4195 3124 4266 parvulos
3180 4200 3332 4246 necat
3387 4188 3601 4262 (Matth.

2030 4314 2087 4365 ιι,
2119 4296 2295 4365 l—l8).
2325 4293 2474 4362 Quod
2505 4300 2679 4346 autem
2713 4303 2807 4358 per
2834 4286 3052 4339 vitulum
3083 4283 3252 4336 Lucas
3279 4278 3608 4349 signiﬁcatus

2028 4390 2117 4452 sit,
2162 4394 2379 4456 propter
2421 4383 2701 4437 maximam
2758 4378 3025 4431 victimam
3070 4371 3382 4435 sacerdotis,
3434 4369 3609 4423 neutri

2030 4482 2417 4537 dubitaverunt.
2452 4476 2522 4528 lhi
2570 4474 2707 4527 enim
2748 4486 2779 4525 a
2819 4466 3093 4522 sacerdote
3130 4464 3384 4519 Zacharia
3429 4460 3613 4531 incipit

2029 4589 2207 4629 sermo
2253 4568 2551 4631 narrantis;
2601 4566 2669 4619 ibi
2717 4562 2960 4631 cognatio
3005 4557 3184 4613 Mariae
3233 4565 3286 4611 et
3334 4553 3609 4610 Elisabelh

2032 4668 2477 4717 commemoratur
2501 4655 2648 4729 (Luc.
2678 4671 2715 4717 I,
2750 4654 2802 4714 5,
2832 4652 2925 4722 36)
2953 4668 2966 4715 ;
3001 4650 3070 4704 ibi
3089 4656 3422 4704 sacramenta
3455 4646 3608 4715 primi

2033 4752 2312 4809 SGCt‘l‘titllii
2353 4751 2406 4805 in
2448 4749 2649 4803 infante
2683 4744 2895 4800 Christo
2942 4742 3155 4813 impleta
3188 4746 3471 4793 narrantur
3502 4735 3607 4804 (Id.

2034 4865 2088 4913 ιι,
2120 4844 2315 4913 22-21)
2347 4862 2359 4898 :
2389 4851 2439 4897 et
2468 4853 2814 4912 qumoumquc
2841 4836 2941 4890 alia
2970 4842 3190 4906 possunt
3215 4832 3496 4900 diligenter
3522 4828 3585 4881 ad

2033 4942 2189 5009 verti,
2213 4941 2402 5010 quibus
2430 4944 2680 5007 appareat
2699 4934 2870 4988 Lucas
2897 4930 3240 4985 intentionem
3269 4927 3408 4980 circa
3440 4938 3611 4977 sacer.

2035 5035 2175 5091 dotis
2204 5046 2485 5102 personam
2535 5028 2803 5081 habuisse.
2851 5024 3057 5078 Marcus
3104 5036 3262 5090 ergo,
3305 5017 3391 5087 qui
3444 5032 3615 5086 neque

2037 5131 2259 5196 stirpem
2287 5122 2504 5193 regiam,
2537 5133 2705 5187 neque
2736 5113 3117 5170 sacerdotalem
3146 5110 3225 5164 vel
3250 5108 3614 5179 cognationem

2039 5218 2119 5273 vel
2162 5213 2613 5271 consecrationem
2664 5222 2881 5263 narrare
2916 5204 3102 5267 voluit,
3130 5210 3182 5255 et
3221 5209 3393 5254 tamen
3441 5199 3492 5252 in
3538 5198 3615 5253 eis

2040 5316 2282 5365 versatus
2310 5302 2605 5360 ostenditur
2629 5315 2746 5370 quae
2784 5298 2942 5351 homo
2970 5294 3216 5350 Christus
3238 5299 3488 5361 operatus
3510 5286 3613 5355 est,

2042 5408 2242 5454 tantum
2290 5394 2521 5449 hominis
2575 5393 2738 5460 ﬁgura
2792 5388 2844 5441 in
2891 5386 2992 5440 illis
3043 5394 3267 5454 quatuor
3304 5380 3627 5437 animalibus

2106 5532 2122 5563 ι
2148 5537 2275 5578 Unus
2299 5540 2329 5575 e
2353 5522 2586 5573 Vaticanis
2609 5528 2735 5578 Mss,
2759 5517 2808 5567 in
2832 5513 3177 5578 illuiuiiwtione
3204 5547 3216 5559 .

2104 5595 2125 5624 ⁸
2148 5570 2275 5639 Ξίῖὶἷῖ
2288 5570 2495 5647 excepto
2510 5570 2628 5642 ttat.,
2646 5570 2769 5632 visits
2786 5577 3089 5642 principium.
3110 5582 3163 5623 Αι
3179 5581 3305 5635 Mss,
3325 5570 3477 5623 vistan
3491 5570 3622 5684 prin-

2104 5652 2218 5684 .s.....
2253 5663 2264 5674 ι
2288 5650 2357 5684 cir-
2380 5647 2523 5684 minm
2547 5646 2592 5684 in
2624 5644 2706 5684 lih-
2732 5641 2793 5684 ἓξ
2813 5647 2975 5684 contra
2998 5645 3243 5684 Faustum.
3270 5647 3374 5684 can.
3398 5634 3477 5684 52.
3516 5637 3622 5684 eni-

2042 5634 2594 5717 czpiziyiﬁéiéjéhamju
2617 5634 2707 5691 lib.
2732 5634 3217 5717 ascendentem?
3228 5647 3382 5717 ζἰεειηι
3398 5634 3477 5717 se,
3494 5634 3622 5717 legi-

2044 5697 2331 5775 {bifariam
2355 5710 2500 5775 haece
2524 5701 3049 5775 interpretatione,sive
3074 5697 3291 5752 Verbum.
3319 5698 3387 5748 ait
3407 5697 3637 5761 Augusti:

2048 5764 2157 5834 nus',
2180 5786 2241 5824 ex
2266 5784 2357 5830 quo
2378 5769 2562 5820 videtur
2585 5764 2890 5821 vrincivinm.

3746 1326 3775 1349 ι..

3756 1416 3839 1441 κη,
