4082 6476
505 403 529 459 Ι
539 399 642 459 047

500 515 833 589 signiﬁcatus
854 513 1083 573 videtur.
1109 514 1234 572 Haec
1253 524 1429 571 autem
1450 517 1698 571 animalia
1724 517 1824 572 tria
1845 516 1957 571 sive
1978 514 2083 582 leo,

500 613 616 668 sive
643 610 806 667 homo
831 653 847 678 ,
878 611 990 667 sive
1029 610 1225 665 vitulus
1248 652 1262 675 ,
1292 610 1343 669 in
1380 618 1517 665 terra
1556 609 1868 681 gradiuntur
1900 628 1914 665 :
1947 608 2086 666 unde

497 704 588 759 isti
633 712 742 759 tros
781 702 1132 774 Evangelistae
1171 702 1224 757 in
1268 701 1349 757 his
1388 702 1620 760 maxime
1657 702 1899 771 occupati
1936 708 2082 766 sunt,

497 809 618 863 quae
648 792 891 850 Christus
915 794 967 849 in
993 808 1153 849 carne
1182 801 1430 864 operatus
1454 800 1556 859 εει,
1587 800 1640 847 ει
1671 809 1789 863 quae
1819 800 2082 863 praecepta

497 885 740 942 mortalis
758 885 879 940 vitze
906 884 1220 941 exercenda:
1239 899 1455 941 carnem
1482 882 1816 955 portantibus
1845 882 2079 939 tradidit.

495 981 575 1034 At
609 993 739 1035 vero
780 978 1014 1034 Joannes
1053 992 1213 1047 super
1253 977 1427 1033 nubila
1473 976 1797 1032 infirmitatis
1833 976 2083 1031 humana:

497 1071 646 1126 velut
683 1068 858 1141 aquila
897 1070 1067 1134 volat,
1100 1078 1155 1125 et
1194 1070 1365 1125 lucem
1397 1068 1846 1125 incommutabilis
1889 1068 2082 1123 verita-

493 1158 567 1215 tis
612 1159 933 1216 acutissimis
973 1170 1131 1232 atque
1184 1159 1503 1218 firmissimis
1550 1160 1719 1220 oculis
1767 1158 1945 1217 cordis
1992 1159 2078 1214 in-

495 1258 672 1307 tuetur
695 1250 796 1323 (α).

491 1342 721 1403 CAPUT
753 1343 859 1401 ΥΠ.
892 1375 963 1387 -
991 1345 1154 1402 Causa
1195 1345 1415 1417 suscepti
1438 1345 1605 1414 operis
1633 1344 1695 1399 de
1725 1342 2078 1416 Evangelista-

562 1454 677 1494 tum
722 1454 987 1494 consensu.
1041 1439 1337 1494 Occurritur
1377 1440 1438 1492 iis
1477 1438 1564 1509 qui
1610 1438 1782 1491 dicunt
1824 1436 2077 1489 Christum

560 1531 694 1587 nihil
720 1534 997 1603 scripsisse,
1030 1532 1307 1604 discipulos
1331 1549 1443 1588 vero
1469 1534 1576 1604 ejus
1593 1531 1754 1589 Deum
1778 1532 1921 1589 illum
1943 1548 2077 1602 prir-

563 1626 803 1693 dicando,
832 1627 1062 1681 mentitos
1092 1627 1269 1698 fuisse.

561 1718 649 1778 10.
692 1718 799 1774 llas
828 1718 1035 1775 Domini
1064 1728 1276 1773 sanctas
1306 1716 1610 1788 quadrigas,
1640 1716 1830 1786 quibus
1857 1730 1952 1786 per
1980 1730 2072 1772 or-

484 1811 609 1868 bem
638 1818 819 1865 vectus
863 1810 1061 1879 subigit
1092 1809 1318 1879 pupulas
1341 1808 1444 1863 leni
1484 1823 1581 1862 suo
1612 1806 1740 1877 jugo
1765 1818 1812 1861 et
1848 1807 2072 1861 sarcina:

486 1902 590 1958 levi
618 1943 633 1967 ,
663 1901 875 1971 quidam
902 1902 981 1956 vel
1026 1900 1183 1970 impia
1214 1899 1442 1954 vanitate
1471 1899 1551 1953 vel
1582 1898 1825 1967 imperita
1854 1897 2072 1952 temeri-

484 2000 594 2048 tate
618 1991 894 2046 calumniis
919 2000 1194 2062 appctunt,
1224 2000 1282 2045 ut
1301 1990 1377 2045 eis
1405 1989 1608 2044 veracis
1637 1988 1954 2043 narrationis
1975 1988 2071 2044 de-

483 2091 675 2153 rogent
702 2081 880 2149 lidcm,
911 2098 1005 2152 per
1028 2098 1160 2151 quos
1187 2081 1473 2136 christiana
1514 2080 1699 2149 religio
1723 2079 2067 2134 disseminata

482 2189 580 2244 per
604 2173 859 2228 mundum
880 2212 895 2239 ,
941 2181 1081 2225 tanta
1121 2172 1391 2227 fertilitate
1430 2170 1708 2243 provenit,
1738 2178 1797 2224 ut
1827 2170 2068 2225 homines

479 2265 723 2322 infideles
743 2266 854 2336 jam
900 2266 1034 2320 inter
1062 2266 1266 2335 scipsos
1299 2264 1592 2317 calumnias
1620 2276 1744 2317 suas
1784 2263 2066 2318 mussitare

425 2351 442 2365 ’
478 2359 568 2412 vix
592 2358 823 2414 audeant
844 2400 858 2424 ,
888 2358 1181 2428 compressi
1209 2356 1312 2412 fide
1338 2356 1587 2413 Gentium
1628 2365 1681 2411 et
1709 2357 1944 2409 omnium
1970 2355 2066 2411 de-

477 2451 693 2505 votione
744 2451 1084 2521 populorum.
1136 2450 1547 2514 Verumtamen,
1602 2450 1724 2519 quia
1779 2449 2065 2507 nonnullos

476 2540 652 2597 adhuc
680 2540 1021 2597 calumniosis
1046 2539 1488 2609 disputationibus
1509 2539 1620 2594 suis
1638 2580 1652 2604 ,
1682 2538 1761 2593 vel
1791 2539 2063 2594 retardant

475 2650 507 2690 a
548 2633 652 2689 fide
697 2649 764 2689 ne
800 2633 1041 2699 credant,
1089 2633 1172 2688 vel
1214 2632 1323 2703 jam
1353 2632 1653 2697 credentes,
1685 2641 1941 2702 quantum
1966 2646 2061 2701 po-

473 2726 693 2791 tuerint,
725 2724 974 2796 agitando
1007 2724 1361 2795 perturbant;
1388 2723 1623 2778 nonnulli
1652 2731 1828 2777 autem
1869 2722 2060 2779 fratres

471 2818 617 2873 salva
649 2817 751 2873 fide
779 2832 938 2876 nosse
980 2816 1285 2872 desiderant
1308 2815 1434 2887 quid
1484 2814 1675 2869 talibus
1700 2813 2062 2884 respondeant

470 2910 853 2981 quastionibus
871 2952 889 2979 ,
913 2910 997 2966 vel
1026 2909 1091 2964 ad
1122 2909 1413 2980 profectum
1444 2908 1682 2963 scientia:
1709 2920 1819 2961 sua:
1840 2947 1854 2970 ,
1882 2905 1967 2959 vel
1990 2903 2057 2960 ad

469 3002 683 3059 illorum
709 3002 1012 3072 vaniloquia
1041 3000 1328 3058 refellenda
1354 3018 1368 3066 ;
1397 3000 1686 3070 inspirante
1712 3008 1873 3069 atque
1899 2996 2055 3068 adju-

470 3104 630 3149 vante
669 3093 897 3150 Domino
938 3094 1260 3148 Dconostro
1286 3092 1448 3164 (quod
1492 3092 1692 3148 utinam
1734 3099 1788 3146 et
1817 3090 2054 3161 ipsorum

468 3182 629 3239 saluti
661 3181 878 3257 prosit),
896 3182 1001 3239 hoc
1026 3198 1187 3255 opere
1211 3181 1580 3240 demonstrare
1615 3181 1949 3251 suscepimus
1968 3194 2056 3236 cr-

466 3288 645 3328 rorem
685 3272 767 3328 vel
810 3272 1161 3330 temeritatem
1202 3287 1386 3327 eorum
1428 3270 1520 3348 qui
1552 3282 1738 3327 contra
1780 3270 2052 3343 Evangelii

466 3375 694 3436 quatuor
734 3365 936 3436 libros,
963 3378 1099 3438 quos
1148 3365 1505 3436 Evangelistze
1547 3373 1774 3439 quatuor
1815 3364 2052 3436 singulos

463 3458 918 3529 conscripserunt,
944 3458 1073 3513 satis
1093 3466 1307 3530 argutas
1321 3457 1721 3513 criminationes
1736 3472 1795 3513 se
1811 3456 2052 3528 proferre

462 3549 792 3606 arbitrantur
826 3568 843 3606 :
867 3548 1009 3620 quod
1036 3561 1088 3604 ut
1120 3549 1230 3616 fiat,
1258 3563 1415 3620 quam
1442 3563 1547 3604 non
1574 3548 1676 3604 sibi
1700 3548 2052 3605 adversentur

462 3639 623 3695 iidem
645 3640 934 3710 scriptores
953 3640 1607 3711 quatuor,ostendendum
1637 3649 1738 3697 est.
1768 3641 1878 3696 lloc
1904 3641 2047 3699 enim

463 3731 640 3789 solent
688 3731 839 3801 quasi
868 3732 1107 3802 palmare
1145 3732 1161 3763 ¹
1194 3746 1304 3787 sum
1334 3731 1581 3789 vanitatis
1607 3731 1839 3801 objicere
1863 3773 1879 3801 ,
1905 3730 2047 3803 quod

464 3821 565 3890 ipsi
598 3821 944 3892 Evangelistzc
967 3822 1102 3876 inter
1132 3822 1337 3891 seipsos
1361 3822 1699 3878 dissentiant.

536 3912 624 3967 il.
666 3912 773 3968 Sed
820 3912 943 3967 illud
983 3912 1130 3983 prius
1167 3912 1553 3967 discutiendum
1583 3922 1683 3978 est,
1730 3912 1870 3985 quod
1910 3912 2047 3970 solet

466 4004 750 4059 nonnullus
779 4019 1011 4067 movere.
1040 4021 1134 4059 cur
1164 4004 1276 4075 ipse
1302 4006 1559 4062 Dominus
1592 4004 1721 4059 nihil
1750 4005 2042 4074 scripserit,

464 4104 521 4149 ut
548 4095 667 4150 aliis
692 4094 759 4149 de
805 4095 895 4149 illo
920 4094 1272 4151 scribentibus
1298 4111 1517 4155 necesse
1545 4097 1615 4150 sit
1649 4096 1889 4151 credere.
1931 4095 2045 4153 Hoc

461 4187 606 4243 enim
643 4185 825 4243 dicunt
870 4187 945 4242 illi
984 4188 1065 4243 vel
1110 4188 1338 4243 maxime
1386 4188 1593 4259 pagani,
1640 4189 1729 4257 qui
1763 4188 2042 4244 Dominum

461 4279 633 4347 ipsum
659 4278 844 4333 Jcsum
872 4276 1137 4333 Christum
1176 4280 1393 4349 culpare
1420 4286 1511 4333 aut
1540 4279 1909 4349 blasphemare
1936 4297 2043 4338 non

458 4369 678 4436 audent,
718 4370 870 4439 eique
902 4370 1135 4424 tribuunt
1160 4369 1667 4427 excellentissimam
1693 4370 2039 4440 sapientiam,

457 4458 552 4515 sed
581 4469 752 4515 tamen
787 4469 1035 4530 tanquam
1080 4460 1279 4516 homini
1314 4477 1327 4515 :
1355 4460 1642 4530 discipulos
1671 4475 1797 4515 vero
1824 4462 1939 4531 ejus
1961 4462 2043 4521 di-

455 4560 586 4607 cunt
623 4552 875 4622 magistro
925 4567 1023 4607 suo
1049 4552 1275 4621 amplius
1320 4552 1569 4607 tribuisse
1611 4566 1768 4621 quam
1807 4562 1941 4621 erat,
1985 4565 2041 4610 ut

456 4657 579 4697 eum
609 4641 801 4699 Filium
845 4642 941 4700 Dei
983 4642 1241 4711 dicerent,
1287 4652 1341 4699 et
1379 4642 1611 4704 Verbum
1642 4645 1734 4699 Dei
1776 4660 1872 4716 per
1898 4645 2041 4715 quod

452 4731 594 4789 facta
624 4742 747 4790 sunt
776 4734 977 4802 omnia,
1015 4743 1070 4792 ct
1100 4735 1272 4805 ipsum
1314 4749 1378 4791 ac
1414 4734 1582 4792 Deum
1622 4736 1834 4794 Patrem
1876 4752 2040 4794 unum

454 4837 615 4891 esse;
647 4838 712 4880 ac
746 4824 793 4880 si
820 4837 925 4896 qua
963 4824 1155 4884 similia
1193 4833 1319 4883 sunt
1350 4825 1407 4885 in
1431 4826 1739 4897 apostolicis
1775 4826 1993 4887 Litteris
2018 4868 2036 4898 ,

451 4915 647 4988 quibus
678 4931 800 4971 eum
839 4930 961 4971 cum
1000 4915 1157 4972 Patre
1198 4930 1361 4974 unum
1404 4916 1569 4972 Deum
1597 4916 1884 4973 colendum
1918 4932 2039 4974 esse

453 5006 757 5067 didicimus.
778 5008 1155 5064 "onerandum
1167 5008 1309 5065 enim
1322 5017 1573 5081 tanquam
1587 5009 2038 5081 sapientissimum

451 5102 625 5158 virum
649 5110 852 5172 putant;
873 5100 1153 5158 colendum
1171 5111 1345 5157 autem
1366 5109 1613 5174 tanquam
1634 5101 1799 5159 Deum
1821 5112 2034 5174 negant.

525 5191 615 5253 i2.
654 5192 786 5249 Cum
812 5207 940 5264 ergo
964 5202 1208 5264 qumrunt
1233 5208 1398 5264 quare
1440 5192 1554 5263 ipse
1594 5207 1699 5247 non
1728 5194 2036 5264 scripserit,

445 5282 699 5341 videntur
726 5284 895 5355 parati
921 5283 1081 5338 fuisse
1109 5282 1211 5339 hoc
1240 5283 1308 5341 de
1334 5283 1426 5339 illo
1452 5284 1689 5352 credere,
1718 5284 1858 5355 quod
1884 5284 1953 5341 de
1976 5301 2038 5343 se

450 5378 568 5450 ipse
594 5376 914 5449 scripsisset,
945 5391 1052 5435 non
1081 5376 1223 5447 quod
1248 5376 1337 5434 alii
1360 5375 1426 5431 de
1452 5375 1541 5431 illo
1571 5392 1666 5447 pro
1694 5392 1791 5433 suo
1815 5378 2037 5435 arbitrio

451 5468 850 5539 praedicasscnt.
883 5468 925 5523 A
954 5469 1147 5539 quibus
1163 5482 1367 5539 qumro,
1391 5483 1485 5522 cur
1507 5468 1574 5523 de
1600 5469 1912 5540 quibusdam
1939 5485 2035 5526 no.

448 5558 725 5619 bilissimis
765 5558 1092 5630 philoSOphis
1136 5560 1246 5614 suis
1274 5558 1375 5616 hoc
1417 5560 1760 5625 crediderint,
1798 5562 1941 5633 quod
1968 5562 2036 5620 de

434 5652 553 5735 .lllis
575 5666 761 5707 eorum
791 5651 1034 5722 discipuli
1074 5651 1329 5722 scriptum
1360 5654 1635 5708 memorire
1664 5654 2030 5726 reliquerunt,

514 5768 529 5834 ξ
557 5766 691 5834 aliti,
717 5766 941 5834 palmam.
969 5766 1134 5817 Melius
1157 5767 1337 5834 aliquot
1366 5776 1491 5830 Vss,
1517 5773 1751 5834 palmare.

509 5829 584 5892 (α)
608 5836 758 5881 haut.
784 5830 845 5879 36
861 5832 907 5879 in
930 5838 1083 5891 toan,
1107 5844 1156 5878 n.
1183 5830 1229 5879 ὅ.

1353 402 1443 460 DE
1478 398 1831 461 CONSENSU
1870 396 2517 476 EVANGELISTARUM,
2558 407 2619 466 S.
2658 408 3028 471 AUGUSTINI

3646 420 3787 480 im

2191 530 2312 572 cum
2339 518 2405 576 de
2429 536 2486 576 se
2515 521 2615 592 ipsi
2658 524 2786 580 nihil
2824 528 3205 599 scripsissent?
3245 528 3377 587 Nam
3407 531 3776 607 Pythagoras,

2192 624 2297 679 quo
2336 612 2386 667 in
2432 614 2516 668 illa
2543 619 2949 689 contemplativa
2993 622 3186 679 virtute
3212 624 3341 681 nihil
3382 635 3505 683 tunc
3534 630 3553 661 ί
3592 631 3781 686 habuit

2193 701 2394 761 Graecia
2425 709 2637 774 clarius,
2671 728 2776 767 non
2809 721 3009 770 tantum
3036 719 3103 772 de
3130 731 3210 785 se,
3241 718 3336 774 sed
3364 735 3463 776 nec
3486 720 3554 778 de
3584 722 3690 777 ulla
3718 740 3783 779 re

2190 796 2386 867 aliquid
2432 802 2709 873 scripsisse
2739 806 3065 876 perhibetur.
3110 810 3364 868 Socrates
3385 823 3587 884 autem,
3613 830 3777 886 quem

2188 905 2373 947 rursus
2416 893 2467 948 in
2506 896 2696 962 activa,
2737 914 2839 969 qua
2887 914 3063 956 mores
3104 902 3475 970 informantur,
3520 908 3776 963 omnibus

2188 983 2555 1052 praetulerunt,
2577 987 2646 1042 ita
2664 998 2721 1043 ut
2743 991 3045 1048 testimonio
3065 1009 3275 1066 quoque
3298 997 3395 1052 Dei
3414 998 3496 1053 sui
3511 999 3780 1069 Apollinis

2187 1074 2423 1129 omnium
2462 1078 2915 1147 sapientissimum
2966 1087 3361 1154 pronuntiatura
3390 1104 3513 1146 esse
3550 1106 3659 1147 non
3688 1100 3778 1147 ta-

2185 1172 2361 1232 ceant,
2407 1165 2593 1239 Aisopi
2638 1169 2843 1228 fabulas
2890 1176 3127 1243 pauculis
3172 1178 3417 1236 versibus
3457 1191 3779 1251 persecutus

2185 1264 2288 1322 est,
2320 1258 2477 1314 verba
2521 1269 2576 1315 et
2608 1278 2858 1320 numeros
2885 1281 3010 1322 suos
3035 1268 3293 1325 adhibens
3317 1271 3476 1329 rebus
3514 1272 3776 1345 alterius,

2182 1360 2353 1417 usque
2392 1350 2526 1406 adeo
2556 1352 2687 1408 nihil
2734 1357 2971 1414 scribere
3006 1361 3191 1427 voluit,
3225 1371 3281 1417 ut
3308 1362 3412 1418 hoc
3439 1379 3498 1419 se
3525 1375 3776 1425 coactum

2184 1434 2410 1507 imperio
2445 1442 2529 1497 sui
2574 1443 2833 1502 daemonis
2862 1447 3051 1505 fecisse
3080 1450 3293 1518 dixerit,
3337 1454 3473 1510 sicut
3502 1456 3778 1514 nobilissi-

2183 1544 2304 1584 mus
2343 1531 2723 1605 discipulorum
2769 1540 2886 1609 ejus
2929 1540 3075 1596 Plato
3113 1555 3536 1602 commemorat:
3568 1548 3621 1604 in
3661 1565 3781 1620 quo

2183 1629 2359 1679 tamen
2387 1639 2552 1695 opere
2582 1629 2767 1685 maluit
2790 1632 2989 1687 alienas
3014 1650 3170 1705 quam
3198 1652 3321 1693 snas
3350 1654 3611 1697 exornare
3636 1658 3769 1698 scir-

2182 1714 2394 1803 tentias.
2417 1716 2554 1803 Quid
2576 1720 2734 1789 igitur
2753 1737 2926 1778 causa:
2947 1733 3030 1783 est
3056 1741 3150 1781 cur
3166 1727 3232 1783 de
3260 1729 3374 1786 istis
3398 1731 3499 1787 hoc
3517 1733 3765 1803 credant,

2179 1800 2318 1869 quod
2343 1800 2409 1856 de
2448 1801 2552 1858 illis
2577 1804 2821 1875 discipuli
2849 1823 3032 1865 eorum
3066 1812 3255 1868 litteris
3280 1800 3767 1886 commendarunt,

2178 1900 2233 1945 et
2260 1892 2328 1948 de
2364 1893 2580 1952 Christo
2606 1900 2775 1956 nolint
2802 1902 3021 1958 credere
3060 1905 3202 1974 quod
3227 1906 3343 1976 ejus
3371 1906 3438 1963 de
3468 1908 3561 1963 illo
3599 1910 3769 1966 disci-

2178 1984 2285 2052 puli
2330 1989 2799 2058 eonscripserunt;
2831 1995 3123 2061 praesertim
3163 2011 3284 2050 cum
3325 1997 3394 2053 ab
3430 2012 3498 2053 eo
3534 2008 3769 2057 czeteros

2178 2078 2419 2137 homines
2447 2084 2703 2154 sapientia
2732 2097 3009 2156 superatos
3044 2104 3165 2145 esse
3208 2090 3490 2160 fateantur,
3521 2094 3769 2164 quamvis

2176 2186 2297 2225 cum
2325 2172 2477 2228 fateri
2500 2176 2666 2230 Deum
2696 2177 2905 2233 nolint?
2930 2182 3011 2235 An
3038 2196 3162 2237 vero
3185 2181 3283 2247 illi,
3306 2198 3440 2253 quos
3463 2185 3565 2239 isto
3591 2186 3763 2243 multo

2175 2262 2452 2321 inferiores
2480 2266 2642 2323 fuisse
2667 2284 2770 2324 non
2796 2270 3058 2339 dubitant,
3087 2288 3308 2329 veraces
3333 2273 3400 2330 de
3428 2290 3488 2330 se
3521 2275 3764 2348 discipu-

2174 2353 2252 2408 lus
2290 2355 2463 2413 facere
2487 2367 2789 2428 potuerunt,
2817 2369 2871 2416 ct
2896 2362 2993 2417 iste
3023 2378 3126 2417 non
3170 2364 3376 2434 potuit?
3400 2364 3551 2432 Quod
3594 2368 3638 2421 si
3665 2368 3765 2424 ab-

2170 2445 2481 2503 surdissime
2509 2450 2727 2517 dicitur,
2752 2451 2971 2506 credant
3012 2453 3079 2508 de
3120 2454 3210 2508 illo
3255 2470 3412 2524 quem
3458 2456 3757 2526 sapientem

2171 2527 2423 2597 fatentur,
2439 2548 2543 2586 non
2569 2534 2715 2603 quod
2738 2535 2836 2604 ipsi
2866 2536 3067 2604 volunt,
3099 2537 3199 2592 sed
3218 2538 3361 2609 quod
3384 2540 3520 2608 apud
3550 2554 3645 2595 eos
3675 2542 3758 2597 le-

2167 2623 2493 2694 gunt,quiea
2512 2640 2630 2695 qum
2650 2628 2997 2697 scripserunt,
3032 2629 3100 2687 ab
3136 2630 3227 2685 illo
3267 2632 3506 2702 sapiente
3544 2631 3756 2690 didice-

2167 2722 2309 2766 runt.
2853 2757 2859 2764 .

2165 2803 2392 2861 CAPUT
2431 2806 2560 2861 Vill.
2585 2839 2657 2849 —
2694 2808 2757 2865 Si
2799 2809 2938 2882 [uina
2979 2822 3219 2867 narrante
3260 2803 3757 2870 σὴν-ἰσαιῖὲἇὶιῖ

2234 2899 2652 2969 sapientissimus,
2678 2918 2769 2957 cur
2794 2903 2977 2973 maiori
3006 2908 3147 2976 fama
3172 2905 3482 2976 pradicante
3506 2922 3607 2962 non
3638 2923 3754 2962 crs-

2234 2988 2384 3043 datur
2408 2988 2571 3046 Deus.

2234 3078 2327 3138 i5.
2366 3079 2565 3137 Deinde
2608 3082 2806 3152 dicant,
2852 3082 2996 3141 unde
3019 3085 3207 3142 saltem
3246 3085 3389 3159 quod
3415 3086 3753 3158 sapientissi-

2161 3184 2279 3225 mus
2302 3170 2481 3242 fuerit,
2510 3189 2669 3232 nosse
2704 3177 2787 3232 vel
2816 3176 3002 3233 audire
3028 3186 3333 3249 potuerunt.
3378 3179 3435 3237 Si
3463 3179 3606 3237 fama
3630 3180 3753 3237 dis-

2159 3262 2475 3331 seminante,
2517 3267 2795 3324 certiorne
2808 3267 2875 3325 de
2898 3268 2991 3324 illo
3018 3269 3204 3326 nuntia
3242 3270 3380 3326 fama
3406 3280 3493 3328 est
3514 3274 3558 3339 ‘,
3584 3287 3749 3343 qualn

2158 3351 2403 3440 discipuli
2428 3356 2563 3428 ejus,
2595 3359 2786 3429 quibus
2808 3376 2932 3417 eum
2963 3361 3374 3433 pradicantibus
3399 3363 3511 3433 ipsa
3541 3378 3639 3435 per
3663 3373 3751 3421 to-

2160 3451 2268 3499 tum
2296 3446 2549 3503 mundum
2579 3448 2719 3506 fama
2750 3450 3036 3523 fragravit?
3064 3451 3347 3509 Postremo
3384 3452 3579 3509 famam
3609 3468 3752 3525 prm-

2158 3536 2331 3593 ferant
2359 3537 2536 3607 fama},
2581 3549 2635 3597 et
2670 3542 2717 3597 ei
2748 3540 2903 3597 famzc
2940 3543 3008 3599 de
3051 3543 3142 3599 illo
3181 3543 3402 3601 credant
3426 3559 3547 3615 qua:
3572 3545 3751 3616 major

2155 3636 2261 3684 est.
2287 3629 2360 3683 Ea
2388 3630 2583 3702 quippe
2611 3630 2770 3700 fama,
2787 3648 2907 3704 qua:
2927 3632 2995 3689 de
3023 3634 3281 3690 catholica
3302 3635 3562 3703 Ecclesia,
3581 3651 3745 3707 quam

2155 3729 2369 3791 stupent
2401 3731 2513 3777 toto
2550 3724 2681 3779 orbe
2703 3725 2972 3792 diffusam,
3005 3727 3239 3785 mirabili
3264 3727 3506 3785 claritate
3528 3729 3745 3801 disper-

2152 3814 2316 3885 gitur,
2360 3823 2545 3872 tenues
2573 3816 2794 3872 istorum
2824 3834 3068 3876 rumores
3106 3820 3593 3892 incomparabiliter
3618 3823 3741 3879 viu-

2153 3905 2223 3961 cit
2254 3924 2270 3961 :
2295 3921 2355 3961 ea
2383 3922 2544 3978 porro
2583 3908 2721 3964 fama
2754 3920 2859 3967 tam
2886 3928 3096 3983 magna,
3127 3924 3233 3969 tam
3260 3915 3506 3981 celebris,
3537 3923 3597 3970 ut
3618 3930 3741 3972 eam

2154 3997 2387 4055 timendo
2412 3999 2497 4054 isti
2528 4000 2758 4071 trepidas
2795 4011 2849 4057 et
2880 4004 3084 4074 tepidas
3122 4004 3658 4062 contradictiunculas
3686 4007 3742 4063 in

2151 4089 2270 4145 sinu
2313 4106 2411 4147 suo
2450 4092 2660 4160 rodant,
2703 4094 2813 4164 jam
2859 4095 2976 4165 plus
3004 4106 3303 4153 metuentes
3341 4098 3532 4164 audiri,
3576 4114 3739 4169 quam

2151 4184 2388 4239 volentes
2411 4185 2579 4253 credi,
2607 4186 2801 4242 Filium
2831 4188 2925 4243 Dei
2952 4189 3291 4261 U’nigenitum
3318 4198 3371 4247 et
3392 4191 3558 4247 Deum
3586 4207 3732 4262 pra:-

2149 4273 2293 4329 dicat
2318 4275 2583 4331 Christum
2607 4277 2645 4344 ³,
2678 4294 2773 4348 per
2795 4294 2954 4350 quem
2984 4279 3118 4335 facta
3145 4289 3271 4336 sunt
3292 4281 3470 4337 omnia
3501 4298 3515 4339 :
3540 4282 3587 4338 si
3607 4298 3740 4353 ergo

2150 4365 2345 4423 famam
2386 4368 2588 4439 eligunt
2634 4378 2843 4437 testem,
2894 4386 2992 4427 cur
3029 4387 3135 4427 non
3185 4374 3319 4428 hanc
3347 4372 3568 4444 eligunt,
3613 4390 3740 4445 qua:

2152 4465 2292 4512 tanta
2342 4458 2579 4514 claritate
2622 4460 2938 4530 praefulget?
2975 4461 3030 4518 Si
3077 4461 3428 4533 scripturam,
3478 4479 3576 4519 cur
3625 4478 3735 4519 non

2148 4547 2525 4617 evangelieam,
2565 4566 2683 4621 qua:
2723 4560 2865 4606 tanta
2913 4554 3227 4610 auctoritate
3266 4554 3584 4625 prepollet?
3624 4554 3739 4611 Nos

2147 4645 2290 4697 certe
2312 4638 2427 4695 bam
2450 4639 2518 4695 de
2542 4639 2647 4696 diis
2676 4655 2858 4696 eorum
2885 4642 3174 4712 credimus,
3201 4659 3321 4715 quae
3347 4644 3507 4701 habet
3527 4653 3583 4701 et
3601 4648 3740 4702 scri-

3450 2793 3753 2814 am

2148 4737 2299 4800 plura
2344 4746 2530 4786 eorum
2572 4732 2859 4804 antiquior,
2908 4743 2962 4789 et
3004 4733 3143 4789 fama
3186 4735 3467 4795 celebrior.
3513 4735 3646 4805 Qum
3687 4740 3735 4795 si

2144 4818 2414 4876 adoranda
2456 4829 2603 4887 sunt.
2634 4837 2731 4879 cur
2765 4837 2829 4879 ea
2876 4822 3051 4881 rident
3093 4824 3149 4881 in
3177 4823 3439 4883 theatris?
3464 4824 3522 4883 Si
3549 4836 3736 4885 autem

2146 4909 2366 4969 ridenda
2395 4920 2539 4979 sunt,
2587 4912 2707 4983 plus
2734 4914 3031 4971 ridendum
3072 4924 3157 4973 est
3196 4932 3318 4973 cum
3346 4917 3735 4977 adorantur‘in

2145 5003 2375 5074 templis.
2409 5004 2595 5061 Restat
2621 5013 2679 5061 ut
2706 5004 2809 5078 ipsi
2835 5008 3002 5065 velint
3029 5015 3191 5066 testes
3226 5012 3348 5067 esse
3380 5010 3449 5067 de
3473 5010 3693 5068 Christo
3716 5054 3733 5079 ,

2143 5095 2233 5166 qui
2258 5094 2358 5151 sibi
2386 5094 2633 5152 auferunt
2653 5098 2899 5153 meritum
2930 5098 3131 5156 sciendi
3160 5100 3287 5171 quid
3316 5101 3625 5171 loquantur,
3652 5102 3733 5159 lo-

2143 5185 2355 5257 quendo
2378 5186 2520 5258 quod
2549 5188 2809 5244 nesciunt.
2833 5190 2938 5245 Aut
2961 5191 3007 5245 si
3031 5190 3235 5262 aliquos
3258 5191 3421 5248 libros
3442 5207 3502 5248 se
3527 5193 3731 5250 habere

2143 5276 2348 5345 dicunt,
2392 5292 2528 5347 quos
2569 5293 2691 5333 eum
2736 5279 3015 5349 scripsisse
3056 5290 3321 5347 asseram.
3364 5283 3593 5353 prodant
3633 5299 3729 5341 eos

2143 5368 2315 5425 nobis.
2346 5366 2597 5424 Profecto
2621 5369 2763 5426 enim
2793 5371 3063 5426 utilissimi
3092 5380 3147 5429 et
3186 5372 3524 5431 saluberrimi
3562 5385 3689 5431 sunt
3712 5417 3729 5444 ,

2205 5518 2223 5550 ⁸
2249 5516 2497 5578 Partiwla,
2521 5522 2649 5580 tunc,
2670 5518 2817 5569 deest
2838 5520 2887 5570 in
2911 5532 3001 5569 sex
3024 5526 3133 5572 uss.

2202 5580 2225 5611 ²
2242 5580 2609 5639 Quatuordecim
2630 5590 2757 5639 Mss,
2780 5581 2841 5631 de
2861 5580 2946 5631 illo
2967 5583 3098 5645 [mna
3119 5581 3336 5632 mmtiata
3356 5589 3443 5634 est.

2202 5641 2225 5674 ³
2245 5648 2319 5691 Er.
2346 5649 2399 5691 et
2423 5649 2550 5712 mv.,
2580 5650 2677 5713 tam
2698 5642 3064 5715 εειεῳὶεςδιμςι
3085 5656 3194 5694 eam
3212 5644 3441 5706 timendo,
3460 5652 3730 5757 (διαφωνῇ

2202 5700 2349 5753 lentes
2370 5703 2509 5754 cred:
2531 5704 2708 5755 ninam
2731 5713 2821 5755 De:
2850 5712 3145 5757 tetracinum
3189 5712 3235 5757 st
3261 5715 3418 5757 Deum
3460 5720 3566 5757 om
3603 5723 3729 5757 tcara

2139 5678 2509 5780 ξριξὲιὶέσῖἓτὲἆέ
2520 5678 3441 5780 ”εἱ”ὶ>“ἔιῖι’πῖ’
3460 5678 3729 5780 ἱῗιέὤῖνῖ

2136 5765 2381 5830 Christum
2419 5773 2526 5822 etc;
2550 5765 2953 5817 dissentientibus
2971 5776 3073 5830 Mss.
3096 5781 3248 5830 prope
3283 5765 3507 5820 omnibus
3529 5777 3580 5818 et
3603 5780 3727 5823 anti-

2142 5829 2311 5891 quiorl‘
2322 5828 2535 5882 editione
2559 5835 2657 5899 ttat.
2672 5863 2689 5893 ,
2712 5842 2917 5894 quorum
2940 5830 3018 5885 hic
3038 5828 3301 5887 lectionem
3315 5832 3633 5885 restituimus.
