4082 6468
304 533 465 592 quos,
494 523 552 571 ut
578 511 679 584 ipsi
718 508 972 573 fatentur,
1015 501 1099 557 vir
1125 496 1544 572 sapientissimus
1570 491 1805 562 scripsit.
1833 488 1894 545 Si

304 588 488 666 autem
526 607 715 661 timent
742 616 834 657 eos
861 595 1119 670 proferre,
1164 592 1344 663 utique
1388 588 1514 644 mali
1539 594 1703 652 sunt;
1736 596 1895 654 porro

306 702 355 755 si
378 699 503 754 mali
532 703 674 760 sunt,
702 708 806 747 non
830 704 924 747 eos
951 684 1374 757 sapientissimus
1397 678 1614 749 scripsit
1643 694 1656 731 :
1685 673 1897 746 sapien-

308 791 574 847 tissimum
595 794 769 840 autem
790 779 1061 837 Christum
1082 776 1345 840 fatentur;
1368 785 1477 826 non
1502 783 1629 841 ergo
1652 766 1896 824 Christus

308 881 417 935 tale
446 876 643 948 aliquid
671 872 905 943 scripsit.

304 970 537 1030 CAPUT
573 968 669 1024 IX.
691 996 761 1007 —-
789 964 1008 1031 Quidam
1036 961 1236 1032 ﬁngunt,
1255 956 1511 1032 Christum
1532 951 1791 1024 scripsisse
1825 949 1896 1005 li-

870 1034 983 1089 bros
1010 1028 1074 1085 de
1106 1028 1237 1101 magi
1244 1028 1335 1081 cis.

382 1135 470 1189 id.
511 1131 588 1187 Ita
615 1145 741 1185 vero
768 1127 855 1183 isti
902 1123 1184 1193 desipiunt,
1220 1129 1277 1175 ut
1301 1118 1403 1173 illis
1436 1116 1588 1173 libris
1614 1130 1748 1186 quos
1773 1127 1895 1169 eum

309 1224 589 1295 scripsisse
621 1221 948 1285 existimant,
994 1216 1171 1271 dicant
1196 1211 1454 1268 contineri
1485 1225 1574 1265 cas
1603 1216 1745 1263 artes
1774 1206 1895 1276 qui-

307 1330 414 1375 bus
451 1332 575 1372 eum
598 1322 788 1387 putant
823 1311 916 1367 illa
958 1308 1147 1364 fecisse
1175 1302 1453 1364 miracula,
1500 1314 1724 1372 quorum
1758 1298 1895 1351 fama

309 1411 507 1481 ubique
528 1404 828 1478 percrebuit
850 1420 862 1455 :
885 1398 1025 1472 quod
1045 1394 1401 1453 existimando
1422 1398 1628 1462 setpsos
1665 1389 1897 1460 produnt

308 1480 439 1574 quid
462 1500 709 1570 diligant,
733 1492 938 1565 etquid
966 1491 1251 1553 aflectent;
1283 1482 1708 1558 quandoquidem
1734 1480 1895 1536 Chri—

309 1572 454 1654 stum
500 1603 779 1665 propterea
824 1585 1272 1657 sapientissimum
1316 1586 1500 1651 putant
1547 1576 1729 1638 fuisse.
1774 1572 1896 1643 quia

304 1664 638 1755 nescioiquze
664 1681 844 1736 illicita
867 1684 1108 1741 neverat,
1138 1689 1256 1745 qua:
1282 1686 1385 1725 non
1416 1668 1588 1724 solum
1618 1664 1896 1735 disciplina

307 1754 621 1841 christiana,
668 1770 762 1827 sed
807 1770 966 1825 etiam
997 1768 1110 1836 ipsa
1154 1774 1379 1820 terrenae
1404 1757 1704 1829 reipublicae
1729 1754 1897 1809 admi-

308 1867 554 1924 nistratio
592 1864 712 1934 jure
740 1859 1078 1916 condemnat.
1130 1856 1194 1910 Et
1238 1863 1386 1908 certe
1423 1850 1512 1920 qui
1545 1847 1673 1902 tales
1700 1844 1896 1900 Christi

308 1960 478 2016 libros
504 1973 562 2013 se
584 1955 776 2025 legisse
801 1953 1087 2016 aftirmant,
1116 1963 1210 2003 cur
1235 1944 1335 2016 ipsi
1362 1942 1503 1998 nulla
1531 1941 1651 1996 talia
1674 1939 1896 2005 faciunt,

307 2052 483 2122 qualia
516 2050 663 2104 illum
691 2047 758 2102 de
786 2045 935 2113 libris
956 2043 1151 2098 talibus
1179 2040 1366 2095 fecisse
1390 2033 1685 2090 mirantur?

306 2121 536 2197 CAPUT
573 2137 645 2196 Χ.
664 2166 737 2177 -—
756 2134 981 2191 Eosdem,
1006 2131 1156 2187 libros
1186 2128 1338 2184 Petro
1364 2134 1411 2180 et
1438 2123 1606 2179 Paulo
1627 2121 1897 2192 inscriptos

871 2202 1077 2271 quidam
1102 2201 1335 2254 delirant.

382 2304 471 2360 15.
511 2300 647 2371 Quid
675 2298 815 2372 quod
841 2298 999 2353 etiam
1029 2294 1207 2350 divino
1228 2289 1427 2363 judicio
1464 2288 1543 2344 sic
1572 2292 1756 2342 errant
1781 2285 1898 2356 qui-

307 2402 430 2456 dam
462 2414 668 2464 eorum,
695 2396 784 2466 qui
812 2393 934 2451 talia
960 2391 1229 2448 Christum
1255 2384 1536 2458 scripsisse
1560 2381 1642 2438 vel
1674 2380 1899 2436 credunt

308 2496 393 2550 vel
418 2492 564 2549 credi
588 2491 789 2555 volunt,
818 2497 876 2543 ut
903 2485 1121 2543 eosdem
1152 2482 1320 2537 libros
1346 2478 1413 2533 ad
1440 2478 1654 2532 Petrum
1678 2482 1733 2530 et
1755 2472 1895 2527 Pan-

307 2588 418 2642 lum
447 2584 644 2650 dicant,
674 2591 922 2653 tanquam
952 2574 1225 2648 epistolari
1256 2570 1411 2627 titulo
1440 2575 1783 2639 praenotatos.
1833 2565 1899 2619 Et

309 2678 425 2736 ﬁeri
463 2685 636 2748 potest
661 2684 720 2729 ut
755 2672 870 2728 sive
914 2667 1113 2725 inimici
1153 2663 1384 2720 nominis
1420 2660 1640 2721 Christi,
1672 2659 1784 2714 sive
1807 2654 1897 2726 qui

308 2767 572 2838 ejusmodi
600 2761 1013 2821 exsecrabilihus
1058 2755 1260 2811 artibus
1297 2753 1366 2809 de
1404 2760 1511 2805 tam
1549 2748 1779 2820 glorioso
1806 2762 1903 2800 uo-

308 2861 455 2916 mine
496 2857 703 2929 pondus
740 2851 1069 2910 auctoritatis
1096 2848 1225 2904 dare
1253 2860 1311 2901 se
1350 2858 1504 2916 posse
1534 2846 1851 2914 putaverunt
1878 2879 1894 2905 ,

311 2952 437 3006 talia
464 2928 565 3007 sub
589 2948 788 3005 Christi
818 2954 872 3003 et
900 2941 1274 3014 Apostolorum
1305 2937 1522 2992 nomine
1549 2928 1858 3003 scripserint
1882 2946 1896 2983 :

311 3046 368 3099 in
386 3059 490 3115 qua
512 3040 842 3099 fallacissima
868 3030 1088 3092 audacia
1109 3033 1187 3088 sic
1212 3027 1464 3087 excmcati
1484 3035 1629 3090 sunt,
1661 3032 1716 3078 ut
1735 3022 1899 3077 etiam

309 3153 341 3196 a
364 3136 565 3209 pueris,
582 3134 672 3205 qui
695 3132 867 3188 adhuc
892 3128 1162 3201 pueriliter
1184 3126 1235 3180 in
1262 3121 1428 3195 gradu
1448 3120 1730 3176 Lectorum
1757 3116 1900 3174 chri-

307 3227 513 3284 stianas
542 3225 770 3282 Litteras
800 3210 1013 3286 norunt,
1065 3217 1257 3274 merito
1286 3214 1578 3271 rideantur.

382 3316 473 3378 16.
513 3314 647 3374 Cum
672 3314 816 3371 enim
835 3311 1037 3368 vellent
1060 3309 1163 3365 tale
1183 3305 1383 3377 aliquid
1413 3305 1610 3375 lingere
1628 3301 1901 3358 Christum

310 3408 593 3479 scripsisse
632 3406 701 3464 ad
741 3404 1037 3476 discipulos
1074 3416 1221 3467 suos,
1266 3398 1631 3473 cogitaverunt
1658 3394 1725 3449 ad
1766 3408 1902 3464 quos

310 3500 649 3575 potissimum
690 3498 930 3557 scribere
959 3494 1197 3566 pOtuisse
1226 3490 1379 3545 facile
1411 3487 1739 3552 crederetur,
1779 3492 1901 3539 tan-

311 3608 474 3663 quam
500 3591 567 3647 ad
607 3591 725 3646 illos
751 3589 841 3659 qui
870 3588 919 3643 ei
964 3583 1273 3645 familiarius
1312 3580 1679 3646 adhmsissent,
1710 3577 1903 3648 quibus

312 3685 446 3743 illud
470 3684 619 3756 quasi
640 3692 903 3739 secretum
926 3679 1085 3750 digne
1109 3676 1533 3736 committeretur
1560 3690 1572 3727 :
1602 3680 1656 3726 et
1674 3668 1904 3756 occurrit

313 3777 396 3835 cis
424 3749 611 3832 Petrus
638 3782 693 3829 et
721 3772 934 3837 Paulus,
961 3749 1123 3843 credo
1149 3766 1290 3841 quod
1323 3764 1559 3835 pluribus
1584 3749 1718 3817 locis
1742 3760 1902 3816 simul

313 3882 412 3923 eos
456 3882 575 3923 cum
622 3866 716 3922 illo
756 3864 926 3934 pictos
962 3862 1242 3925 viderent;
1282 3859 1403 3929 quia
1450 3857 1639 3911 merita
1682 3854 1822 3909 Petri
1850 3862 1904 3909 et

314 3960 467 4019 Pauli
493 3958 651 4014 etiam
674 3965 890 4028 pr0pter
916 3953 1163 4011 eumdem
1196 3950 1457 4021 passionis
1476 3948 1615 4003 diem
1642 3944 1904 4002 celebrius

315 4051 629 4107 solemniter
656 4050 673 4080 ¹
706 4048 876 4107 Roma
923 4044 1281 4101 commendat.
1328 4041 1417 4099 Sic
1460 4042 1680 4097 omnino
1722 4052 1905 4093 errare

314 4148 647 4208 meruerunt,
692 4139 783 4212 qui
825 4138 1099 4194 Christum
1141 4144 1196 4191 et
1238 4133 1523 4205 Apostolos
1551 4132 1668 4203 ejus
1697 4146 1803 4186 non
1850 4130 1904 4185 in

315 4235 517 4291 sanctis
536 4232 826 4297 codicibus,
853 4231 948 4287 sed
980 4232 1033 4285 in
1059 4229 1212 4300 pictis
1238 4228 1526 4298 parietibus
1546 4227 1902 4297 quaesierunt:

318 4342 419 4384 nec
455 4327 646 4382 mirum
690 4325 737 4380 si
781 4340 811 4379 a
862 4321 1198 4394 pingentibus
1226 4319 1485 4392 fingentes
1515 4318 1721 4389 decepti
1760 4326 1902 4372 sunt.

316 4420 455 4481 Toto
484 4419 625 4475 enim
670 4424 911 4488 tempore
953 4428 1061 4485 quo
1104 4411 1346 4469 Christus
1392 4411 1445 4465 in
1489 4424 1650 4466 carne
1696 4409 1905 4464 mortali

311 4527 439 4571 cum
476 4510 588 4569 suis
611 4508 888 4581 discipulis
915 4507 1065 4573 vixit,
1097 4503 1332 4561 nondum
1360 4512 1476 4559 erat
1512 4502 1707 4558 Paulus
1735 4502 1900 4556 disci-

315 4602 475 4677 pulus
517 4600 653 4672 ejus,
681 4616 841 4674 quem
887 4606 1007 4670 post
1032 4596 1337 4669 passionem
1366 4610 1540 4661 suam,
1574 4603 1693 4664 post
1720 4607 1906 4648 resur-

316 4696 634 4761 rectionem,
679 4701 803 4766 post
828 4690 1220 4756 ascensionem,
1251 4694 1373 4758 post
1399 4686 1621 4741 missum
1664 4683 1731 4739 de
1759 4683 1909 4739 cmlis

312 4787 575 4859 Spiritum
600 4793 867 4851 sanctum,
891 4789 1012 4859 post
1037 4778 1325 4839 multorum
1345 4774 1653 4832 Judaeorum
1678 4789 1909 4830 conver-

314 4878 524 4936 sionem
544 4886 597 4937 et
622 4876 919 4940 mirabilem
940 4873 1122 4937 tidem,
1144 4881 1265 4941 post
1286 4862 1663 4947 lapidationem
1685 4867 1911 4939 Stepha-

316 4975 371 5030 ni
393 4973 678 5032 diaconiet
700 4968 967 5041 martyris,
985 4981 1107 5035 cum
1127 4962 1302 5023 adhuc
1315 4962 1508 5041 Saulus
1526 4961 1907 5034 appellaretur,

316 5076 373 5123 et
395 5080 492 5124 eos
519 5065 608 5137 qui
651 5063 705 5119 in
733 5040 1005 5122 Christum
1030 5046 1407 5125 crediderant,
1428 5040 1681 5128 graviter
1723 5070 1910 5127 perse-

317 5165 593 5229 queretur,
620 5155 689 5211 de
716 5154 856 5215 cmlo
879 5151 1107 5219 vocavit,
1138 5162 1193 5207 et
1219 5164 1374 5206 suum
1401 5147 1715 5221 discipulum
1753 5156 1913 5219 atque

318 5248 617 5319 apostolum
650 5246 777 5310 fecit
800 5246 933 5317 (Act.
956 5261 1033 5312 ιι,
1063 5242 1237 5315 1-30).
1259 5240 1539 5310 Quomodo
1560 5241 1718 5313 igitur
1743 5241 1916 5311 potuit

322 5339 507 5405 libros,
550 5353 684 5410 quos
706 5346 987 5407 antequam
1028 5342 1330 5390 moreretur
1368 5347 1491 5388 eum
1513 5330 1789 5401 scripsisse
1815 5332 1915 5401 pu-

324 5430 425 5489 tari
452 5430 653 5495 volunt,
702 5428 770 5486 ad
797 5425 1105 5498 discipulos,
1134 5433 1383 5493 tanquam
1426 5421 1870 5477 familiarissimos
1895 5464 1911 5488 ,

322 5526 541 5584 Petrum
562 5535 614 5582 et
631 5525 851 5581 Paulum
868 5521 1120 5589 scribere,
1144 5533 1265 5575 cum
1289 5517 1483 5574 Paulus
1499 5516 1735 5572 nondum
1756 5515 1917 5572 fuerit

324 5619 617 5690 discipulus
642 5617 795 5688 ejus?

390 5732 409 5765 ί
436 5746 487 5781 ω
530 5731 687 5781 tribus
718 5735 826 5779 uss.
844 5762 860 5789 ,
880 5723 1242 5789 celeberrimapu
1263 5717 1549 5789 solemniter:
1576 5717 1709 5789 apud
1747 5722 1823 5789 ξπ.
1840 5725 1919 5789 __et

741 5797 786 5843 ct
808 5779 1077 5863 idem
1090 5800 1108 5851 ,-
1131 5784 1310 5847 addito,
1332 5789 1393 5847 et,
1417 5781 1545 5848 quod
1568 5779 1707 5835 abest
1730 5781 1790 5832 ab
1813 5779 1918 5831 aliis

1688 370 1893 433 LIBER
1933 365 2203 429 PRIMUS.

3441 371 3580 431 ιθτιο

2001 483 2226 546 CAPUT
2263 484 2444 545 XL—
2480 485 2547 541 In
2590 502 2673 542 eos
2708 483 2797 555 qui
2835 482 3086 540 somniant
3114 481 3363 539 Christum
3392 485 3583 555 magicr

2352 588 2461 635 arte
2489 578 2703 649 papulas
2731 578 2799 631 ad
2834 594 2887 633 se
2911 576 3227 632 convertisse.

2074 670 2161 725 l7.
2203 669 2338 726 illud
2383 686 2598 742 quoque
2644 668 2922 725 attendant
2973 669 3063 739 qui
3110 666 3327 737 magicis
3381 664 3583 719 artibus

2000 769 2147 817 tanta
2175 777 2295 818 eum
2325 764 2583 833 potuisse,
2624 770 2679 818 et
2704 777 2897 817 nomen
2925 775 3079 816 suum
3105 760 3169 814 ad
3204 758 3426 829 populos
3452 757 3502 811 in
3526 771 3587 813 se

1999 854 2385 910 convertendos
2424 864 2539 909 arte
2582 853 2693 921 ipsa
2734 866 3075 908 consecrasse
3117 849 3362 914 delirant,
3404 856 3581 902 utrum

1998 946 2232 1015 potuerit
2256 944 2477 1015 magicis
2496 945 2697 1000 artibus
2729 954 2901 999 tantos
2930 944 3223 1013 Prophetas
3246 941 3425 996 divino
3453 938 3581 1009 Spi-

1999 1036 2125 1102 ritu,
2168 1044 2450 1105 antequam
2490 1036 2543 1090 in
2589 1043 2729 1091 terra
2771 1043 3100 1100 nasceretur,
3128 1032 3368 1101 implere,
3396 1030 3484 1101 qui
3509 1029 3579 1086 de

1999 1128 2090 1182 illo
2118 1128 2242 1181 talia
2269 1127 2441 1183 futura
2490 1128 2760 1198 praelocuti
2786 1136 2930 1191 sunt,
2974 1127 3147 1197 qualia
3172 1126 3280 1194 jam
3313 1124 3581 1195 prmterita

2000 1218 2052 1273 in
2103 1219 2392 1289 Evangelio
2436 1218 2677 1287 legimus,
2723 1226 2778 1273 et
2820 1218 2992 1288 qualia
3035 1216 3088 1271 in
3130 1215 3262 1272 orbe
3313 1224 3577 1271 terrarum

2002 1310 2277 1378 pra-sentia
2305 1324 2445 1366 nunc
2471 1309 2732 1365 videmus.
2760 1308 2942 1378 Neque
2968 1307 3130 1371 enim;
3160 1306 3206 1361 si
3232 1305 3445 1376 magicis
3465 1305 3587 1360 arti-

2000 1403 2099 1457 bus
2129 1402 2254 1458 fecit
2280 1411 2338 1456 ut
2374 1402 2639 1456 coleretur
2680 1410 2734 1457 et
2762 1410 3022 1463 mortuus,
3068 1414 3251 1469 magus
3287 1406 3401 1454 erat
3424 1406 3579 1454 ante-

1999 1510 2157 1564 quam
2186 1503 2343 1550 natus
2374 1510 2387 1548 :
2416 1495 2500 1550 cui
2528 1494 2896 1565 pr0phetando
2936 1502 3160 1549 venturo
3198 1506 3330 1562 gens
3359 1506 3461 1547 una
3487 1491 3581 1549 de-

2001 1597 2177 1656 putata
2195 1596 2299 1655 est,
2311 1590 2462 1657 cujus
2476 1588 2779 1659 reipublicae
2793 1582 2898 1643 tota
2908 1587 3294 1642 administratio
3306 1584 3581 1656 prophetia

2000 1686 2142 1733 esset
2187 1678 2325 1735 illius
2364 1679 2505 1750 regis
2542 1680 2776 1746 venturi,
2816 1687 2870 1736 et
2901 1679 3168 1736 civitatem
3205 1678 3476 1735 cmlestem
3512 1692 3581 1735 ex

1999 1772 2248 1827 omnibus
2274 1773 2521 1843 gentibus
2557 1773 2845 1829 condituri.

2001 1864 2227 1920 CAPUT
2268 1865 2381 1921 XII.
2413 1895 2485 1907 —-
2507 1865 2804 1922 Judteorum
2829 1864 2987 1931 Deus,
3016 1866 3118 1921 illis
3141 1863 3440 1935 subjugatis,
3468 1862 3582 1917 ideo

2070 1958 2290 2028 nonfuit
2314 1976 2346 2012 a
2372 1958 2617 2014 Romanis
2645 1968 2891 2027 receptus,
2932 1958 3067 2029 quod
3095 1959 3139 2013 is
3166 1957 3365 2028 juberet
3411 1971 3464 2011 se
3490 1970 3579 2010 so-

2071 2050 2176 2104 lum
2206 2050 2305 2104 coli
2328 2050 2613 2105 simulacris
2643 2049 2837 2103 deletis.

2073 2140 2160 2195 l8.
2202 2139 2433 2195 Proinde
2459 2140 2598 2196 illius
2619 2139 2857 2195 Hebraeae
2881 2139 3053 2210 gentis
3071 2137 3138 2193 ad
3162 2135 3581 2208 prophetandum

2000 2230 2293 2297 Christum,
2323 2232 2461 2286 sicut
2485 2230 2615 2298 dixi,
2640 2230 2905 2301 deputata:
2931 2231 3106 2285 nullus
3130 2230 3262 2284 alius
3286 2228 3417 2283 deus
3443 2236 3579 2293 erat,

2000 2322 2100 2379 nisi
2125 2323 2263 2379 Deus
2290 2338 2448 2391 unus,
2476 2322 2619 2378 Deus
2638 2337 2817 2389 verus,
2840 2321 2928 2393 qui
2953 2321 3078 2378 fecit
3097 2321 3289 2377 caelum
3312 2328 3367 2376 et
3390 2328 3585 2374 terram

2000 2424 2055 2471 ct
2099 2416 2278 2471 omnia
2325 2430 2444 2485 qua:
2486 2414 2661 2470 in‘eis
2708 2423 2873 2469 sunt:
2903 2428 3008 2483 quo
3052 2412 3256 2467 ofl‘enso
3293 2426 3435 2480 saepe
3473 2410 3587 2465 Suis

2003 2507 2245 2563 hostibus
2288 2506 2683 2571 subdebantur;
2733 2520 2875 2560 nunc
2917 2506 3076 2559 etiam
3133 2519 3230 2574 pro
3268 2502 3586 2574 gravissimo

2002 2599 2206 2654 scelere
2230 2598 2393 2654 occisi
2422 2594 2642 2662 Christi,
2668 2610 2733 2652 ex
2761 2596 2873 2667 ipsa
2900 2595 3251 2666 Jerosolyma,
3292 2592 3435 2664 quod
3469 2600 3587 2648 erat

2002 2691 2150 2761 regni
2198 2705 2384 2747 eorum
2431 2698 2625 2760 caput,
2670 2689 2879 2760 penitus
2925 2688 3197 2755 cradicati,
3247 2696 3301 2743 et
3344 2687 3588 2743 Romano

2004 2782 2228 2852 imperio
2247 2781 2509 2853 subjugati
2535 2789 2679 2837 sunt.
2723 2780 2976 2837 Solebant
3002 2789 3178 2835 autem
3207 2779 3433 2834 Romani
3454 2778 3586 2834 deos

2002 2876 2237 2947 gentium
2267 2890 2400 2946 quas
2437 2874 2809 2945 subjugabant,
2850 2871 3104 2929 colendos
3145 2871 3436 2942 propitiare
3463 2871 3503 2935 ί,
3530 2879 3588 2929 et

2003 2984 2189 3025 eorum
2228 2981 2380 3023 sacra
2408 2966 2702 3037 suscipere.
2732 2964 2845 3022 Hoc
2868 2964 2936 3020 de
2962 2965 3074 3019 Deo
3098 2962 3269 3036 gentis
3305 2961 3545 3020 Hebraea:
3568 3001 3586 3028 ,

2003 3077 2125 3123 eum
2150 3075 2270 3119 eam
2298 3058 2387 3115 vel
2412 3064 2857 3129 oppugnaverunt
2879 3056 2963 3110 vel
2987 3056 3255 3122 vicerunt,
3290 3052 3466 3109 lacere
3492 3067 3592 3108 no-

2005 3155 2232 3210 luerunt.
2263 3150 2440 3211 Credo
2474 3149 2618 3222 quod
2654 3148 2924 3214 videbant,
2956 3148 3000 3203 si
3038 3146 3155 3217 ejus
3189 3146 3284 3201 Dei
3323 3159 3473 3201 sacra
3497 3159 3590 3201 re-

2002 3246 2265 3316 ciperent,
2306 3242 2395 3314 qui
2420 3257 2479 3297 se
2507 3238 2700 3307 solum,
2728 3238 2919 3295 deletis
2942 3238 3103 3294 etiam
3134 3235 3452 3300 simulacris,
3483 3234 3589 3290 coli

1999 3336 2232 3409 juberet,
2280 3332 2598 3390 dimittenda
2629 3345 2750 3387 esse
2792 3329 2967 3386 omnia
3010 3343 3127 3397 qua:
3178 3328 3326 3398 prius
3361 3324 3587 3382 colenda

2004 3435 2383 3500 susceperant,
2442 3440 2668 3497 quorum
2718 3420 3062 3494 religionibus
3105 3418 3384 3490 imperium
3430 3432 3587 3472 suum

2004 3523 2238 3579 crevisse
2262 3517 2673 3575 arbitrabantur.
2717 3514 2776 3570 In
2806 3530 2912 3585 quo
2936 3527 3030 3569 eos
3069 3511 3349 3583 plurimum
3377 3509 3588 3564 fallacia

2004 3613 2307 3669 diemonum
2347 3606 2644 3679 decipiebat
2681 3624 2694 3661 :
2728 3620 2848 3659 nam
2875 3603 3056 3675 utique
3103 3601 3397 3673 intelligere
3422 3599 3588 3655 debe-

2007 3706 2153 3771 bant,
2183 3704 2389 3760 occulta
2418 3702 2513 3757 Dei
2540 3700 2651 3756 veri
2685 3699 2979 3763 voluntate,
3022 3711 3188 3766 penes
3208 3692 3379 3766 quem
3408 3708 3590 3749 rerum

2006 3810 2212 3854 summa
2243 3802 2476 3866 potestas
2500 3801 2621 3859 est,
2662 3791 2762 3848 sibi
2791 3790 2971 3846 datum
3010 3798 3065 3845 et
3089 3797 3299 3843 auctum
3328 3802 3548 3858 regnum
3572 3826 3589 3855 ,

2006 3905 2113 3946 non
2152 3889 2363 3945 illorum
2402 3887 2626 3943 deorum
2656 3883 2874 3950 favore;
2904 3882 2991 3952 qui
3016 3882 3062 3938 si
3091 3880 3289 3952 aliquid
3319 3881 3371 3935 in
3411 3879 3511 3936 bac
3533 3894 3595 3936 re

2009 3980 2285 4053 potestatis
2327 3977 2660 4043 habuissent,
2691 3990 2816 4031 suos
2842 3974 3018 4045 potius
3063 3972 3435 4043 protexissent,
3466 3986 3535 4027 ne
3561 3985 3594 4026 a

2008 4072 2264 4130 Romanis
2286 4078 2683 4142 superarentur,
2715 4076 2806 4123 aut
2825 4068 2968 4139 ipsos
2993 4066 3072 4123 eis
3097 4066 3365 4123 Romanos
3390 4062 3595 4120 edomi-

2009 4176 2092 4223 tos
2132 4164 2248 4232 subj
2256 4170 2521 4234 ugassent.

2083 4255 2170 4312 l9.
2210 4254 2391 4324 Neque
2417 4252 2559 4310 enim
2589 4257 2811 4322 possunt
2833 4249 3011 4304 dicere
3042 4247 3289 4318 pietatem
3316 4261 3380 4302 ac
3413 4260 3594 4302 mores

2010 4362 2137 4402 suos
2161 4362 2190 4400 a
2215 4345 2318 4401 diis
2342 4345 2576 4414 gentium
2601 4356 2735 4412 quas
2760 4341 3020 4403 vicerunt,
3048 4338 3269 4393 dilectos
3296 4345 3349 4392 et
3369 4336 3588 4392 electos.

2010 4439 2287 4507 Nunquam
2320 4435 2420 4491 hoc
2445 4434 2644 4500 dicent,
2689 4432 2736 4488 si
2766 4431 3053 4502 primordia
3081 4445 3173 4486 sua
3214 4429 3473 4496 recolant,
3514 4428 3594 4486 fa-

2011 4531 2377 4587 cinorosorum
2420 4527 2626 4598 asylum
2664 4535 2717 4580 et
2759 4522 2970 4579 Romuli
2999 4520 3364 4577 lratricidium.
3408 4519 3594 4592 Neque

2012 4620 2155 4677 enim
2171 4617 2384 4689 quando
2404 4616 2607 4687 asylum
2624 4613 3014 4670 constituerunt
3030 4613 3229 4668 Remus
3242 4621 3295 4668 ct
3309 4612 3593 4677 Romulus,

2013 4719 2071 4766 ut
2111 4707 2348 4781 quisquis
2384 4704 2669 4776 cujuslibet
2709 4703 2926 4760 sceleris
2966 4717 3092 4759 reus
3119 4717 3186 4759 eo
3227 4702 3549 4773 confugisset
3572 4744 3590 4771 ,

2015 4796 2509 4865 inultumhaberet
2553 4792 2920 4861 commissum,
2960 4801 3227 4866 praecepta
3273 4793 3601 4865 poenitentia:

2014 4892 2277 4953 dederunt
2315 4889 2384 4947 ad
2426 4882 2691 4945 sanandas
2729 4886 2935 4944 animas
2978 4887 3338 4954 miserorum;
3385 4899 3451 4942 ac
3488 4899 3599 4943 non

2015 4986 2193 5060 potius
2218 4984 2494 5043 collectam
2524 4984 2822 5040 timentium
2857 4996 3072 5038 manum
3101 4989 3287 5037 contra
3310 4992 3437 5036 suas
3464 4976 3601 5035 civi-

2016 5088 2172 5147 tates,
2216 5093 2441 5150 quarum
2473 5078 2616 5149 leges
2662 5074 2939 5142 timebant,
2983 5071 3230 5131 mercede
3272 5070 3603 5143 impunitatis

2016 5179 2292 5228 armarunt
2320 5189 2334 5227 :
2365 5178 2457 5226 aut
2483 5168 2697 5241 quando
2724 5166 2981 5222 Romulus
3004 5164 3242 5232 fratrem,
3269 5164 3360 5237 qui
3384 5162 3517 5221 nihil
3544 5161 3602 5221 in

2019 5277 2143 5320 eum
2161 5262 2283 5317 mali
2306 5268 2660 5333 perpetrarat.
2683 5257 2896 5323 occidit,
2916 5256 3173 5329 justitiam
3192 5254 3514 5323 vindicandi,
3536 5269 3604 5313 ac

2020 5370 2125 5411 non
2156 5354 2505 5425 principatum
2535 5348 2844 5409 dominandi
2869 5347 3136 5418 cogitavit.
3166 5346 3312 5403 itane
3333 5348 3463 5403 istos
3483 5360 3603 5402 mo-

2020 5461 2111 5502 res
2147 5445 2447 5501 dilexerunt
2484 5442 2581 5510 dii,
2614 5441 2795 5497 hostes
2823 5454 3036 5496 suarum
3065 5439 3337 5495 civitatum
3381 5436 3606 5495 favendo

2021 5537 2264 5594 hostibus
2282 5535 2503 5592 earum?
2525 5534 2660 5601 Quin
2688 5533 2861 5603 potius
2886 5546 2984 5587 nec
3004 5532 3122 5587 illas
3140 5530 3435 5586 deserendo
3459 5545 3609 5600 pres-

2021 5635 2228 5695 serunt,
2258 5640 2358 5682 nec
2396 5625 2465 5680 ad
2502 5625 2632 5683 istos
2677 5622 3002 5683 transeundo
3027 5637 3123 5679 eos
3162 5622 3360 5694 aliquid
3391 5622 3609 5694 adjuve-

2023 5731 2181 5787 runt;
2220 5719 2342 5791 quia
2385 5734 2491 5779 non
2516 5717 2714 5779 habent
2750 5716 2803 5772 in
2833 5724 3099 5788 potestate
3136 5728 3356 5791 regnum
3384 5713 3513 5774 dare
3553 5723 3608 5774 et

2087 5840 2101 5871 ⁸
2132 5846 2234 5889 Mss.
2261 5836 2497 5903 quinque,
2522 5831 2719 5887 colendo
2741 5831 3021 5900 propitiare.
