4082 6470
306 377 447 457 mss

300 494 394 563 gio
422 487 732 554 christiana,
764 483 937 542 adhuc
961 482 1075 539 istis
1098 482 1207 553 jam
1239 478 1593 552 paucissimis,
1638 491 1738 533 nec
1776 476 1887 545 jam

302 579 749 652 oppugnantibus,
782 576 875 631 sed
907 585 1080 631 tamen
1124 574 1296 628 adhuc
1342 571 1741 627 mussitantibus
1782 569 1886 624 ini-

302 672 463 726 mica.
491 669 596 727 Sed
621 670 666 725 si
694 669 880 722 nolunt
905 666 1124 721 credere
1152 663 1420 720 Christum
1460 662 1582 717 talia
1608 660 1852 716 docuisse
1872 701 1887 728 ,

302 761 601 833 PrOphetas
634 761 831 831 legant,
851 759 939 829 qui
957 772 1059 812 non
1079 757 1248 812 solum
1275 755 1683 825 superstitiones
1712 752 1887 808 idolo-

300 871 425 910 rum
473 853 639 909 everti
692 858 1093 922 przeceperunt,
1138 864 1322 903 verum
1377 848 1537 904 etiam
1588 845 1891 903 christianis

302 943 632 1015 temporibus
679 941 816 997 banc
856 940 1190 997 eversionem
1218 932 1457 993 futuram
1508 936 1886 1008 praedixerunt.

299 1037 403 1103 Qui
440 1036 485 1091 si
527 1034 828 1090 fefellerunt
847 1075 861 1099 ,
892 1049 989 1088 cur
1019 1041 1163 1086 tanta
1192 1029 1620 1085 manifestatione
1649 1030 1889 1099 comple-

302 1128 426 1183 tur?
460 1128 504 1183 si
532 1143 716 1183 verum
745 1126 1032 1191 dixerunt,
1060 1140 1154 1180 cur
1194 1132 1354 1178 tanta:
1386 1121 1651 1177 divinitati
1682 1120 1887 1175 resisti—

302 1229 389 1274 tur
410 1220 436 1275 ?

298 1312 528 1369 CAPUT
566 1308 727 1367 XVII.
764 1342 836 1350 —
864 1309 931 1365 In
960 1310 1217 1364 Romanos
1241 1310 1325 1380 qui
1348 1308 1512 1363 Deum
1538 1306 1704 1362 Israel
1723 1307 1889 1362 solum

944 1402 1241 1470 reiecerunt.

373 1496 465 1552 25.
497 1495 872 1551 Verumtamen
916 1494 1223 1565 diligentius
1271 1493 1338 1547 ab
1386 1493 1500 1547 istis
1545 1489 1889 1562 quaerendum

301 1597 405 1653 est,
433 1602 713 1658 quemnam
742 1594 926 1656 putent
951 1601 1070 1640 esse
1103 1585 1267 1639 Deum
1300 1584 1496 1649 Israel;
1528 1600 1624 1638 cur
1652 1599 1771 1637 eum
1801 1597 1892 1636 eo-

301 1680 522 1735 landum
564 1694 672 1736 non
699 1678 1017 1748 receperint,
1047 1677 1182 1731 sicut
1208 1675 1430 1730 aliarum
1452 1675 1686 1746 gentium
1714 1674 1843 1728 deos
1873 1714 1888 1739 ,

300 1788 437 1844 quas
478 1773 774 1826 Romanum
823 1771 1030 1840 subegit
1071 1769 1379 1839 imperium;
1429 1766 1724 1838 praesertim
1770 1780 1889 1818 cum

300 1882 488 1921 eorum
524 1866 781 1919 sententia
818 1863 918 1929 sit,
965 1879 1149 1917 omnes
1201 1861 1329 1916 deos
1372 1859 1625 1915 colendos
1654 1872 1774 1912 esse
1809 1871 1894 1911 sa-

300 1958 490 2028 pienti.
525 1955 629 2010 Cur
666 1970 793 2024 ergo
826 1971 855 2009 a
895 1968 1117 2007 numero
1159 1961 1471 2006 cceterorum
1517 1951 1615 2003 iste
1664 1947 1892 2017 reiectus

302 2050 427 2103 est?
452 2048 505 2103 Si
528 2048 813 2118 plurimum
840 2046 1003 2112 valet,
1026 2060 1121 2099 cur
1148 2043 1213 2098 ab
1238 2044 1316 2097 eis
1339 2042 1485 2096 solus
1512 2056 1615 2094 non
1655 2040 1846 2093 colitur
1869 2039 1892 2091 ?

299 2142 348 2194 si
374 2156 559 2210 parum
588 2148 679 2193 aut
702 2138 833 2193 nihil
857 2138 1014 2203 valet,
1052 2152 1146 2191 cur
1189 2133 1430 2189 contritis
1456 2149 1640 2188 eorum
1676 2131 1893 2185 simula-

301 2234 409 2287 cris
446 2233 513 2287 ab
554 2232 802 2286 omnibus
843 2230 1090 2301 gentibus
1135 2228 1281 2282 solus
1320 2242 1455 2297 pene
1493 2225 1602 2295 jam
1652 2224 1892 2279 colitur?

302 2324 581 2395 Nunquam
628 2324 783 2393 hujus
820 2322 1129 2393 quaestionis
1158 2320 1369 2374 vinculo
1396 2319 1557 2374 eximi
1600 2326 1847 2388 poterunt
1872 2359 1887 2384 ,

302 2432 392 2485 qui
424 2431 544 2470 cum
577 2416 808 2484 majores
849 2424 902 2468 et
947 2414 1182 2467 minores
1208 2411 1337 2466 deos
1366 2412 1561 2475 colant,
1593 2424 1726 2479 quos
1763 2408 1893 2463 deos

305 2519 512 2579 putant,
537 2508 675 2564 hunc
704 2506 867 2561 Deum
891 2520 993 2559 nou
1019 2504 1218 2570 colunt,
1242 2502 1331 2573 qui
1357 2501 1629 2571 prmvaluit
1647 2500 1893 2554 omnibus

303 2618 441 2673 quos
464 2602 665 2657 colunt.
694 2600 751 2656 Si
777 2600 919 2655 enim
950 2615 1153 2669 magna:
1182 2597 1392 2652 virtutis
1433 2604 1542 2661 cst,
1587 2610 1683 2650 cur
1706 2594 1892 2649 existi-

304 2702 481 2747 matus
518 2700 601 2747 est
640 2690 1058 2763 improbandus?
1088 2690 1130 2743 si
1162 2703 1337 2759 parvae
1381 2688 1645 2741 nulliusvc
1684 2686 1895 2740 virtutis

304 2795 408 2853 est,
436 2800 529 2840 cur
558 2792 757 2838 tantum
785 2783 956 2853 potuit
984 2778 1348 2851 improbatus?
1378 2778 1433 2834 Si
1462 2778 1634 2833 bonus
1658 2786 1772 2844 est,
1800 2792 1896 2832 cur

304 2893 336 2931 a
363 2875 571 2931 caeteris
599 2874 750 2929 bonis
779 2873 924 2928 solus
953 2871 1264 2942 separatur?
1301 2869 1346 2924 si
1385 2871 1556 2923 malus
1594 2878 1706 2931 est,
1744 2884 1840 2922 cur
1864 2883 1893 2921 a

306 2976 385 3024 tot
411 2967 564 3021 bonis
596 2980 730 3021 unus
755 2982 861 3019 non
891 2962 1211 3033 superatur?
1242 2960 1298 3015 Si
1338 2976 1499 3013 verax
1526 2970 1627 3024 est,
1657 2973 1752 3012 cur
1780 2957 1895 3027 ejus

305 3066 573 3133 przecepta
618 3055 979 3127 re3puuntur?
1021 3054 1067 3108 si
1110 3052 1336 3108 mendax
1365 3060 1466 3119 est,
1496 3066 1591 3106 cur
1619 3051 1734 3120 ejus
1761 3065 1894 3119 prte-

306 3152 447 3206 dieta
479 3151 817 3220 complentur
842 3148 864 3202 ?

305 3242 532 3299 CAPUT
571 3241 754 3297 XVIII.
782 3271 854 3280 —
888 3238 1218 3294 Hebraeorum
1257 3234 1394 3290 Deus
1438 3252 1470 3289 a
1510 3233 1756 3289 Romanis
1796 3249 1896 3287 non

574 3346 825 3405 receptus,
855 3334 974 3404 quia
998 3348 1051 3385 se
1075 3331 1238 3385 solum
1264 3330 1361 3383 coli
1381 3328 1612 3383 voluerit.

376 3427 467 3484 26.
498 3426 796 3492 Postremo,
828 3423 969 3495 quod
998 3423 1179 3478 volunt
1208 3421 1274 3476 dc
1304 3419 1394 3475 illo
1436 3420 1684 3475 sentiant.
1729 3416 1896 3472 Num-

305 3519 434 3592 quid
457 3518 683 3574 Romani
720 3518 880 3572 etiam
907 3516 1075 3570 malos
1097 3512 1226 3569 deos
1251 3511 1504 3568 colendos
1530 3526 1636 3565 non
1667 3517 1854 3581 putant
1878 3549 1895 3575 ,

305 3612 399 3683 qui
426 3610 619 3666 Pallori
645 3618 701 3665 et
726 3608 884 3664 Febri
913 3606 1031 3661 lana
1068 3605 1341 3661 fecerunt?
1367 3605 1459 3675 qui
1483 3613 1537 3658 et
1558 3606 1759 3669 ἀγαθοὺς
1788 3600 1898 3656 da:-

307 3718 497 3758 monas
542 3700 842 3757 invitandos
882 3701 898 3731 ¹
924 3740 940 3768 ,
982 3707 1037 3754 et
1072 3705 1239 3759 κακοὺς
1286 3695 1560 3751 daemonas
1611 3690 1897 3764 placandos

307 3796 563 3851 monent?
590 3792 873 3862 Quodlibet
892 3805 1020 3862 ergo
1048 3788 1114 3845 de
1155 3789 1245 3843 illo
1279 3787 1607 3852 existiment,
1646 3800 1741 3839 cur
1773 3797 1894 3839 eum

308 3890 483 3946 solum
521 3887 621 3943 sibi
657 3900 757 3942 nec
796 3884 1163 3940 advocandum
1204 3896 1303 3936 nec
1348 3877 1739 3949 propitiandum
1779 3890 1899 3932 esse

308 3977 619 4036 duxerunt?
639 3978 769 4045 Quis
793 3984 876 4031 est
900 3976 1039 4030 Deus
1060 3975 1161 4029 iste
1185 3971 1267 4028 vel
1291 3972 1359 4026 ita
1382 3971 1612 4041 ignotus,
1637 3977 1694 4023 ut
1714 3967 1765 4022 in
1789 3976 1897 4022 tam

310 4073 494 4129 multis
513 4071 615 4127 diis
634 4069 779 4125 solus
801 4067 974 4123 adhuc
1002 4081 1107 4122 non
1136 4064 1471 4129 inveniatur;
1500 4069 1592 4116 aut
1612 4062 1681 4115 ita
1704 4068 1859 4115 notus
1881 4100 1896 4125 ,

311 4174 372 4220 ut
408 4180 440 4221 a
480 4174 588 4219 tam
626 4163 806 4218 multis
830 4160 1135 4215 hominibus
1162 4158 1271 4229 jam
1308 4158 1453 4212 solus
1489 4154 1725 4211 colatur?
1760 4153 1899 4207 Nihil

312 4273 443 4329 ergo
478 4264 641 4312 restat
683 4262 739 4310 ut
777 4253 957 4309 dicant
1002 4268 1099 4307 cur
1144 4250 1298 4321 hujus
1346 4250 1436 4304 Dei
1482 4263 1633 4303 saera
1665 4248 1901 4315 recipere

314 4350 619 4415 noluerint;
667 4346 768 4402 nisi
813 4347 932 4416 quia
964 4345 1133 4401 solum
1164 4359 1222 4399 se
1247 4343 1348 4399 coli
1380 4342 1625 4409 voluerit,
1656 4342 1776 4396 illos
1808 4356 1902 4394 au-

315 4454 422 4499 tem
450 4442 578 4497 deos
601 4440 873 4506 Gentium,
903 4453 1035 4508 quos
1062 4437 1143 4491 isti
1162 4436 1270 4507 jam
1294 4434 1570 4500 colebant,
1594 4434 1695 4488 coli
1725 4433 1904 4502 prohi-

316 4536 510 4590 buerit.
538 4533 644 4591 Sed
674 4532 779 4588 hoc
808 4532 977 4601 ipsum
1004 4530 1170 4600 magis
1194 4530 1262 4584 ab
1286 4528 1363 4582 eis
1394 4525 1771 4595 requirendum
1800 4532 1900 4587 est,

314 4645 606 4701 quemnam
642 4628 725 4682 vel
774 4625 980 4695 qualem
1015 4629 1200 4693 putent
1232 4636 1354 4677 esse
1392 4620 1547 4675 istum
1578 4618 1783 4683 Deum,
1814 4616 1905 4685 qui

318 4724 551 4779 noluerit
579 4722 680 4777 coli
709 4721 837 4776 deos
861 4718 991 4772 alios
1014 4758 1027 4780 ,
1074 4714 1264 4784 quibus
1304 4712 1387 4765 isti
1430 4710 1628 4779 templa
1658 4717 1711 4763 et
1740 4708 1906 4761 simu-

320 4818 465 4872 lacra
506 4815 775 4878 fecerunt;
824 4819 1138 4877 tantumque
1180 4802 1442 4874 potuerit,
1474 4811 1534 4856 ut
1564 4800 1681 4870 plus
1707 4799 1908 4853 valeret

322 4913 440 4981 ejus
464 4910 709 4964 voluntas
748 4906 815 4960 ad
855 4918 1039 4959 eorum
1081 4900 1363 4955 simulacra
1395 4895 1701 4961 evertenda,
1746 4910 1905 4965 quant

323 5003 539 5057 illorum
577 4998 644 5053 ad
685 4998 798 5067 ejus
838 5010 987 5050 sacra
1016 5009 1117 5046 non
1148 4988 1470 5059 recipienda.
1504 4988 1659 5042 Certe
1687 4996 1907 5040 sentcn—

326 5095 395 5149 tia
419 5094 559 5148 illius
583 5106 768 5147 eorum
806 5085 1102 5158 philosophi
1146 5084 1407 5156 proditur,
1439 5097 1596 5151 quem
1631 5079 1909 5149 sapientis-

324 5187 519 5241 simum
548 5184 783 5239 omninm
832 5180 1105 5235 hominum
1152 5177 1311 5233 etiam
1363 5173 1576 5229 oraculo
1616 5172 1778 5226 fuisse
1821 5170 1911 5223 lir-

325 5288 553 5336 marunt.
598 5278 830 5337 Socratis
857 5276 997 5330 enim
1036 5274 1297 5330 sententia
1336 5280 1437 5337 est,
1482 5283 1912 5338 unumquemque

326 5374 485 5429 deum
529 5373 608 5427 sic
644 5371 746 5426 coli
793 5356 1075 5439 oportere,
1114 5365 1380 5436 quomodo
1408 5379 1468 5419 se
1496 5365 1608 5433 ipse
1631 5361 1912 5418 colendum

327 5478 452 5520 esse
492 5460 823 5534 przeceperit.
858 5460 1084 5514 Proinde
1106 5459 1219 5513 istis
1236 5472 1439 5513 summa
1463 5457 1749 5511 necessitas
1775 5454 1913 5509 facta

329 5566 539 5615 estnon
564 5554 771 5611 colendi
801 5554 967 5608 Deum
997 5551 1377 5615 Hebrreorum;
1404 5547 1526 5618 quia
1553 5548 1596 5601 si
1622 5547 1726 5601 alio
1757 5546 1915 5601 modo

334 5664 458 5705 eum
485 5648 665 5703 colere
688 5646 903 5713 vellent,
927 5658 1085 5713 quam
1121 5658 1180 5697 se
1208 5640 1491 5697 colendum
1515 5640 1627 5710 ipse
1652 5638 1912 5706 dixisset,

397 5765 416 5800 ί
441 5763 581 5817 mliti.
603 5761 874 5812 imittmdos.
898 5766 953 5809 At
972 5766 1100 5818 Mss,
1120 5758 1387 5822 nummulos
1406 5770 1423 5807 :
1440 5758 1618 5822 quibus
1639 5754 1769 5807 favet
1788 5755 1919 5822 quod

334 5828 668 5891 subsequitur,
692 5838 779 5875 cur
802 5836 910 5875 eum
932 5822 1081 5875 solum
1106 5821 1194 5873 sibi
1209 5834 1294 5871 nec
1318 5820 1666 5873 advocandum.

1528 6064 1535 6095 Γ

1638 412 1643 415 ,
1673 352 1877 413 LIBER
1916 352 2185 413 PRIMUS.

3444 372 3579 433 1051

1998 490 2104 529 non
2130 477 2308 548 utique
2340 478 2485 534 illum
2511 479 2768 549 colerent,
2809 483 2901 540 sed
2939 484 3080 556 quod
3124 486 3223 557 ipsi
3262 486 3579 547 ﬁnxissent:

1999 566 2044 620 si
2068 576 2242 621 autem
2266 568 2355 623 illo
2378 570 2536 625 modo
2568 572 2761 628 vellent
2793 590 2898 644 quo
2938 575 3050 646 ipse
3078 576 3302 643 diceret,
3326 579 3456 647 alios
3478 582 3577 635 sibi

1998 659 2249 715 eulendos
2280 678 2383 716 non
2416 679 2534 719 esse
2561 666 2867 733 cernebant,
2898 684 3032 738 quos
3070 669 3158 724 ille
3190 670 3291 725 coli
3333 670 3581 740 prohibe-

2000 753 2106 808 bat.
2132 756 2209 811 Ae
2233 772 2329 827 per
2355 757 2455 813 hoc
2477 770 2792 829 respuerant
2814 764 2967 819 unius
2993 764 3100 818 veri
3132 765 3222 820 Dei
3252 766 3451 821 cultum
3474 808 3487 831 ,
3515 782 3583 823 ne

1999 845 2193 916 multos
2231 846 2392 902 falsos
2420 848 2779 916 ollendercnt;
2815 854 2979 923 magis
3008 854 3325 911 arbitrantes
3355 856 3454 911 sibi
3489 857 3584 911 ob-

2000 934 2229 991 futuram
2258 937 2418 994 fuisse
2453 941 2677 997 isturum
2707 944 3052 1013 iracundiam,
3077 963 3236 1018 quam
3259 949 3403 1004 illius
3422 948 3583 1005 bene-

1999 1028 2286 1083 volentiam
2319 1030 2667 1099 profuturam.
2988 1080 2991 1083 .
3402 1082 3403 1085 η

2213 1123 2436 1180 CAPUT
2476 1125 2617 1180 XIX.
2648 1159 2712 1167 —-
2746 1125 2893 1183 Hunc
2916 1147 3020 1185 esse
3039 1148 3206 1184 verum
3232 1131 3410 1186 Deum.

2070 1213 2157 1268 27.
2191 1214 2296 1269 Sed
2342 1215 2497 1271 fuerit
2543 1218 2639 1272 ista
2668 1236 2799 1275 vana
2832 1222 3139 1289 necessitas,
3172 1232 3225 1277 et
3264 1224 3481 1279 ridenda
3516 1226 3582 1279 ti-

2001 1306 2213 1361 miditas
2254 1324 2267 1359 :
2310 1324 2450 1363 nunc
2476 1310 2764 1380 quaerimus
2792 1312 2918 1380 quid
2950 1314 3017 1368 de
3056 1315 3159 1368 isto
3202 1316 3309 1370 Deo
3354 1317 3585 1371 sentiant

2002 1396 2263 1464 homines,
2288 1400 2480 1469 quibus
2508 1400 2681 1470 placet
2718 1419 2903 1457 omnes
2934 1403 3061 1458 deos
3088 1404 3339 1459 colendos
3360 1421 3497 1461 esse.
3524 1406 3580 1461 Si

2000 1490 2141 1544 enim
2166 1491 2265 1545 iste
2288 1491 2540 1547 colendus
2566 1510 2668 1547 non
2693 1504 2794 1560 est,
2819 1496 3085 1565 quomodo
3106 1498 3352 1553 coluntur
3371 1514 3579 1565 omnes,

2000 1598 2121 1636 cum
2172 1584 2270 1638 iste
2313 1600 2417 1639 non
2460 1585 2682 1640 colitur?
2732 1588 2777 1641 si
2813 1596 2988 1642 autem
3018 1588 3274 1644 colendus
3313 1599 3427 1657 est,
3472 1606 3578 1645 non

1999 1691 2186 1731 munes
2209 1677 2416 1732 colendi
2440 1692 2589 1745 sunt;
2621 1680 2741 1749 quia
2769 1681 2868 1735 nisi
2897 1682 3042 1737 solus
3077 1683 3300 1747 colatur,
3346 1684 3446 1739 iste
3472 1700 3578 1740 non

1996 1768 2206 1847 colitur.
2237 1770 2316 1822 An
2349 1770 2487 1824 forte
2510 1770 2703 1825 dicturi
2738 1781 2860 1827 sunt
2901 1774 3057 1827 istum
3088 1791 3190 1828 non
3223 1789 3342 1829 esse
3370 1775 3532 1829 Deum
3563 1815 3580 1842 ,

1997 1873 2117 1911 cum
2148 1859 2268 1913 illos
2292 1859 2421 1915 deos
2446 1861 2639 1927 dicant,
2675 1863 2784 1931 qui,
2818 1864 2951 1918 sicut
2981 1879 3077 1918 nos
3114 1866 3379 1919 credimus
3403 1904 3418 1930 ,
3450 1865 3583 1921 nihil

2001 1961 2261 2020 possunt,
2314 1954 2416 2008 nisi
2456 1954 2597 2025 quod
2640 1956 2779 2010 illius
2804 1956 3003 2027 judicio
3033 1959 3445 2028 permittuntur;
3475 1975 3581 2015 non

1998 2044 2055 2098 ut
2081 2046 2235 2100 alicui
2270 2046 2493 2115 prosint,
2520 2048 2611 2103 sed
2644 2057 2699 2103 ut
2728 2065 2828 2103 nec
2853 2049 3048 2106 laedere
3088 2050 3316 2115 valeant,
3365 2051 3466 2104 nisi
3493 2068 3586 2106 eos

1998 2152 2131 2204 quos
2159 2137 2225 2190 ita
2258 2138 2527 2194 laedendos
2555 2155 2674 2195 esse
2704 2140 2793 2194 ille
2815 2140 3037 2209 judicat,
3067 2142 3155 2211 qui
3177 2143 3353 2197 omnia
3374 2144 3586 2212 potest?

1999 2229 2147 2285 Sient
2194 2241 2370 2285 autem
2415 2232 2513 2302 ipsi
2540 2244 2799 2301 coguntur
2828 2233 3006 2299 fateri,
3037 2234 3243 2291 minora
3265 2243 3409 2289 certe
3428 2250 3587 2305 quam

2000 2320 2088 2375 ille
2122 2330 2423 2390 potuerunt.
2463 2322 2518 2376 Si
2553 2324 2694 2377 enim
2724 2324 2794 2377 dii
2826 2334 2968 2389 sunt,
3000 2340 3225 2394 quorum
3266 2335 3415 2381 vates
3454 2341 3586 2382 eon-

1999 2415 2122 2468 sulti
2146 2414 2212 2469 ab
2241 2414 2563 2481 hominibus,
2587 2425 2644 2470 ut
2672 2432 2775 2471 non
2803 2417 2973 2472 dicam
3006 2416 3323 2480 fefellerunt,
3347 2418 3586 2487 proxima

2004 2514 2177 2559 tamen
2208 2505 2423 2574 privatis
2451 2507 2677 2576 negotiis
2712 2508 3137 2578 responderunt;
3178 2508 3443 2578 quomodo
3479 2522 3586 2563 non

1998 2606 2081 2650 est
2109 2597 2270 2663 Deus,
2296 2596 2447 2667 cujus
2477 2607 2625 2653 vates
2666 2614 2771 2654 non
2809 2600 2981 2654 solum
3016 2616 3079 2654 ea
3113 2616 3231 2671 qua:
3270 2600 3337 2655 ad
3378 2608 3586 2669 tempus

2000 2685 2416 2741 consulcbantur
2448 2703 2682 2758 congrue
2723 2690 3142 2759 responderunt,
3192 2676 3389 2746 verum
3425 2690 3585 2745 etiam

2000 2779 2143 2833 unde
2182 2795 2287 2833 non
2324 2781 2738 2835 consulebantur
2775 2781 2841 2837 de
2881 2783 3129 2838 universo
3165 2796 3362 2853 genere
3400 2782 3587 2849 huma-

2001 2887 2091 2937 no,
2114 2883 2271 2940 atque
2292 2872 2535 2927 omnibus
2558 2874 2801 2943 gentibus
2822 2888 2882 2927 ea
2901 2880 3047 2928 tanto
3062 2882 3185 2928 ante
3205 2873 3584 2944 praedixerunt,

2001 2979 2118 3033 quae
2140 2980 2280 3023 nunc
2296 2975 2350 3020 et
2372 2966 2597 3035 legimus
2619 2974 2672 3019 et
2694 2965 2969 3020 videmus?
2988 2966 3042 3021 Si
3072 2966 3237 3023 Deum
3259 2965 3588 3036 dicunt,~quo

2002 3054 2215 3124 impleta
2263 3055 2462 3125 Sibylla
2496 3056 2597 3110 fata
2632 3058 2648 3087 ⁸
2675 3057 2866 3111 cecinit
2895 3056 3292 3122 Romanorum;
3322 3055 3589 3127 quomodo

2002 3162 2106 3199 non
2147 3154 2230 3200 est
2272 3147 2429 3213 Deus,
2465 3150 2553 3217 qui
2581 3155 2635 3201 et
2659 3146 2926 3202 Romanos
2964 3155 3018 3202 et
3045 3164 3233 3203 omnes
3259 3148 3501 3203 nationes
3533 3147 3588 3203 in

2002 3253 2060 3293 se
2090 3254 2253 3293 unum
2286 3238 2450 3293 Deum
2484 3254 2578 3308 per
2607 3238 2803 3293 Christi
2829 3238 3172 3308 Evangelium
3195 3238 3508 3305 credituras,
3532 3247 3588 3293 ct

2001 3332 2178 3386 omnia
2227 3339 2435 3401 patrum
2473 3344 2690 3383 suorum
2745 3329 3027 3385 simulacra
3080 3344 3388 3399 eversuras,
3452 3329 3590 3383 sicut

2003 3421 2404 3491 prmnuntiavit,
2440 3420 2717 3475 exhibuit?
2748 3420 3044 3487 Postremo,
3092 3421 3138 3476 si
3182 3421 3298 3477 illos
3344 3418 3473 3475 deos
3506 3419 3584 3474 di—

2003 3522 2149 3577 cunt,
2177 3511 2267 3583 qui
2310 3528 2579 3580 nunquam
2620 3511 2734 3565 ausi
2782 3520 2905 3565 sunt
2947 3526 3041 3580 per
3068 3519 3213 3567 vates
3238 3526 3363 3566 suos
3401 3517 3585 3566 contra

2004 3606 2163 3660 istum
2200 3604 2366 3660 Deum
2402 3602 2601 3674 aliquid
2645 3603 2856 3668 dicere;
2907 3603 3173 3672 quomodo
3201 3618 3305 3657 non
3339 3610 3421 3658 est
3443 3602 3585 3656 Deus

2002 3699 2091 3769 qui
2135 3713 2233 3769 per
2278 3703 2428 3750 vates
2468 3710 2594 3749 suos
2650 3695 2875 3749 istorum
2928 3693 3211 3748 simulacra
3260 3708 3367 3747 non
3414 3691 3585 3746 solum

2003 3791 2171 3847 everti
2196 3789 2386 3861 jussit,
2416 3803 2601 3843 verum
2626 3787 2787 3842 etiam
2814 3787 2865 3841 in
2888 3787 3132 3841 omnibus
3156 3784 3412 3841 Gentibus
3433 3799 3591 3839 ever—

2004 3899 2121 3940 sum
2175 3882 2240 3938 iri
2286 3880 2526 3951 praedixit
2562 3878 2630 3933 ab
2673 3880 2750 3933 eis
2787 3878 2878 3950 qui
2918 3878 3020 3933 illis
3054 3876 3278 3932 desertis
3322 3890 3382 3931 se
3424 3890 3588 3931 unum

2004 3978 2182 4031 colere
2205 3974 2537 4045 juberentur,
2566 3969 2771 4043 etjussi
2803 3969 3223 4024 famularentur?

2005 4067 2229 4124 CAPUT
2268 4065 2387 4121 XX.
2407 4096 2473 4105 --
2496 4064 2684 4119 Contra
2714 4063 2877 4116 Deum
2925 4060 3249 4115 Ilebrworum
3276 4058 3404 4113 nihil
3431 4074 3463 4111 a
3484 4056 3589 4112 Pa-

2242 4175 2488 4230 ganorunt
2519 4158 2709 4210 vatibus
2745 4155 3041 4227 prwdiclum
3086 4153 3349 4223 reperitur.

2076 4254 2166 4310 28.
2199 4254 2300 4308 Aut
2322 4252 2518 4321 legant,
2548 4250 2590 4304 si
2619 4256 2861 4319 possunt,
2894 4247 2972 4301 vel
2994 4246 3219 4315 aliquam
3247 4243 3585 4313 Sibyllarum,

2008 4348 2089 4403 vel
2120 4344 2409 4417 quemlibet
2437 4343 2661 4397 aliorum
2694 4352 2869 4393 vatum
2902 4352 3118 4393 suorum
3150 4335 3456 4404 prwdixisse
3486 4332 3589 4387 hoc

2010 4441 2266 4504 futurum,
2293 4446 2349 4490 ut
2370 4436 2509 4491 Deus
2531 4434 2873 4487 llebrmorum
2902 4431 3040 4483 Deus
3071 4426 3231 4481 Israel
3255 4425 3321 4479 ab
3346 4424 3591 4480 omnibus

2008 4530 2257 4601 gentibus
2286 4526 2579 4586 coleretur,
2634 4532 2685 4575 et
2739 4520 2880 4591 quod
2926 4536 3046 4574 eum
3092 4518 3322 4571 cultores
3367 4516 3590 4570 aliorum

2010 4623 2231 4677 deorum
2260 4627 2405 4673 recte
2432 4627 2585 4670 antea
2615 4614 2970 4684 respuissent;
2998 4610 3194 4665 futuras
3214 4609 3372 4664 etiam
3391 4608 3593 4662 litteras

2013 4713 2398 4782 Pr0phetarum
2444 4709 2559 4777 ejus
2598 4708 2649 4761 in
2679 4705 2992 4760 auctoritate
3024 4704 3093 4758 ita
3119 4701 3332 4757 sublimi
3362 4702 3403 4769 ³,
3433 4708 3489 4755 ut
3513 4699 3596 4754 his

2013 4808 2386 4873 obtemperans
2413 4802 2571 4855 etiam
2598 4799 2875 4868 imperium
2898 4797 3258 4851 Romanorum
3277 4794 3486 4863 juberet
3505 4792 3597 4847 de-

2017 4898 2115 4954 leri
2145 4897 2461 4959 simulacra;
2496 4893 2767 4947 monuisse
2793 4892 2952 4947 etiam
2996 4906 3063 4944 ne
3093 4889 3282 4943 talibus
3318 4886 3598 4956 praeceptis

2017 4991 2473 5058 obtemperaretur
2504 5004 2516 5040 :
2552 4988 2729 5056 legant
2750 4984 2871 5048 ista,
2903 4984 2945 5036 si
2970 4989 3208 5052 possunt,
3242 4996 3303 5031 ex
3333 4976 3597 5046 aliquibus

2017 5083 2165 5138 libris
2194 5089 2371 5136 vatum
2418 5094 2655 5134 suorum.
2711 5076 2911 5131 Omitto
2958 5074 3099 5128 enim
3144 5071 3323 5124 dicere
3351 5067 3492 5138 thtI
3535 5082 3597 5123 ea

2018 5192 2137 5246 quae
2168 5175 2220 5228 in
2248 5174 2457 5227 illorum
2486 5172 2634 5227 libris
2664 5171 2905 5239 leguntur
2928 5208 2944 5232 ,
2979 5181 3071 5235 pro
3097 5174 3275 5219 nostra
3294 5204 3308 5228 ,
3344 5164 3444 5216 hee
3480 5171 3563 5216 est
3582 5202 3597 5225 ,

2002 5266 2305 5339 ‘hristiana
2332 5266 2586 5335 religione
2632 5261 2988 5316 testimonium
3016 5258 3225 5327 dicunt,
3254 5254 3393 5325 quod
3420 5269 3449 5307 a
3476 5268 3600 5307 san-

2021 5364 2121 5418 ctis
2154 5361 2368 5431 Angelis
2390 5402 2403 5426 ,
2431 5369 2485 5415 et
2509 5360 2577 5413 ab
2603 5357 2728 5426 ipsis
2756 5354 2951 5409 nostris
2978 5351 3254 5422 PrOphctis
3286 5348 3468 5402 audire
3498 5361 3589 5416 po-

2023 5464 2237 5511 luerunt
2261 5472 2272 5507 :
2304 5452 2441 5505 sicut
2466 5458 2520 5504 et
2546 5454 2862 5519 praesentem
2890 5444 2942 5498 in
2968 5460 3129 5497 carne
3152 5442 3417 5497 Christum
3440 5441 3599 5493 etiam

2023 5546 2281 5604 dzemonia
2303 5552 2483 5597 coacta
2510 5550 2633 5595 sunt
2661 5536 2921 5592 conﬁteri.
2950 5534 3053 5590 Sed
3082 5535 3195 5588 haec
3220 5532 3436 5597 omitto,
3482 5546 3601 5599 qua:

2024 5654 2143 5694 cum
2198 5633 2548 5706 proferimus,
2603 5645 2633 5684 a
2682 5628 2876 5684 nostris
2921 5626 3040 5683 ﬁcta
3067 5640 3186 5683 esse
3236 5622 3597 5681 contendunt:

2091 5755 2106 5786 ί
2134 5761 2183 5802 In
2204 5756 2394 5814 septem
2416 5756 2544 5814 Mss,
2569 5748 2711 5808 facili.

2091 5819 2109 5848 ³
2135 5824 2226 5866 Sex
2254 5806 2377 5873 $155.,
2402 5806 2673 5874 futw'uiu...
2702 5806 2966 5863 sublimen.
