4082 6466
525 406 665 463 i055

523 522 624 592 ipsi
652 521 888 587 omnino,
912 518 1012 590 ipsi
1040 516 1257 590 urgendi
1280 525 1439 583 sunt,
1463 524 1519 570 ut
1544 513 1811 585 proferant
1838 527 1869 565 a
1891 506 2101 563 vatibus

524 613 748 669 deorum
791 628 1007 668 suorum
1067 619 1250 665 contra
1298 610 1463 663 Deum
1514 607 1857 661 Hebraeorum
1908 599 2104 671 aliquid

524 707 934 777 pr0phetatum;
963 705 1100 760 sicut
1132 718 1232 757 nos
1254 711 1331 756 tot
1356 710 1410 756 et
1438 710 1579 755 tanta
1601 698 1667 753 de
1692 698 1839 752 libris
1865 695 2105 764 Prophe-

524 806 701 853 tarum
747 808 1046 852 nostrorum
1075 802 1259 850 contra
1287 793 1417 849 deos
1442 807 1627 849 eorum
1655 800 1710 846 et
1746 791 1892 860 jussa
1923 788 2108 843 obser-

524 904 713 943 vamus
734 929 748 951 ,
779 895 833 942 et
860 886 1107 957 prmdicta
1137 885 1421 941 recitamus
1442 926 1457 951 ,
1486 893 1539 939 et
1566 881 1697 937 facta
1728 889 2104 935 monstramus.

525 980 655 1047 Qua:
680 979 753 1034 illi
774 979 883 1048 jam
906 977 1151 1047 perpauci
1174 978 1261 1047 qui
1285 982 1676 1040 remanserunt,
1700 972 1904 1026 malunt
1924 969 2109 1026 dolere

524 1068 824 1140 completa,
856 1084 1011 1139 quam
1059 1070 1206 1123 illum
1250 1068 1413 1123 Deum
1459 1080 1789 1137 agnoscere,
1813 1063 1901 1133 qui
1939 1063 2107 1133 potuit

525 1161 882 1232 praenuntiam
902 1160 1212 1231 complenda
1246 1180 1258 1215 :
1291 1175 1410 1214 cum
1438 1158 1490 1212 in
1513 1158 1621 1213 suis
1644 1156 1745 1214 diis
1769 1155 1943 1221 falsis,
1988 1170 2108 1227 qua:

524 1261 650 1309 sunt
674 1268 796 1308 vera
822 1253 1083 1307 daemonia
1098 1294 1119 1320 ,
1148 1252 1275 1306 nihil
1303 1250 1445 1305 aliud
1484 1264 1580 1319 pro
1607 1264 1799 1315 magno
1820 1254 2102 1317 appetant,

523 1361 681 1416 quam
704 1361 824 1400 cum
850 1345 1047 1417 aliquid
1077 1360 1261 1401 eorum
1288 1342 1560 1414 responsis
1586 1340 1687 1397 sibi
1713 1339 1947 1394 futurum
1988 1352 2108 1393 esse

522 1437 822 1492 didicerint.

522 1525 751 1583 CAPUT
788 1526 928 1583 XXI.
950 1526 1142 1581 —Hic
1195 1526 1334 1582 solus
1381 1524 1519 1580 Deus
1556 1523 1796 1579 colendus
1818 1565 1832 1589 ,
1866 1523 1953 1592 qui
1993 1538 2108 1576 cum

632 1617 760 1672 alios
780 1618 877 1672 coli
900 1618 1158 1689 prohibeat
1176 1660 1190 1684 ,
1221 1618 1318 1673 coli
1341 1635 1442 1677 non
1469 1616 1756 1688 prohibetur
1776 1616 1838 1668 ab
1863 1614 1997 1667 aliis.

594 1708 687 1765 29.
728 1710 857 1777 Quae
881 1725 1001 1765 cum
1024 1712 1095 1765 ita
1118 1711 1254 1776 sint,
1288 1726 1383 1766 cur
1413 1724 1520 1766 non
1541 1708 1714 1779 potius
1740 1706 1921 1762 miseri
1948 1706 2106 1761 intel—

524 1801 696 1874 Iigunt
721 1803 865 1857 illum
886 1818 1006 1859 esse
1028 1804 1194 1859 Deum
1216 1818 1424 1868 verum,
1450 1818 1610 1873 quem
1633 1802 1710 1857 sic
1732 1800 1913 1856 vident
1932 1814 1962 1853 a
1986 1814 2111 1855 suo-

522 1908 643 1948 rum
664 1893 885 1949 deorum
909 1894 1162 1951 societate
1196 1894 1493 1964 sejunctum
1514 1935 1529 1961 ,
1560 1902 1616 1948 ut
1644 1907 1801 1963 quem
1830 1890 1997 1946 Deum
2031 1890 2109 1943 fa-

524 1987 625 2043 teri
638 1997 915 2058 coguntur,
934 1988 1022 2058 qui
1034 2002 1219 2043 omnes
1231 1986 1359 2042 deos
1372 1985 1622 2041 colendos
1634 1999 1753 2040 esse
1765 1983 2108 2054 proﬁtentur,

524 2092 647 2133 eum
684 2079 892 2133 ueteris
930 2078 1108 2134 colere
1149 2094 1254 2133 non
1297 2075 1577 2132 sinantur?
1622 2075 1754 2130 Cum
1784 2091 1909 2147 ergo
1954 2073 2111 2131 simul

526 2170 629 2225 coli
666 2185 770 2223 non
798 2170 1033 2238 possint,
1077 2183 1172 2224 cur
1209 2184 1313 2222 non
1342 2167 1432 2222 ille
1458 2167 1700 2237 eligitur,
1731 2168 1819 2237 qui
1847 2168 1977 2223 istos
2007 2167 2110 2223 coli

525 2269 702 2327 vetat,
743 2261 941 2316 relictis
966 2261 1079 2315 istis
1108 2260 1197 2331 qui
1224 2260 1370 2314 illum
1411 2259 1516 2313 coli
1544 2275 1646 2315 non
1685 2261 1900 2315 vetant?
1930 2261 2036 2314 Aut
2064 2259 2109 2315 si

527 2360 736 2417 vetant,
780 2352 999 2421 legatur.
1041 2351 1177 2419 Quid
1216 2352 1357 2407 enim
1386 2353 1552 2422 magis
1583 2351 1790 2422 populis
1834 2367 2019 2407 eorum
2058 2352 2110 2406 in

527 2442 740 2512 templis
764 2458 948 2497 eorum
975 2442 1155 2498 debuit
1183 2443 1426 2510 recitari,
1470 2443 1558 2497 ubi
1582 2443 1711 2497 nihil
1748 2459 1980 2512 unquam
2009 2444 2113 2498 tale

528 2532 838 2603 personuit?
864 2533 930 2587 Et
957 2532 1135 2603 utique
1164 2532 1447 2602 prohibitio
1474 2542 1579 2587 tam
1606 2534 1896 2587 multorum
1927 2541 2113 2587 contra

528 2639 723 2691 unum,
753 2639 912 2694 quam
944 2624 1098 2679 unius
1134 2632 1317 2678 contra
1348 2632 1454 2678 tam
1480 2624 1677 2678 multos
1698 2666 1711 2689 ,
1742 2627 1917 2677 notior
1937 2631 1991 2677 et
2018 2638 2113 2693 po-

528 2715 724 2771 tentior
754 2715 771 2747 ¹
802 2729 920 2771 esse
940 2714 1175 2771 deberet.
1195 2715 1325 2772 Nam
1348 2717 1392 2771 si
1415 2717 1571 2786 hujus
1592 2717 1684 2772 Dei
1716 2716 1888 2771 cultus
1913 2725 1995 2771 est
2015 2717 2115 2770 im-

530 2805 679 2875 pius,
712 2805 926 2861 inutiles
963 2815 1087 2861 sunt
1108 2804 1181 2862 dii
1201 2848 1216 2875 ,
1243 2806 1334 2877 qui
1356 2808 1599 2863 homines
1619 2808 1685 2862 ab
1708 2809 1979 2878 impietate
2000 2822 2109 2863 non

529 2896 812 2966 prohibent
835 2914 849 2950 :
882 2897 928 2952 si
956 2912 1083 2953 vero
1110 2899 1227 2969 pius
1252 2910 1334 2954 est
1354 2898 1512 2969 hujus
1530 2900 1734 2966 cultus,
1764 2901 2014 2971 quoniam
2056 2901 2111 2956 in

530 2986 621 3041 illo
640 2987 946 3058 praecipitur
971 3004 1037 3044 ne
1065 2990 1149 3045 isti
1188 2991 1456 3057 colantur,
1486 2991 1678 3061 impius
1697 3000 1779 3049 est
1807 2994 1982 3049 cultus
2012 3009 2111 3050 eo-

528 3091 669 3132 rum.
695 3077 752 3133 Si
787 3087 963 3135 autem
993 3088 1099 3134 tam
1142 3080 1445 3137 difﬁdenter
1472 3082 1630 3138 istum
1656 3084 1759 3139 coli
1788 3084 2109 3155 prohibent,

530 3177 591 3222 nt
608 3168 728 3238 plus
745 3169 914 3225 audiri
935 3170 1157 3227 timeant
1174 3173 1216 3240 ',
1236 3187 1395 3243 quam
1423 3173 1709 3244 prohibere
1724 3175 1983 3245 audeant;
2012 3176 2115 3233 hoc

530 3258 649 3328 ipso
674 3260 794 3331 quis
810 3276 913 3316 non
943 3263 1148 3333 sapiat,
1171 3263 1290 3333 quis
1318 3277 1423 3319 non
1449 3266 1680 3331 sentiat,
1702 3265 1849 3320 illum
1870 3280 1989 3323 esse
2014 3280 2114 3337 po-

529 3352 636 3408 tius
665 3352 994 3425 eligendum,
1022 3356 1112 3426 qui
1155 3356 1285 3411 istos
1321 3356 1423 3413 coli
1454 3365 1561 3412 tam
1594 3358 1807 3432 publice
1840 3358 2111 3429 prohibet,

530 3444 618 3521 qui
640 3459 825 3500 eorum
846 3446 1128 3502 simulacra
1153 3447 1319 3503 everti
1345 3449 1539 3518 jussit,
1572 3450 1848 3520 praedixit,
1892 3451 2111 3520 evertit,

529 3549 689 3606 quam
728 3536 858 3592 istos
880 3580 896 3605 ,
923 3553 1056 3608 quos
1077 3548 1133 3594 ut
1157 3539 1244 3595 ille
1273 3555 1379 3594 non
1407 3541 1615 3596 colatur
1633 3584 1647 3607 ,
1688 3542 1912 3613 jussisse
1937 3544 2114 3598 nesci-

531 3642 682 3695 mus,
722 3629 1032 3700 przcdlxisse
1075 3646 1182 3687 non
1213 3631 1467 3702 legimus,
1517 3634 1746 3689 valuisse
1775 3635 1971 3705 aliquid
2004 3652 2111 3691 non

529 3719 810 3776 videmus?
837 3721 1015 3792 Rogo,
1039 3723 1426 3793 respondeant;
1458 3725 1577 3796 quis
1597 3735 1678 3781 est
1706 3726 1845 3782 Deus
1870 3728 1991 3795 iste,
2021 3728 2111 3798 qui

530 3825 719 3866 omnes
745 3812 881 3868 Deos
914 3813 1159 3869 Gentium
1186 3816 1263 3871 sic
1301 3817 1635 3889 persequitur
1653 3859 1669 3882 ,
1700 3818 1789 3888 qui
1817 3820 1993 3876 omnia
2018 3835 2112 3875 eo-

531 3916 653 3958 rum
681 3917 830 3958 sacra
853 3906 931 3959 sic
956 3906 1160 3975 prodit,
1189 3908 1267 3961 sic
1291 3909 1618 3979 exstinguit?

602 3992 827 4050 CAPUT
866 3995 1117 4051 XXII.—
1138 3997 1323 4068 Opinio
1353 3999 1587 4055 Gentium
1624 4002 1687 4056 de
1716 4002 1822 4060 Deo
1848 4014 2039 4060 nostro.

604 4083 693 4139 50.
734 4085 868 4153 Quid
892 4087 1209 4159 interrogem
1239 4089 1479 4145 homines
1500 4092 1585 4161 qui
1612 4106 1943 4149 evanuerunt
1969 4097 2115 4166 cogi-

533 4175 693 4231 tando
718 4176 836 4247 quis
863 4178 961 4233 iste
986 4180 1092 4234 sit?
1117 4180 1221 4234 Alii
1258 4182 1473 4248 dicunt,
1509 4183 1770 4239 Saturnus
1795 4196 1873 4240 est
1906 4204 1919 4239 :
1951 4187 2113 4243 credo

490 4258 495 4261 ’
531 4277 751 4338 propter
776 4270 979 4325 sabbati
1013 4271 1514 4340 sanetiiicationem,
1546 4275 1668 4346 quia
1701 4275 1789 4331 isti
1821 4292 1941 4333 eum
1968 4277 2109 4334 diem

534 4356 765 4414 Saturno
793 4361 1110 4416 tribuerunt.
1152 4362 1320 4418 Varro
1359 4373 1536 4419 autem
1569 4365 1801 4435 ipsorum
1822 4410 1836 4433 ,
1880 4384 1986 4438 quo
2010 4369 2113 4424 do-

529 4449 752 4504 ctiorem
771 4450 907 4520 apud
927 4466 984 4506 se
1002 4452 1265 4507 neminem
1284 4454 1575 4521 inveniunt,
1607 4456 1771 4511 Deum
1800 4457 2108 4514 Judanorum

529 4540 715 4597 Jovem
766 4544 999 4612 putavit,
1048 4544 1179 4598 nihil
1211 4545 1465 4601 interesse
1507 4562 1731 4603 censens
1758 4566 1865 4620 quo
1894 4553 2112 4608 nomine

529 4644 883 4703 nuncupatur,
913 4636 1038 4691 dum
1065 4637 1250 4693 eadem
1279 4653 1366 4694 res
1389 4640 1749 4713 intelligatur:
1779 4644 1940 4700 credo
1968 4646 2113 4703 illius

530 4724 834 4780 summitate
861 4724 1165 4783 deterritus.
1193 4728 1322 4784 Nam
1347 4730 1468 4802 quia
1504 4732 1635 4787 nihil
1664 4735 1909 4804 superius
1934 4737 2111 4794 solent

444 4798 453 4817 Χ
529 4817 709 4873 coiere
733 4815 957 4875 Romani
986 4835 1143 4893 quam
1169 4798 1384 4890 Jovem,
1412 4823 1554 4896 quod
1582 4798 1898 4900 Capitolium
1924 4844 2109 4887 eorum

528 4908 660 4964 satis
683 4918 968 4983 aperteque
986 4920 1230 4981 testatur,
1260 4929 1490 4986 eumque
1514 4932 1692 4988 regem
1713 4920 1953 4977 omnium
1981 4921 2110 4979 deo-

528 5012 647 5055 rum
671 4999 1027 5069 arbitrantur;
1074 5017 1193 5058 cum
1222 5003 1669 5065 animadverteret
1716 5008 1928 5067 Judzeos
1959 5026 2107 5069 sum-

527 5101 673 5143 mum
704 5088 868 5146 Deum
893 5091 1097 5157 colere,
1128 5093 1257 5149 nihil
1282 5094 1427 5150 aliud
1454 5096 1621 5166 potuit
1648 5100 1906 5170 suspicari
1948 5117 2109 5172 quam

525 5178 732 5238 Jovem.
759 5182 863 5238 Sed
888 5183 999 5240 sive
1023 5185 1111 5256 qui
1139 5184 1423 5241 Saturnum
1440 5230 1455 5254 ,
1486 5188 1599 5244 sive
1625 5191 1712 5260 qui
1733 5190 1917 5247 Jovem
1941 5191 2110 5251 Deum

525 5272 831 5330 Jndaeorum
854 5284 1071 5346 putant,
1100 5277 1274 5333 dicant
1297 5279 1511 5346 quando
1533 5277 1796 5337 Saturnus
1825 5280 2109 5353 prohibet.

526 5381 689 5422 ausus
716 5376 797 5424 est
820 5368 925 5423 coli
953 5370 1177 5425 alterum
1206 5369 1373 5427 Deum
1398 5387 1414 5437 ;
1440 5387 1541 5428 nec
1570 5373 1740 5444 ipsum
1767 5373 1954 5431 Jovem
1972 5418 1986 5442 ,
2017 5379 2105 5447 qui

527 5473 649 5513 cum
697 5474 861 5529 regno
890 5461 1156 5530 expulisse
1196 5462 1529 5533 perhibetur,
1584 5475 1788 5536 patrem
1819 5468 1977 5524 filius.
2006 5468 2106 5537 Qui

592 5636 609 5710 ἶ
634 5643 745 5710 Ξίξὲε
765 5637 1005 5710 quintius.
1017 5638 1191 5710 Ροίίονξ

589 5698 768 5763 frum,
789 5698 970 5759 audere
989 5698 1200 5752 timeam.
1221 5701 1312 5751 Sed
1335 5704 1502 5754 verius
1522 5710 1650 5763 Mss.,
1672 5705 1837 5756 audiri
1868 5706 2061 5759 timeant
2088 5723 2105 5759 :

525 5756 709 5834 scilicet
729 5756 975 5834 dtemones
999 5767 1290 5834 verebantur
1314 5777 1377 5813 ne
1393 5773 1519 5814 Deus
1542 5756 1706 5830 verus,
1731 5770 1771 5818 si
1798 5756 1909 5834 ejus
1922 5756 2106 5824 ﬁnitimi

527 5822 859 5887 prohiberent,
878 5838 965 5887 per
991 5838 1075 5874 eos
1096 5827 1223 5887 ipsos
1245 5827 1592 5880 innotesceret.

1320 402 1413 458 DE
1448 396 1792 458 CONSENSU
1835 389 2483 463 EVANGELISTARUM,
2525 397 2581 452 S.
2618 396 2984 457 AUGUSTINI

3658 409 3799 466 I056

2212 509 2255 563 si
2280 518 2525 580 tanquam
2554 517 2821 583 potentior
2848 526 2901 573 et
2929 518 3097 573 victor
3120 518 3317 590 placuit
3341 521 3632 581 cultoribus
3660 529 3794 593 suis,

2211 603 2495 661 Saturnum
2526 608 2720 663 victum
2771 612 3157 683 expulsumque
3202 630 3309 670 non
3336 616 3530 673 colant.
3559 617 3665 675 Sed
3693 637 3795 678 ne-

2212 711 2314 766 que
2343 697 2500 752 istum
2528 699 2629 755 coli
2669 699 2814 755 Jovis
2844 702 3144 772 prohibuit;
3177 713 3232 760 et
3256 722 3414 778 quem
3443 709 3657 768 vincere
3694 727 3796 783 po-
3825 688 3840 764 ἶ

2213 787 2310 842 tuit
2329 831 2342 849 ,
2375 788 2530 843 deum
2556 800 2729 846 tamen
2755 806 2874 847 esse
2898 796 3155 864 permisit.

2213 879 2436 937 CAPUT
2474 881 2663 937 XXIII.
2695 914 2768 925 -—
2805 883 2884 939 De
2936 884 3063 940 Jove
3103 896 3147 941 et
3192 887 3418 944 Saturno
3458 890 3582 962 quid
3624 893 3801 964 nugati

2825 978 2923 1032 sint
2953 978 3173 1052 Pagani.

2283 1065 2372 1120 3i.
2414 1064 2532 1121 Ista:
2555 1109 2570 1133 ,
2605 1068 2879 1138 inquiunt,
2905 1071 3094 1126 fabula:
3119 1081 3241 1130 sunt
3266 1082 3357 1130 aut
3385 1074 3800 1146 interpretanda:

2212 1171 2243 1212 a
2273 1158 2596 1228 sapientibus
2615 1202 2629 1226 ,
2660 1170 2750 1215 aut
2775 1161 3012 1218 ridenda:
3041 1180 3054 1220 :
3083 1179 3182 1220 nos
3222 1174 3403 1221 autem
3442 1166 3632 1223 Jovem
3663 1168 3799 1224 θοιί-η

2212 1263 2360 1316 mus,
2390 1248 2455 1304 de
2481 1264 2585 1320 quo
2608 1250 2683 1305 ait
2713 1251 2886 1319 Maro,

2752 1363 2890 1413 lovis
2901 1364 3061 1413 omnia
3079 1363 3221 1427 plena
3242 1379 3256 1427 ;

3138 1403 3328 1493 ῐᾶἱοθ.
3353 1430 3401 1490 3,
3426 1442 3477 1481 v.
3495 1429 3613 1495 eo.)

2214 1524 2267 1579 id
2311 1534 2392 1581 est
2414 1569 2429 1593 ,
2463 1527 2639 1582 omnia
2680 1528 3029 1585 vivificantem
3061 1531 3326 1601 spiritum.
3368 1534 3558 1591 Merito
3584 1549 3716 1606 ergo
3745 1543 3805 1597 et

2214 1616 2383 1672 Varro
2407 1617 2590 1673 Jovem
2622 1621 2867 1691 opinatus
2905 1630 2987 1677 est
3012 1623 3114 1677 coli
3162 1638 3192 1677 a
3233 1623 3465 1694 Judaeis,
3511 1627 3635 1697 quia
3670 1627 3806 1685 dicit

2213 1726 2309 1781 per
2352 1712 2662 1783 prophetam
2682 1756 2698 1781 ,
2730 1713 2923 1770 Caelum
2948 1725 2993 1770 et
3024 1726 3208 1770 terram
3243 1734 3335 1789 ego
3363 1719 3549 1787 impleo
3580 1718 3797 1792 (Jerem.

2216 1819 2353 1858 χχιιι
2374 1843 2391 1870 ,
2416 1804 2533 1877 24).
2576 1805 2711 1873 Quid
2741 1805 2868 1862 illud
2895 1805 3037 1876 quod
3063 1807 3202 1862 idem
3228 1818 3383 1878 poeta
3410 1808 3539 1866 dicit
3561 1810 3811 1867 arthera?’

2214 1897 2481 1968 quomodo
2509 1900 2812 1970 accipiunt?
2840 1900 2928 1956 Sic
2953 1902 3095 1957 enim
3124 1904 3198 1957 ait
3226 1921 3240 1958 :

2338 2018 2456 2080 Tum
2478 2020 2616 2080 Pater
2638 2015 2946 2080 omnipotens
2960 2013 3180 2080 fecundis
3203 2018 3437 2069 imbribus
3457 1999 3643 2080 mer,

2338 2075 2559 2138 Conjugis
2580 2076 2631 2123 in
2654 2075 2891 2139 gremium
2910 2076 3035 2126 laeta:
3059 2079 3333 2130 descendit.

2851 2139 3053 2207 (Georg.
3080 2140 3159 2191 lib.
3181 2141 3227 2202 2,
3254 2155 3323 2192 vv.
3349 2142 3457 2202 524,
3482 2141 3629 2206 525.)

2217 2239 2494 2295 ΑΞιΙιει-εηι
2534 2242 2730 2313 quippe
2773 2259 2878 2299 non
2905 2246 3147 2316 Spiritum
3173 2290 3187 2313 ,
3216 2249 3309 2304 sed
3336 2266 3530 2321 corpus
3568 2267 3688 2309 esse
3718 2254 3804 2309 di-

2216 2341 2343 2388 cunt
2383 2334 2641 2403 sublime,
2682 2353 2787 2407 quo
2830 2340 3025 2395 caelum
3054 2356 3215 2412 super
3239 2358 3417 2399 aerem
3464 2345 3804 2402 distenditur.

2220 2427 2297 2481 Au
2329 2437 2500 2497 poeta:
2525 2430 2834 2486 conceditur
2877 2448 3015 2488 nunc
3053 2435 3343 2490 secundum
3376 2437 3712 2503 Platonicos,
3746 2448 3806 2494 ut
3865 2467 3875 2481 ι

2216 2536 2321 2574 non
2353 2536 2567 2591 corpus,
2599 2523 2693 2577 sed
2718 2525 2967 2594 Spiritus,
3001 2543 3140 2583 nunc
3163 2530 3453 2585 secundum
3478 2531 3687 2588 Stoicos
3726 2532 3807 2588 Io-

2216 2614 2303 2682 qui
2324 2656 2338 2679 ,
2371 2622 2429 2668 ut
2454 2630 2646 2684 corpus
2676 2617 2743 2670 sit
2770 2617 2942 2673 Deus?
2967 2619 3102 2687 Quid
3146 2621 3303 2692 igitur
3340 2623 3391 2677 in
3423 2622 3682 2693 Capitolio
3706 2639 3807 2680 co-

2217 2704 2372 2759 lunt?
2401 2705 2455 2762 Si
2492 2708 2765 2778 spiritum,
2798 2711 2842 2765 si
2873 2710 3102 2783 denique
3154 2714 3325 2784 ipsum
3371 2716 3564 2772 malum
3612 2732 3810 2788 corpo-

2217 2812 2388 2863 reum,
2421 2799 2546 2868 quid
2578 2799 2683 2855 illic
2707 2799 2830 2855 facit
2859 2812 3065 2858 scutum
3094 2804 3222 2859 illud
3252 2806 3419 2874 Jovis,
3449 2809 3590 2878 quod
3619 2811 3812 2880 appel-

2217 2887 2328 2943 lant
2350 2889 2577 2961 Egida?
2602 2890 2802 2964 Nempe
2823 2895 2972 2966 origo
2995 2897 3224 2952 nominis
3254 2898 3410 2969 hujus
3441 2901 3511 2956 ita
3538 2901 3804 2969 redditur,

2217 2983 2339 3053 quia
2366 2983 2551 3039 Jovem
2580 3001 2609 3040 a
2640 2996 2810 3043 matre
2835 2989 3152 3046 occultatum
3179 3006 3335 3064 capra
3364 2994 3581 3051 nutrivit
3608 3015 3622 3051 :
3654 3012 3721 3051 an
3755 3004 3815 3053 et

2218 3073 2321 3131 hoc
2353 3085 2521 3145 poeta:
2547 3079 2912 3135 mentiuntur?
2936 3080 3203 3153 Numquid
3242 3091 3299 3139 et
3323 3083 3577 3155 Capitolia
3605 3086 3813 3142 Roma-

2218 3182 2410 3222 norum
2430 3209 2446 3235 ,
2477 3182 2639 3240 opera
2668 3179 2792 3225 sunt
2826 3174 3145 3241 poetarum?
3183 3173 3319 3243 Quid
3349 3175 3450 3231 sibi
3487 3186 3665 3234 autem
3692 3179 3817 3237 vult

2219 3260 2317 3315 ista
2348 3275 2453 3316 non
2480 3263 2714 3332 poetica,
2768 3263 2864 3319 sed
2915 3264 3073 3336 plane
3117 3267 3327 3323 mimica
3358 3270 3619 3337 varietas,
3672 3270 3817 3327 deos

2216 3351 2507 3411 secundum
2555 3352 2904 3425 philosophos
2942 3356 2995 3411 in
3026 3356 3174 3415 libris
3198 3374 3438 3431 quaerere
3461 3403 3475 3429 ,
3507 3362 3815 3419 secundum

2218 3453 2401 3514 poetas
2425 3444 2480 3500 in
2507 3446 2718 3517 templis
2737 3447 3002 3504 adorare?

2218 3542 2221 3545 ‘
2286 3534 2376 3590 32.
2417 3533 2524 3591 Sed
2554 3537 2811 3607 numquid
2840 3537 2999 3594 etiam
3028 3537 3117 3594 ille
3146 3538 3480 3598 Euhemerus
3500 3551 3653 3615 poeta
3681 3542 3817 3614 fuit,

2216 3627 2305 3697 qui
2334 3634 2391 3682 et
2414 3627 2585 3698 ipsum
2632 3626 2818 3683 Jovem
2870 3636 2925 3684 et
2966 3629 3252 3687 Saturnum
3298 3642 3502 3703 patrem
3547 3636 3696 3706 ejus,
3752 3647 3813 3693 et

2216 3716 2495 3772 Plutonem
2519 3726 2677 3788 atque
2699 3717 2999 3786 Neptunum
3027 3720 3215 3777 fratres
3241 3723 3378 3794 ejus,
3399 3725 3468 3779 ita
3493 3726 3813 3797 planissime

2219 3808 2461 3863 homines
2485 3808 2647 3865 fuisse
2667 3810 2861 3879 prodit,
2884 3819 2942 3866 ut
2956 3828 3139 3868 eorum
3157 3815 3389 3871 cultores
3408 3819 3606 3889 gratias
3632 3822 3811 3891 magis

2218 3897 2390 3966 poetis
2415 3913 2573 3968 agere
2593 3898 2841 3968 debeant,
2869 3902 2988 3972 quia
3013 3918 3115 3957 non
3139 3905 3204 3959 ad
3233 3921 3325 3961 eos
3346 3907 3815 3980 dehonestandos,

2218 3988 2311 4043 sed
2358 3990 2533 4059 potius
2557 3990 2623 4045 ad
2649 3993 2986 4049 exornandos
3034 3996 3198 4051 multa
3230 3997 3533 4054 liiixerunt?
3560 4004 3811 4071 quamvis

2218 4089 2270 4134 et
2310 4080 2479 4151 ipsum
2508 4082 2866 4139 Euhemerum
2892 4085 2961 4140 ab
2987 4086 3161 4141 Ennio
3188 4098 3343 4157 poeta
3373 4091 3424 4144 in
3457 4091 3674 4147 latinam
3703 4094 3810 4148 Iin-

2216 4185 2371 4240 gnam
2394 4187 2512 4228 esse
2537 4188 2855 4229 conversum
2882 4176 3069 4232 Cicero
3101 4191 3482 4237 commemoret
3508 4183 3642 4255 (Lib.
3680 4185 3704 4239 i
3740 4186 3811 4240 de

2220 4261 2348 4317 Nat.
2376 4263 2578 4336 Deor.).
2613 4264 2872 4336 Numquid
2900 4276 2953 4322 et
2982 4268 3094 4338 ipse
3137 4269 3325 4327 Cicero
3355 4284 3509 4342 poeta
3540 4274 3674 4343 fuit,
3708 4277 3802 4347 qui

2218 4367 2338 4408 eum
2362 4395 2376 4419 ,
2404 4370 2524 4409 eum
2569 4371 2675 4426 quo
2707 4358 2757 4411 in
2786 4358 3100 4415 Tusculanis
3129 4361 3397 4432 disputat,
3431 4374 3680 4437 tanquam
3710 4383 3809 4424 se-

2216 4456 2480 4502 cretorum
2509 4449 2776 4502 conscium
2808 4449 3057 4505 admonet
3080 4452 3262 4509 dicens
3295 4472 3307 4508 :
3338 4454 3398 4511 Si
3433 4473 3547 4511 vero
3583 4461 3806 4513 scrutari

2215 4548 2411 4605 vetera,
2444 4548 2489 4592 et
2533 4555 2597 4593 ex
2633 4540 2703 4594 eis
2726 4557 2838 4610 qme
2867 4540 3150 4612 Scriptores
3179 4543 3388 4599 Graecia:
3424 4548 3800 4617 prodiderunt,

2215 4644 2387 4683 eruere
2406 4646 2573 4696 coner,
2593 4630 2692 4700 ipsi
2714 4630 2791 4684 illi
2816 4633 3062 4701 majorum
3088 4634 3306 4703 gentium
3326 4636 3399 4688 dii
3423 4637 3511 4701 qui
3532 4636 3802 4705 habentur,

2216 4722 2334 4776 hinc
2362 4739 2393 4775 a
2427 4722 2567 4776 nobis
2590 4724 2801 4794 profecti
2820 4725 2870 4777 in
2892 4724 3069 4778 caelum
3108 4725 3433 4795 reperientur.
3460 4727 3641 4793 Quam
3669 4745 3802 4798 quo-

2214 4830 2330 4868 rum
2372 4814 2771 4869 demonstrentur
2810 4818 3043 4886 sepulcra
3084 4819 3137 4872 in
3168 4818 3397 4886 Gra’cia;
3441 4821 3799 4890 reminiscere,

2213 4906 2449 4977 quoniam
2472 4922 2523 4962 es
2545 4908 2791 4974 initiatus,
2822 4925 2936 4980 quia
2962 4909 3229 4965 tradantur
3252 4914 3499 4983 mysteriis
3529 4932 3545 4969 :
3575 4926 3679 4969 tum
3706 4917 3801 4970 de-

2214 4997 2363 5070 nique
2398 5013 2548 5068 quam
2587 4998 2682 5054 hoc
2720 5000 2819 5055 late
2856 5011 3025 5071 pateat
3053 5002 3298 5074 intelliges
3325 5003 3557 5077 (Tuscul.
3592 5008 3672 5078 i).
3704 5008 3801 5063 Hic

2214 5100 2362 5144 certe
2415 5091 2636 5145 istorum
2680 5091 2811 5148 deos
2837 5091 3081 5148 homines
3111 5093 3273 5151 fuisse
3308 5098 3439 5151 satis
3484 5081 3797 5164 conﬁtetur,

2214 5179 2267 5236 in
2283 5179 2474 5236 coelum
2486 5189 2661 5236 autem
2680 5184 2990 5253 pervenisse
3005 5183 3259 5241 benevole
3276 5187 3575 5255 suspicatur
3592 5206 3605 5241 :
3624 5205 3800 5260 quan-

2212 5287 2369 5345 quam
2412 5281 2467 5329 et
2508 5273 2650 5329 hunc
2696 5274 2952 5331 honorem
2984 5276 3251 5347 Opinionis
3290 5276 3358 5331 ab
3387 5278 3691 5335 hominibus
3720 5279 3800 5334 eis

2211 5379 2332 5421 esse
2354 5364 2622 5433 delatum,
2656 5380 2763 5421 non
2806 5366 3064 5423 dubitavit
3107 5368 3316 5437 publice
3343 5370 3547 5437 dicere,
3576 5387 3699 5426 eum
3732 5371 3798 5426 de

2213 5456 2440 5511 Romqu
2466 5457 2806 5527 loqueretur:
2832 5457 2932 5523 Qui
2955 5460 3087 5512 hanc
3103 5460 3303 5526 urbem,
3329 5460 3514 5530 inquit,
3545 5461 3792 5525 condidit,

2212 5549 2485 5603 Romulum
2507 5550 2575 5601 ad
2594 5549 2711 5603 deos
2730 5550 3037 5603 immortales
3061 5549 3395 5607 benevolentia
3423 5555 3660 5622 {namque
3683 5567 3796 5606 sus-

2211 5640 2417 5694 tulimus
2445 5638 2548 5711 (In
2574 5639 2780 5695 Catilin.
2809 5652 2938 5694 orat.
2965 5643 3042 5712 5).
3070 5641 3206 5710 Quid
3252 5643 3409 5713 igitur
3451 5644 3643 5697 mirum
3670 5654 3779 5711 est,

2211 5733 2256 5787 si
2287 5732 2387 5786 hoc
2438 5732 2675 5787 fecerunt
2720 5734 3044 5803 antiquiores
3088 5735 3329 5790 homines
3353 5735 3420 5790 de
3444 5734 3581 5791 Jove
3606 5746 3659 5791 et
3684 5736 3783 5791 Sa-

2216 5837 2368 5880 turno
2399 5832 2449 5879 et
2476 5824 2703 5891 caeteris,
2732 5825 2869 5895 quod
2895 5826 3115 5881 [tertiani
3144 5826 3209 5882 de
3240 5826 3464 5885 Romulo
3485 5870 3503 5897 ,Α
3534 5827 3674 5887 quod
3695 5827 3784 5885 de-
