4082 6468
272 314 414 381 105⁸1

269 441 436 511 nlque
456 435 567 508 jam
593 423 979 490 recentioribus
1007 417 1336 495 temporibus
1370 416 1530 476 etiam
1556 415 1624 471 de
1642 415 1856 471 Czesare

270 510 453 590 facere
494 525 812 584 voluerunt?
859 520 1061 591 Quibus
1107 525 1163 575 et
1206 514 1455 587 Virgilius
1497 510 1855 567 adulationem

272 622 529 683 carminis
556 618 791 685 addidit,
817 615 1000 671 dicens
1029 627 1044 667 :

397 744 519 787 Ecce
541 731 719 784 Dionaei
739 727 975 795 processit

1142 783 1335 849 (Eclog.
1359 782 1409 841 9,
1419 791 1476 829 ν.
1495 776 1611 841 47.)

271 893 503 957 Videant
532 910 661 966 ergo
689 908 758 950 ne
794 891 935 947 forte.
978 885 1229 944 historica
1251 883 1448 939 veritas
1475 878 1717 950 sepulcra
1760 872 1861 929 falc

273 998 460 1050 s'orutn
486 990 707 1045 deorum
736 983 982 1040 ostendat
1009 981 1060 1035 in
1090 987 1264 1041 terra;
1291 974 1497 1029 vanitas
1521 978 1697 1025 autem
1728 980 1858 1037 poes

276 1078 379 1143 lica
402 1084 587 1141 stellas
605 1094 791 1136 eorum
819 1093 924 1132 non
955 1075 1098 1145 ligat,
1126 1070 1221 1126 sed
1242 1069 1404 1137 lingat
1421 1065 1471 1118 iu
1489 1062 1645 1118 caelo.
1675 1059 1860 1128 Neque

273 1172 420 1237 enim
443 1189 630 1233 revera
651 1171 801 1228 stella
832 1167 918 1224 illa
943 1166 1090 1222 Jovis
1113 1171 1224 1230 est,
1251 1170 1341 1215 aut
1371 1159 1455 1213 illa
1484 1152 1733 1218 Saturni;
1765 1150 1860 1206 sed

262 1278 398 1342 post
418 1274 603 1324 eurum
635 1269 859 1318 mortem
878 1255 1139 1314 sideribus
1159 1252 1225 1308 ab
1255 1250 1407 1306 initio
1428 1245 1611 1301 mundi
1632 1241 1861 1299 conditis

424 1348 1021 1424 nomina‘imposuerunt
1048 1346 1310 1408 homines,
1334 1339 1425 1411 qui
1449 1337 1567 1392 illos
1598 1341 1858 1399 mortuos,

275 1454 431 1528 quasi
458 1454 590 1509 deos
618 1448 818 1504 habere
841 1444 1138 1498 voluerunt.
1164 1436 1242 1491 De
1280 1434 1478 1505 quibus
1508 1426 1632 1500 quid
1658 1434 1861 1480 tantum

276 1520 403 1604 mali
429 1544 643 1602 castitas
662 1583 677 1607 ,
704 1548 795 1595 aut
843 1535 968 1607 quid
992 1540 1192 1588 tantum
1214 1526 1342 1583 boni
1369 1520 1863 1592 voluptas‘comm'ea

274 1643 415 1708 ruit,
447 1648 505 1694 ut
521 1638 657 1693 inter
684 1643 847 1699 astra,
866 1644 984 1700 qua:
1004 1640 1123 1682 cum
1150 1622 1263 1678 sole
1282 1629 1336 1675 et
1359 1618 1485 1672 luna
1508 1614 1860 1677 circumeunt,

276 1704 460 1790 Venus
485 1727 677 1783 habeat
701 1722 907 1779 stellam
929 1760 943 1785 ,
975 1726 1029 1773 et
1053 1714 1286 1770 Minerva
1314 1725 1422 1765 non
1451 1704 1686 1762 habeat?

346 1822 440 1880 55.
480 1818 585 1877 Sed
612 1817 840 1873 luerit‘et
863 1811 1052 1868 Cicero
1073 1804 1409 1863 academicus
1430 1798 1681 1855 incertior
1704 1807 1862 1867 quam

274 1924 473 1987 poctze,
500 1906 587 1983 qui
614 1907 852 1979 sepulcm
879 1902 1097 1958 deorum
1123 1898 1726 1954 commemorare‘ausus
1747 1890 1827 1943 est
1846 1927 1861 1954 ,

272 1979 574 2075 litterisque
620 1998 873 2056 mandare
906 2014 918 2050 :
960 1990 1201 2065 quamvis
1231 1988 1334 2043 hoc
1370 2001 1476 2041 non
1505 1999 1569 2039 ex
1614 1979 1865 2052 Opinione

278 2097 493 2171 propria
526 2084 949 2165 praesumpserit,
978 2083 1071 2139 sed
1101 2098 1167 2138 ex
1195 2080 1430 2150 ipsorum
1451 2088 1723 2130 sacrorum
1752 2080 1864 2124 tra-

277 2162 484 2246 ditione
502 2162 1018 2242 c'onimemoravcrit.
1069 2169 1333 2243 Numquid
1356 2176 1411 2224 et
1437 2165 1608 2221 Varro
1641 2162 1723 2217 vel
1750 2170 1868 2215 tan-

279 2296 443 2354 quam
486 2285 640 2350 poeta
689 2272 865 2342 lingit,
913 2266 1001 2323 vel
1032 2274 1283 2335 tanquam
1323 2256 1672 2316 Academicus
1706 2251 1868 2307 dubie

280 2346 463 2447 ponit,
490 2346 645 2440 quod
675 2358 799 2421 dicit
826 2358 1012 2417 talium
1059 2357 1280 2412 deorum
1325 2362 1475 2407 sacra
1498 2363 1565 2404 ex
1609 2346 1868 2417 cujusque

281 2438 470 2522 eorum
498 2438 603 2515 vita
642 2452 727 2512 vel
780 2456 951 2509 morte
973 2491 988 2516 ,
1021 2458 1123 2520 qua
1168 2442 1312 2500 inter
1339 2441 1584 2497 homines
1624 2438 1869 2493 vixerunt

280 2553 370 2610 vel
401 2552 680 2614 obierunt,
712 2561 831 2603 esse
858 2538 1193 2613 composita?
1218 2532 1481 2605 Numquid
1510 2541 1563 2588 et
1598 2529 1750 2585 Leon
1779 2528 1869 2583 ille

283 2641 537 2700 sacerdos
563 2638 841 2710 [Egyptius
864 2675 879 2701 ,
926 2640 1082 2704 poeta
1128 2628 1212 2685 vel
1241 2623 1575 2683 academicus
1600 2621 1697 2676 fuit
1719 2660 1732 2683 ,
1776 2619 1868 2689 qui

282 2736 559 2796 Macedoni
586 2730 922 2797 Alexandro,
953 2724 1216 2782 diversam
1262 2718 1475 2792 quidem
1503 2732 1533 2771 a
1556 2716 1868 2772 Graecorum

283 2833 538 2904 opinione
563 2829 783 2883 istorum
809 2822 1030 2878 deorum
1073 2817 1331 2888 originem
1355 2856 1368 2879 ,
1399 2820 1767 2869 verumtamen
1798 2809 1871 2863 ita

284 2925 501 2998 prodit,
546 2931 607 2976 ut
631 2928 724 2973 eds
750 2908 989 2970 homines
1020 2912 1180 2966 misse
1203 2905 1479 2963 declaret?

359 3019 449 3073 54.
490 3013 595 3069 Sed
639 3009 765 3083 quid
793 3007 858 3063 ad
890 3020 986 3060 nos
1014 3002 1057 3057 ‘?
1098 3002 1285 3057 Dicant
1308 3014 1371 3054 se
1396 2997 1578 3052 Jovem
1601 3037 1615 3061 ,
1648 3008 1751 3049 non
1783 2992 1874 3047 ho-

287 3110 488 3165 minem
524 3110 790 3159 mortuum
815 3098 1025 3160 colere,
1056 3108 1156 3147 nec
1183 3089 1381 3145 homini
1405 3095 1613 3141 mortuo
1654 3083 1871 3153 Capito-

289 3202 421 3257 lium
467 3195 775 3256 dedicasse,
828 3188 921 3243 sed
972 3184 1178 3255 spiritui
1210 3179 1489 3236 viviﬁcanti
1520 3177 1697 3233 omnia
1721 3218 1736 3242 ,
1766 3189 1873 3245 quo

289 3289 522 3348 mundus
548 3284 817 3355 impletur,
840 3287 893 3335 et
919 3284 1125 3332 scutum
1152 3272 1267 3346 ejus
1294 3275 1342 3326 in
1372 3272 1628 3326 honorem
1651 3267 1874 3322 nutricis

289 3384 409 3454 ejus
438 3382 629 3435 factum
660 3376 725 3431 de
754 3373 892 3444 pelle
935 3369 1149 3439 caprina
1171 3408 1184 3431 ,
1239 3365 1653 3432 interpretentur
1678 3370 1736 3413 ut
1782 3372 1878 3411 vo-

292 3478 428 3531 lunt.
476 3471 610 3541 Quid
640 3470 822 3524 dicunt
845 3465 911 3520 de
941 3461 1204 3519 Saturno?
1230 3471 1385 3526 quem
1413 3457 1433 3487 ¹
1465 3454 1749 3509 Saturnum
1778 3465 1876 3505 co-

292 3566 447 3624 lunt?
470 3564 658 3619 Nonne
685 3559 773 3614 ille
795 3565 874 3613 est
900 3556 989 3626 qui
1021 3554 1220 3623 primus
1249 3549 1315 3604 ab
1336 3548 1562 3620 Olympo
1593 3544 1765 3610 venit,

419 3708 556 3748 Arma
577 3696 708 3745 Jovis
729 3693 938 3755 fugiens,
965 3687 1205 3755 etregnis
1228 3681 1369 3733 exsul
1390 3680 1644 3755 ademptis.

416 3735 988 3821 BKiESEtié'ioEiicii'é’ei
1003 3735 1275 3859 disPErsum
1299 3735 1545 3793 ruentibus
1561 3735 1673 3791 altis
1730 3800 1731 3803 η

419 3820 689 3859 {‘nmnmnil
712 3817 953 3859 tantamne
974 3812 1070 3859 ded
1092 3819 1127 3859 t.
1145 3810 1421 3859 latiumque
1446 3805 1602 3854 vocari

419 3812 690 3883 fomposuit
712 3817 953 3883 legesque
966 3812 1127 3883 dedit,
1145 3812 1273 3883 latin
1278 3820 1421 3879 mque
1434 3812 1602 3883 vocari

420 3867 700 3945 omnis
722 3867 946 3942 quoniam
966 3867 1185 3945 latuisset
1210 3867 1407 3945 ειεξυὶίη
1423 3867 1558 3945 0'3???

983 3933 1193 4000 (ίΕηείά.
1218 3931 1299 3983 lib.
1325 3932 1373 3991 8,
1400 3944 1444 3980 v.
1461 3925 1724 3989 59.0424.)

296 4049 684 4117 Nonneipsum
711 4045 826 4115 ejus
856 4040 1218 4102 simulacrum,
1261 4032 1401 4105 quod
1429 4038 1682 4101 cooperto
1707 4027 1880 4097 capite

298 4145 537 4214 ﬁngitur,
564 4139 713 4211 quasi
766 4138 1020 4191 latentem
1071 4127 1315 4185 indicat?
1343 4139 1520 4180 nonne
1567 4122 1682 4194 ipse
1738 4119 1881 4174 Italis

298 4212 539 4292 ostendit
586 4228 979 4301 agriculturam,
1009 4221 1149 4294 quod
1175 4219 1316 4275 falce
1346 4213 1713 4273 demonstrat?
1740 4212 1878 4276 Non,

298 4327 585 4398 inquiunt:
616 4336 737 4377 nam
785 4317 982 4373 videris
1014 4313 1175 4371 siluit
1212 4310 1337 4367 illea
1364 4309 1523 4364 homo
1544 4314 1597 4362 et
1624 4320 1721 4361 rex
1762 4303 1883 4374 qui-

301 4422 426 4478 dam
450 4461 467 4486 ,
513 4417 581 4473 de
606 4430 712 4487 quo
768 4415 865 4469 ista
896 4416 1216 4474 narrantur;
1248 4420 1347 4461 nos
1394 4412 1569 4459 tamen
1598 4401 1883 4456 Saturnum

301 4516 717 4582 interpretamur
731 4506 1048 4563 Universum
1071 4511 1298 4570 tempus,
1317 4496 1456 4569 quod
1476 4508 1705 4566 grmcum
1726 4493 1884 4547 etiam

303 4580 624 4663 vocabulum
648 4599 764 4669 ejus
801 4594 1067 4651 ostendit:
1098 4599 1317 4647 vocatur
1359 4587 1502 4643 enim
1532 4595 1714 4655 χρόνος,
1742 4580 1884 4653 quod

302 4696 630 4770 aspiratione
651 4692 852 4756 addita,
880 4690 1038 4744 etiam
1060 4682 1313 4754 temporis
1354 4694 1551 4735 nomen
1591 4688 1713 4741 est;
1744 4674 1882 4729 unde

303 4766 553 4846 et—latine
597 4785 856 4839 Saturnus
902 4775 1220 4849 appellatur,
1248 4771 1397 4842 quasi
1423 4775 1691 4823 saturetur
1710 4766 1885 4820 annis.

306 4878 444 4948 Quid
467 4877 576 4947 jam
596 4888 716 4931 cum
748 4872 862 4927 istis
889 4866 1149 4939 agendum
1172 4864 1261 4929 sit,
1291 4861 1489 4923 nescio,
1518 4860 1608 4929 qui
1636 4865 1891 4912 conantes

308 4972 364 5028 in
393 4970 583 5025 melius
631 4961 965 5033 interpretari
1010 4957 1222 5013 nomina
1251 4964 1305 5008 et
1334 4952 1617 5008 simulacra
1665 4949 1886 5004 deorum

243 5112 249 5116 _
309 5076 554 5124 suorum,
584 5058 813 5112 fatentur
842 5053 1095 5122 majorem
1120 5049 1276 5103 deum
1304 5061 1456 5100 suum
1480 5054 1534 5099 et
1560 5054 1762 5114 patrem
1790 5056 1894 5096 ca:-

311 5163 554 5208 terorum
600 5158 808 5216 tempus
864 5159 1006 5199 esse.
1056 5140 1191 5209 Quid
1246 5139 1387 5194 enim
1440 5136 1582 5191 aliud
1632 5134 1891 5200 iudicant,

311 5260 475 5316 quam
501 5256 689 5296 omnes
715 5238 846 5294 deos
874 5250 999 5291 suos
1024 5232 1344 5303 temporales
1376 5243 1515 5295 esse,
1545 5243 1768 5299 quorum
1800 5240 1893 5295 pa-

313 5348 452 5393 trem
474 5336 646 5406 ipsum
673 5343 878 5401 tempus
899 5325 1260 5384 constituunt?

390 5427 479 5482 55.
504 5424 841 5480 Erubuerunt
868 5420 989 5474 hinc
1017 5415 1312 5488 philosophi
1342 5428 1526 5469 eorum
1576 5412 1901 5467 recentiores

384 5566 401 5597 ι
428 5561 545 5611 editi
570 5573 583 5609 :
608 5559 700 5611 sed
714 5558 831 5622 quid
847 5555 913 5606 ad
930 5566 1013 5605 nos
1034 5553 1077 5622 si
1100 5553 1275 5604 dicina.
1303 5557 1358 5599 At
1374 5562 1399 5598 a
1424 5557 1527 5599 Mss.
1552 5548 1710 5607 abest,
1733 5546 1793 5596 si.

382 5627 404 5658 ²
430 5624 546 5673 Editi
572 5637 584 5672 :
607 5622 697 5683 oui
717 5615 1298 5683 Satummncolmttzjnss.
1326 5625 1459 5671 vero,
1487 5623 1644 5683 quem.

568 5667 584 5735 ξ
609 5667 933 5736 R'nin'tiintclsi
967 5678 1110 5745 fuerit
1134 5674 1230 5729 ille.
1255 5682 1361 5725 Mss.
1387 5667 1510 5724 vero
1534 5687 1544 5722 :
1567 5680 1685 5722 Nam
1725 5667 1905 5723 videris

320 5763 364 5802 st
482 5786 493 5798 .

1628 292 1832 355 LIBER
1869 286 2143 355 PRIMUS.

3413 301 3552 362 £058

1966 411 2244 484 Platonici,
2292 418 2381 489 qui
2422 417 2533 489 jam
2588 416 2892 477 cbristianis
2939 419 3266 492 temporibus
3296 422 3545 492 luerunt;

1966 515 2023 563 et
2048 508 2334 565 Saturnum
2357 509 2514 566 aliter
2552 509 2886 583 interpretari
2910 510 3087 567 conati
3138 520 3282 580 sunt,
3310 510 3551 571 dicentes

1967 602 2294 672 appellatum
2351 614 2531 675 χρόνον,
2559 604 2708 661 velut
2744 618 2777 659 ι
2824 604 3069 661 satietate
3112 601 3437 674 intellectus,
3479 619 3551 666 eo

1966 691 2109 762 quod
2125 707 2300 763 graece
2317 693 2535 750 satietas
2556 705 2711 766 χόρος,
2735 694 3037 752 intellectus
3053 704 3232 753 autem
3253 695 3370 753 sive
3392 710 3553 754 mens

1966 797 2068 849 νοῦς
2088 785 2321 842 dicitur:
2350 786 2434 842 cui
2460 784 2670 843 videtur
2706 783 2981 858 suﬂ'ragari
2994 795 3047 843 et
3067 786 3288 843 latinum
3322 802 3544 856 nomen,

1967 875 2118 947 quasi
2139 891 2205 932 ex
2232 876 2396 946 prima
2422 876 2586 933 latina
2614 885 2766 948 parte
2790 885 2846 933 et
2871 893 3044 949 graeca
3070 878 3372 949 posteriore
3396 892 3553 935 com-

1969 966 2220 1036 positum,
2246 975 2311 1021 ut
2338 965 2603 1023 diceretur
2617 961 2901 1035 Saturnus,
2930 976 3179 1039 tanquam
3208 978 3354 1025 satur
3378 978 3544 1038 esset,

1972 1066 2094 1118 νοῦς.
2124 1048 2385 1112 Viderunt
2429 1057 2571 1113 enim
2603 1068 2761 1128 quam
2811 1066 2956 1113 esset
2999 1058 3309 1125 absurdum,
3339 1054 3383 1114 sl
3413 1059 3554 1116 lilius

1970 1146 2226 1216 temporis
2255 1146 2460 1217 Jupiter
2484 1146 2788 1215 haberetur,
2812 1161 2967 1219 quem
2988 1148 3150 1203 deum
3182 1157 3442 1204 mternum
3463 1147 3551 1205 vel

1971 1238 2223 1307 putabant
2245 1238 2325 1293 vel
2352 1239 2525 1308 putari
2552 1239 2817 1294 volebant.
2841 1238 2912 1294 At
2931 1252 3059 1295 vero
3084 1239 3374 1296 secundum
3393 1239 3551 1296 istam

1972 1328 2233 1383 novellam
2286 1328 2798 1399 interpretationem,
2854 1340 3013 1400 quam
3056 1339 3263 1387 veteres
3289 1344 3472 1387 eorum
3502 1331 3552 1389 si

1972 1418 2297 1483 habuissent,
2322 1419 2515 1473 mirum
2537 1420 2580 1474 si
2612 1419 2920 1475 Ciceronem
2947 1420 3341 1492 Varroncmque
3366 1421 3555 1478 latuis-

1971 1518 2075 1574 set,
2129 1507 2344 1565 Saturni
2396 1508 2559 1563 lilium
2587 1506 2772 1565 Jovem
2817 1510 3021 1578 dicunt,
3066 1520 3313 1583 tanquam
3351 1513 3417 1569 ab
3462 1513 3553 1570 illa

1971 1617 2177 1658 summa
2221 1611 2398 1659 mente
2447 1603 2798 1674 proﬂuentem
2852 1604 3119 1674 Spiritum,
3161 1618 3318 1675 quem
3369 1602 3557 1661 volunt

1972 1707 2095 1751 esse
2115 1696 2257 1752 velut
2294 1696 2522 1752 animam
2555 1697 2736 1753 mundi
2776 1694 2956 1768 hujus,
2996 1700 3175 1753 Omnia
3219 1699 3457 1756 coelestia
3500 1706 3557 1754 et

1975 1796 2182 1843 terrena
2210 1802 2430 1859 corpora
2480 1789 2812 1858 implentem.
2833 1787 2988 1846 Unde
3018 1788 3147 1843 illud
3177 1788 3405 1845 Maronis
3450 1796 3551 1855 est,

1974 1879 2114 1949 quod
2162 1881 2318 1949 paulo
2363 1888 2489 1935 ante
2534 1880 2966 1945 commemoravi,
2989 1874 3133 1935 Jovi:
3163 1880 3333 1934 omnia
3382 1880 3554 1950 plena.

1973 1968 2236 2039 Numquid
2259 1982 2386 2036 non,
2416 1970 2459 2024 si
2481 1978 2701 2039 possent
2725 1969 2833 2035 isti,
2859 1970 2998 2025 sicut
3042 1971 3208 2041 ipsam
3244 1971 3559 2042 interpreta-

1976 2062 2195 2128 tionem,
2226 2062 2294 2117 ita
2321 2062 2480 2117 etiam
2504 2063 2935 2134 superstitionem
2964 2061 3237 2118 hominum
3258 2072 3560 2119 commuta-

1974 2160 2113 2216 rent,
2142 2161 2196 2207 et
2221 2148 2470 2207 autnulla
2497 2152 2802 2219 simulacra,
2826 2161 2915 2208 aut
2937 2162 3085 2208 certe
3116 2154 3347 2209 Saturno
3381 2154 3559 2225 potius

1976 2256 2133 2312 quam
2154 2242 2270 2298 Jovi
2290 2242 2548 2313 Capitolia
2569 2244 2995 2300 constituerent?
3021 2240 3203 2315 Neque
3229 2245 3370 2300 enim
3397 2246 3560 2303 ullam

1975 2336 2205 2390 animam
2258 2336 2569 2391 rationalem
2623 2335 2919 2407 sapientem
2969 2335 3084 2391 lieri
3111 2335 3408 2407 di’Sputant,
3456 2337 3561 2394 nisi

1977 2427 2379 2497 participatione
2424 2442 2650 2484 summa:
2698 2428 2838 2484 illius
2889 2425 3441 2500 iucommutabilisque
3473 2444 3561 2485 sa-

1978 2518 2189 2588 pientiae
2218 2536 2232 2584 ;
2265 2535 2370 2574 non
2401 2519 2573 2574 solum
2602 2519 2914 2591 cujusquam
2934 2520 3164 2577 hominis
3187 2521 3439 2587 animam,
3462 2522 3561 2579 sed

1979 2609 2145 2678 ipsius
2173 2610 2329 2663 etiam
2358 2610 2560 2677 mundi,
2588 2621 2748 2680 quam
2795 2610 2977 2664 dicunt
3004 2609 3211 2667 Jovem.
3258 2609 3365 2666 Nos
3406 2623 3559 2681 vero,

1980 2714 2099 2769 esse
2124 2698 2405 2769 quamdam
2433 2715 2693 2755 summam
2724 2700 2816 2756 Dei
2856 2701 3190 2772 sapientiam,
3214 2702 3369 2772 cujus
3396 2705 3563 2773 parti-

1979 2793 2241 2862 cipatione
2264 2794 2321 2848 ﬁt
2361 2794 2573 2864 sapiens
2622 2809 2972 2865 quaecumque
3018 2796 3195 2851 anima
3233 2796 3291 2850 lit
3318 2812 3446 2853 vere
3467 2808 3563 2853 ‘sa-
3600 2812 3609 2827 ‘

1980 2884 2153 2955 piens,
2186 2898 2288 2939 non
2321 2893 2521 2940 tantum
2568 2887 2927 2951 concedimus,
2959 2900 3143 2943 verum
3174 2889 3332 2944 etiam
3393 2891 3564 2946 maxi-

1982 2991 2067 3031 me
2093 2976 2459 3045 prtedicamus.
2493 2977 2683 3034 Utrum
2711 2984 2889 3033 autem
2914 2979 3155 3035 universa
3183 2979 3281 3034 ista
3308 2995 3562 3051 corpora-

1982 3067 2047 3122 lis
2075 3070 2262 3132 moles,
2292 3085 2410 3138 qurc
2441 3069 2669 3124 mundus
2697 3071 3015 3139 appellatur,
3055 3070 3253 3127 habeat
3277 3072 3564 3142 quamdam

1982 3158 2235 3225 animam,
2267 3159 2347 3215 vel
2375 3160 2521 3230 quasi
2573 3160 2803 3214 animam
2830 3175 3003 3228 suam,
3032 3158 3084 3216 ld
3132 3171 3216 3217 est
3250 3164 3567 3219 rationalem

1985 3251 2171 3318 vitam,
2203 3267 2304 3321 qua
2355 3253 2424 3305 ita
2470 3260 2683 3321 regatur
2707 3252 2843 3306 sicut
2884 3252 3295 3324 unumquodque
3342 3254 3562 3320 animal,

1984 3357 2172 3412 magna
2198 3353 2359 3412 atque
2384 3342 2564 3396 abdita
2595 3340 2819 3412 qumstio
2841 3352 2926 3397 est
2950 3358 2963 3397 :
2996 3359 3095 3399 nec
3128 3343 3382 3399 al‘llrmari
3409 3343 3569 3402 debet

1986 3432 2082 3485 ista
2104 3432 2302 3500 opinio,
2339 3433 2437 3486 nisi
2460 3443 2732 3501 comperta
2762 3432 2902 3503 quod
2935 3450 3058 3488 vera
3105 3435 3209 3499 sit;
3243 3450 3342 3490 nec
3365 3434 3560 3504 refelli,

1986 3525 2087 3579 nisi
2109 3534 2376 3595 comperta
2399 3526 2539 3594 quod
2562 3524 2690 3579 falsa
2716 3526 2804 3579 sit.
2827 3525 2961 3591 Quid
2988 3534 3164 3581 autem
3187 3525 3287 3581 hoc
3311 3527 3377 3582 ad
3395 3526 3568 3582 homi-

1987 3635 2129 3683 nem,
2154 3619 2361 3673 etiamsi
2384 3634 2595 3688 semper
2615 3633 2736 3674 eum
2761 3620 2958 3685 lateat;
2991 3621 3418 3691 quandoquidem
3442 3623 3568 3677 nul-

1987 3711 2035 3766 la
2053 3712 2226 3765 anima
2246 3711 2301 3764 lit
2321 3712 2532 3781 sapiens
2553 3712 2633 3765 vel
2654 3712 2805 3767 beata
2824 3728 2887 3767 ex
2906 3712 3003 3766 alia
3021 3727 3349 3784 quacumque
3369 3714 3568 3782 anima,

1988 3804 2081 3858 sed
2103 3820 2165 3859 ex
2189 3804 2273 3859 illa
2312 3803 2425 3859 sola
2464 3820 2670 3859 summa
2697 3814 2856 3876 atque
2898 3806 3313 3861 incommutabili
3358 3807 3450 3863 Dei
3480 3821 3572 3862 sa-

1987 3898 2186 3968 pientia
2209 3897 2233 3950 ?

2061 3989 2148 4043 56.
2182 3988 2403 4043 Romani
2428 3997 2622 4056 tamen,
2647 3989 2735 4059 qui
2766 4003 2870 4046 non
2898 3988 3147 4056 Saturno,
3188 3989 3283 4045 sed
3322 3989 3443 4045 Jovi
3470 3989 3575 4046 Ca-

1990 4079 2231 4152 pitolium
2261 4081 2653 4149 condiderunt;
2681 4083 2763 4137 vel
2793 4083 2911 4138 alia:
2936 4082 3199 4150 nationes,
3229 4098 3347 4153 qua:
3384 4082 3574 4139 Jovem

1992 4174 2259 4245 praecipue
2289 4187 2447 4243 supra
2487 4182 2710 4229 cancros
2738 4174 2869 4229 deos
2893 4174 3175 4229 colendum
3201 4187 3320 4228 esse
3347 4180 3572 4242 putave-

1993 4274 2139 4333 runt,
2182 4280 2288 4320 non
2339 4265 2442 4321 hoc
2487 4264 2627 4336 quod
2654 4265 2763 4321 ‘isti
2807 4271 3125 4320 senserunt:
3156 4264 3247 4334 qui
3280 4261 3576 4318 secundum

1996 4358 2151 4413 istam
2181 4372 2330 4412 suam
2358 4373 2547 4412 novam
2575 4357 2903 4425 opinionem,
2934 4364 2988 4410 et
3014 4370 3251 4411 summas
3294 4370 3446 4410 arces
3465 4356 3504 4421 ί,
3531 4353 3578 4410 si

2005 4451 2291 4520 quidquam
2320 4450 2371 4503 in
2395 4449 2477 4502 his
2504 4448 2665 4503 rebus
2690 4448 2970 4519 potestatis
3015 4446 3345 4511 habuissent,
3386 4446 3577 4502 Satur-

1998 4564 2069 4602 no
2098 4545 2271 4616 potius
2292 4543 2602 4599 dedicarent
2627 4558 2641 4607 ;
2665 4550 2718 4597 et
2740 4537 3139 4595 Mathematicos
3167 4539 3251 4594 vel
3272 4536 3583 4594 Genethlia—

1998 4656 2091 4695 cos
2120 4637 2351 4694 maxime
2380 4636 2637 4699 delerent,
2666 4634 2756 4704 qui
2798 4632 3105 4696 Saturnum,
3160 4643 3316 4701 quem
3366 4630 3582 4700 sapien-

2001 4741 2109 4786 tum
2132 4729 2443 4785 ell‘ectorem
2495 4726 2580 4781 isti
2611 4724 2872 4790 dicerent,
2919 4722 3223 4777 malelicnm
3248 4721 3408 4776 deum
3447 4719 3586 4781 inter

1999 4823 2099 4878 alia
2125 4821 2300 4877 sidera
2322 4818 2728 4874 constituerunt.
2759 4815 2890 4883 Qua:
2938 4814 3118 4883 opinio
3158 4823 3362 4868 tantum
3399 4820 3585 4867 contra

2004 4919 2126 4974 illos
2154 4920 2205 4972 in
2232 4916 2424 4970 animis
2470 4912 2718 4969 humanis
2743 4910 3038 4981 prtevaluit,
3066 4916 3125 4963 ut
3164 4923 3263 4963 nec
3305 4908 3588 4962 nominare

2004 5010 2150 5066 illum
2176 5009 2360 5074 velint,
2394 5022 2577 5062 senem
2612 5005 2789 5075 potius
2810 5018 2970 5073 quam
3000 5001 3287 5057 Saturnum
3315 4998 3589 5068 appellan-

2007 5112 2085 5157 tes
2109 5119 2121 5155 :
2151 5110 2258 5155 tam
2285 5098 2466 5153 timida
2497 5095 2894 5167 superstitione,
2919 5102 2975 5147 ut
2996 5092 3108 5162 jam
3126 5087 3579 5159 Carthaginenses

2008 5212 2144 5269 perte
2168 5195 2287 5251 vico
2328 5208 2425 5249 suo
2452 5207 2647 5247 nomen
2688 5188 3033 5252 mutaverint,
3068 5185 3256 5241 Vicum
3291 5183 3435 5239 senis
3475 5172 3594 5237 cre-

2006 5290 2177 5357 brius,
2236 5303 2392 5359 quam
2423 5287 2606 5341 Vicum
2639 5282 2853 5338 Saturni
2882 5278 3230 5350 appellantes.

2009 5385 2233 5444 CAPUT
2271 5380 2460 5440 XXIV.
2489 5412 2558 5422 —-
2581 5377 2701 5434 Non
2724 5395 2895 5432 omnes
2920 5375 3055 5430 Deos
3076 5373 3268 5435 colunt,
3300 5372 3386 5443 qui
3432 5369 3593 5425 Deum

2084 5478 2249 5533 Israel
2274 5476 2506 5544 reficiunt
2536 5491 2553 5539 ;
2583 5488 2675 5527 nec
2702 5487 2816 5525 eum
2844 5468 3032 5531 colunt,
3074 5466 3160 5536 qui
3182 5465 3310 5519 alios
3330 5463 3520 5517 colunt.

2082 5569 2171 5626 '57.
2207 5567 2400 5622 Notum
2435 5575 2518 5621 est
2568 5579 2717 5633 ergo,
2745 5558 2873 5632 quid
2912 5558 3089 5614 colere
3116 5556 3518 5619 convincantur,
3544 5560 3598 5609 et

2079 5730 2094 5760 ¹
2124 5733 2197 5776 Er.
2219 5732 2272 5775 et
2292 5731 2422 5780 ων..
2444 5728 2574 5773 artes
2598 5732 2614 5770 :
2636 5717 3038 5770 dissentientibus
3056 5723 3161 5767 διεδ.
3183 5722 3235 5766 et
3254 5721 3350 5767 ttat.
