4074 6354
537 348 684 426 rosa,

533 465 658 538 quid
679 463 918 546 colorare
939 466 955 496 ¹
968 469 1224 522 conentur
1245 460 1552 530 adoratorcs
1572 458 1994 516 simulacrorum.
2015 453 2116 508 Vc-

534 573 653 614 rum
675 545 729 613 et
771 555 977 612 abistis
1000 553 1216 610 novitiis
1241 551 1456 622 Saturni
1505 545 2002 619 interpretatoribus
2029 559 2116 600 re-

534 633 849 718 quirendum
899 631 1001 713 est,
1029 645 1154 717 quid
1208 645 1274 700 de
1319 644 1428 700 Deo
1471 643 1704 698 sentiant
1751 639 2115 696 llebrazorum.

535 737 711 802 Etiam
752 738 882 808 ipsis
911 737 1051 793 enim
1078 736 1276 806 placuit
1325 749 1512 790 omnes
1555 734 1685 788 deos
1729 747 1848 788 cum
1876 731 2119 802 gentibus

535 830 734 897 colere,
753 845 872 886 cum
890 843 982 885 eos
1007 827 1264 897 superbos
1283 825 1504 896 puderet
1522 839 1618 894 pro
1639 833 1971 893 peccatorum
1991 837 2119 877 suo-

533 903 1018 988 rum-remissione
1074 916 1340 972 humiliari
1393 917 1493 970 sub
1539 915 1772 970 Christo.
1805 914 1940 982 Quid
1990 927 2120 983 ergo

536 996 776 1086 sentiunt
820 1010 888 1066 de
917 993 1024 1082 Deo
1063 1009 1226 1086 Israel
1251 1010 1274 1063 ?
1299 1007 1469 1077 Quem
1523 1007 1568 1062 si
1616 1023 1724 1061 non
1763 1007 1963 1069 colunt,
2012 1021 2118 1060 non

535 1083 724 1172 omnes
745 1088 874 1156 deos
893 1083 1106 1156 colunt:
1134 1100 1179 1155 si
1207 1109 1388 1154 autem
1418 1098 1622 1161 colunt.
1643 1113 1749 1153 non
1773 1097 1956 1152 colunt
1984 1098 2122 1152 sicut

534 1206 595 1248 se
613 1192 716 1247 coli
757 1191 935 1269 jussit,
963 1191 1086 1262 quia
1107 1199 1162 1247 et
1189 1191 1320 1245 alios
1341 1190 1547 1258 colunt,
1575 1205 1711 1262 quos
1740 1189 1844 1244 coli
1875 1189 1967 1260 ille
1998 1203 2121 1259 pro-

535 1281 723 1339 hibuit.
756 1283 858 1338 Per
885 1298 980 1340 eos
1017 1283 1159 1338 enim
1190 1291 1334 1336 vates
1383 1282 1481 1336 ista
1527 1281 1812 1352 prohibuit.
1850 1295 1946 1350 per
1987 1295 2121 1352 quos

535 1361 651 1444 haec
673 1374 783 1444 ipsa
800 1390 916 1445 qua:
942 1388 1082 1428 nunc
1111 1389 1141 1428 a
1169 1372 1485 1428 Christianis
1505 1387 1688 1427 eorum
1718 1371 2000 1427 simulacra
2031 1385 2116 1441 pa-

535 1463 756 1528 tiuntur,
810 1463 986 1519 futura
1020 1463 1282 1534 praedixit.
1309 1461 1434 1519 Sive
1459 1463 1602 1517 enim
1653 1461 1842 1533 Angeli
1884 1460 1952 1516 ad
2001 1461 2118 1517 illos

535 1554 829 1626 Prophetas
857 1555 1005 1610 missi
1031 1555 1154 1620 sint,
1177 1555 1264 1624 qui
1282 1554 1360 1610 eis
1376 1554 1540 1609 Deum
1563 1554 1799 1608 omnium
1819 1559 2119 1608 creatorem

535 1662 700 1701 unum
727 1662 912 1702 verum
944 1645 1131 1709 Deum,
1181 1644 1266 1700 cui
1299 1645 1545 1698 universa
1595 1642 1830 1712 subjecta
1891 1650 2036 1708 sunt,
2065 1649 2121 1697 et

532 1727 996 1808 pcr'sensibilium
1043 1751 1223 1791 rerum
1275 1749 1567 1807 congruam
1610 1733 1844 1804 speciem
1896 1732 2119 1804 ﬁgurate

533 1813 896 1893 ostenderent,
921 1835 973 1884 et
1006 1825 1451 1898 quemadmodum
1475 1840 1533 1881 se
1554 1825 1654 1880 coli
1683 1824 2013 1895 prmoiperet,
2041 1825 2121 1878 in.

533 1919 810 1984 dicarent;
839 1920 950 1976 sive
979 1920 1274 1988 aliquorum
1304 1919 1357 1973 in
1388 1919 1467 1974 eis
1489 1927 1695 1973 mentes
1716 1931 1812 1987 per
1860 1916 2117 1987 Spiritum

534 2020 775 2066 sanctum
794 2011 864 2064 ita
889 2009 1184 2066 sublimatae
1207 2009 1332 2076 sint,
1359 2017 1415 2063 ut
1435 2023 1500 2064 eo
1517 2009 1633 2063 visu
1649 2023 1712 2064 ea
1733 2007 1995 2070 viderent,
2013 2022 2120 2078 quo

547 2110 604 2158 et
631 2102 734 2174 ipsi
759 2102 946 2172 Angeli
973 2101 1157 2157 vident
1185 2119 1199 2155 :
1224 2109 1431 2156 constat
1452 2109 1628 2154 tamen
1654 2115 1748 2156 eos
1777 2101 1851 2155 illi
1882 2101 1992 2156 Deo
2006 2115 2121 2156 ser-

534 2191 696 2258 visse,
720 2192 808 2262 qui
852 2191 987 2246 alios
1033 2189 1163 2246 deos
1205 2191 1308 2246 coli
1338 2191 1642 2261 prohibuit;
1675 2192 1906 2247 servisse
1939 2200 2117 2248 autem

535 2279 640 2336 fide
656 2281 864 2352 pietatis
880 2281 934 2336 in
973 2272 1138 2352 regno
1160 2289 1216 2337 et
1239 2280 1538 2336 sacerdotio
1563 2281 1870 2352 reipubliczc
1908 2287 2038 2349 suae,
2067 2292 2120 2339 et

533 2361 804 2431 Christum
816 2385 1100 2431 venturum
1123 2389 1303 2430 verum
1322 2390 1502 2445 regem
1518 2389 1582 2429 ac
1597 2373 1930 2430 sacerdotem
1955 2375 2120 2445 signi-

534 2465 813 2523 ﬁcantibus
838 2470 1022 2524 sacris.

531 2556 757 2615 CAPUT
796 2559 960 2614 XXV.
989 2589 1061 2600 --
1085 2558 1174 2613 Dii
1202 2559 1322 2632 falsi
1343 2557 1470 2614 alios
1495 2560 1594 2615 coli
1613 2577 1781 2617 secum
1804 2577 1905 2615 non
1942 2561 2121 2631 pro/ti-

603 2651 734 2706 bent.
763 2650 926 2705 Deum
955 2649 1120 2706 Israel
1158 2669 1263 2706 esse
1310 2651 1474 2706 Deum
1523 2669 1691 2706 verum
1719 2653 2030 2706 convincitur
2058 2667 2123 2708 ea;

600 2742 839 2812 operibus
863 2744 971 2814 ejus
991 2752 1040 2797 et
1056 2743 1314 2815 prmdictis
1341 2753 1387 2798 et
1410 2743 1652 2815 impletis.

603 2835 693 2891 58.
735 2837 902 2891 Porro
922 2846 1100 2892 autem
1118 2838 1169 2890 in
1186 2837 1287 2891 diis
1307 2836 1553 2892 Gentium
1581 2835 1747 2910 (quos
1774 2836 1856 2890 isti
1879 2836 2003 2891 dum
2031 2850 2123 2892 co-

533 2928 648 2986 lere
672 2927 877 2994 volunt,
908 2929 1056 2983 illum
1078 2928 1168 2998 qui
1195 2944 1316 2983 cum
1341 2929 1455 2982 istis
1481 2928 1586 2982 coli
1608 2945 1713 2982 non
1736 2938 1928 2998 potest,
1945 2929 2123 2984 colere

534 3021 781 3092 nolunt),
813 3020 991 3076 dicant
1019 3019 1146 3090 quid
1173 3036 1348 3074 causa:
1376 3031 1459 3075 est
1489 3030 1545 3074 ut
1567 3021 1739 3074 nullus
1760 3036 1945 3075 eorum
1971 3021 2113 3076 inve-

535 3112 710 3166 niatur
737 3111 825 3182 qui
843 3112 1068 3166 alterum
1098 3111 1200 3166 coli
1228 3111 1526 3183 prohibeat,
1545 3127 1668 3166 cum
1693 3128 1788 3168 eos
1813 3113 1864 3166 in
1895 3113 2123 3169 diversis

533 3201 726 3258 officiis
754 3202 1170 3272 muneribusque
1199 3203 1542 3268 constituant,
1569 3212 1623 3258 et
1653 3202 1812 3259 rebus
1838 3203 1902 3257 ad
1928 3217 2119 3273 quem-

534 3307 638 3364 que
687 3294 902 3364 proprie
951 3294 1348 3364 pertinentibus
1395 3294 1649 3364 prmsides
1677 3309 1797 3351 csse
1844 3296 2028 3350 velint.
2061 3295 2121 3352 Si

533 3385 676 3441 enim
705 3384 910 3456 Jupiter
936 3400 1040 3439 non
1095 3385 1340 3455 prohibet
1375 3386 1664 3441 Saturnum
1704 3387 1829 3452 coli,
1861 3387 1984 3457 quia
2017 3404 2122 3443 non

531 3487 616 3534 est
644 3479 731 3534 ille
750 3477 931 3544 homo,
951 3478 1040 3548 qui
1091 3479 1242 3534 illum
1291 3479 1560 3536 hominem
1589 3488 1794 3550 patrem
1847 3480 1916 3535 de
1957 3496 2123 3552 regno

531 3569 752 3641 expulit,
779 3569 872 3626 sed
890 3577 980 3625 aut
1004 3569 1126 3626 ραδιὶ
1153 3584 1370 3641 corpus,
1397 3578 1488 3626 aut
1505 3571 1726 3640 spiritus
1749 3571 1980 3642 implens
2009 3587 2121 3627 coe-

531 3659 642 3715 lum
657 3669 710 3715 et
732 3649 926 3715 terram
955 3676 970 3726 ;
1004 3671 1054 3715 et
1079 3659 1197 3716 ideo
1215 3676 1319 3715 non
1344 3669 1518 3731 potest
1545 3661 1831 3731 prohibere
1857 3663 1958 3717 coli
1978 3679 2123 3719 men-

533 3760 641 3807 tem
661 3766 968 3822 supernam,
997 3767 1062 3806 οι
1091 3768 1193 3823 qua
1217 3753 1412 3808 dicitur
1440 3769 1748 3810 emanasse:
1781 3755 1827 3810 si
1856 3770 1918 3810 ea
1951 3757 2119 3811 ratio-

533 3856 602 3898 ne
628 3859 727 3898 nec
755 3842 1016 3898 Saturnus
1041 3843 1230 3899 Jovem
1257 3844 1359 3899 coli
1389 3846 1656 3915 prohibet,
1693 3846 1814 3917 quia
1839 3861 1942 3901 non
1969 3847 2035 3901 ab
2057 3857 2122 3902 eo

535 3932 826 4008 rebellante
846 3943 1124 4003 superatus
1149 3943 1252 4002 est,
1275 3935 1413 3990 sicut
1437 3935 1529 3990 ille
1562 3952 1591 3989 a
1618 3935 1749 3993 Jove
1781 3938 1961 3993 nescio
1990 3953 2116 4008 quo,

537 4009 688 4094 cujus
704 4037 850 4077 arma
877 4023 1081 4092 fugiens
1101 4024 1248 4079 venit
1272 4025 1324 4078 in
1363 4024 1594 4091 Italiam;
1622 4026 1717 4082 sed
1767 4026 1909 4082 favet
1951 4029 2121 4096 prima

533 4128 686 4170 mens
710 4114 898 4170 anima:
919 4129 948 4168 a
995 4130 1052 4170 se
1085 4115 1278 4186 genita:
1303 4133 1315 4169 :
1345 4116 1534 4171 saltem
1567 4117 1833 4172 Vulcanus
1863 4120 2119 4190 prohibe-

535 4216 622 4272 ret
645 4207 749 4262 coli
765 4206 984 4263 Martem
1013 4208 1194 4262 uxoris
1227 4208 1549 4277 adulterum,
1578 4209 1836 4266 Hercules
1860 4211 2122 4268 Junonem

535 4299 950 4370 persecutricem
974 4314 1146 4355 suam.
1166 4300 1296 4367 Qua:
1321 4300 1422 4354 ista
1454 4300 1593 4356 inter
1606 4285 1711 4357 eos
1739 4311 1822 4357 est
1843 4310 1948 4357 tam
1980 4303 2119 4360 foeda

535 4389 836 4458 consensio,
869 4398 1047 4446 utnec
1094 4391 1258 4446 Diana
1288 4391 1436 4461 virgo
1483 4401 1628 4447 casta
1672 4392 1772 4447 coli
1821 4393 2119 4464 prohibeat,

533 4495 641 4536 non
669 4480 842 4537 dicam
868 4481 1154 4547 Venerem,
1183 4481 1277 4537 sed
1302 4482 1593 4554 Priapum?
1620 4483 1752 4538 Nam
1777 4485 1826 4540 si
1857 4500 1994 4541 unus
2024 4485 2122 4541 ho-

535 4589 626 4628 mo
645 4583 698 4630 ct
711 4583 932 4630 venator
952 4583 1005 4630 et
1020 4567 1250 4645 agricola
1273 4591 1392 4631 csse
1409 4564 1870 4649 voluerit,,s‘cuas
1891 4581 1993 4635 erit
2017 4597 2126 4636 am-

535 4663 725 4719 borum
759 4681 772 4716 :
804 4656 1201 4734 quibus'tamen
1225 4665 1306 4720 vel
1323 4665 1493 4720 vicina
1512 4669 1709 4737 templa
1733 4669 1992 4725 fabricare
2009 4686 2125 4727 eru-

536 4753 726 4812 bescit.
747 4755 859 4832 Sed
885 4755 1298 4827 interpretentur
1329 4759 1547 4813 Dianam
1571 4761 1819 4815 virtutem
1850 4778 2008 4831 quam
2028 4777 2124 4817 vo-

538 4847 670 4915 lunt,
721 4847 1133 4920 interpretentur
1158 4857 1213 4904 et
1240 4847 1489 4920 Priapum
1518 4850 1855 4907 fecunditatis
1898 4853 2055 4909 deum
2077 4855 2122 4919 ¹,

538 4940 612 4996 ita
637 4953 765 4996 sane
793 4947 852 4995 ut
890 4941 944 4995 in
969 4937 1197 4996 fetandis
1220 4938 1430 4995 feminis
1450 4941 1643 5010 pudeat
1661 4941 1926 4999 Junonem
1955 4945 2122 5000 talem

541 5033 740 5091 habere
764 5033 1084 5105 adjutorem.
1112 5033 1299 5088 Dicant
1320 5034 1464 5105 quod
1490 5035 1682 5108 placet,
1710 5037 2127 5108 interpretentur

515 5125 682 5202 quod
706 5127 954 5197 sapiunt;
985 5125 1112 5182 dum
1142 5135 1318 5182 tamen
1347 5129 1524 5183 omnia
1567 5143 1758 5185 eorum
1813 5141 2126 5202 argumenta

539 5217 814 5290 perturbet
827 5217 970 5275 Deus
999 5217 1180 5276 Israel.
1211 5218 1454 5287 Quicum
1480 5221 1596 5276 illos
1619 5235 1805 5277 omnes
1823 5223 1926 5278 coli
1947 5225 2128 5294 prohi-

538 5309 750 5384 buerit,
767 5318 823 5366 et
844 5324 876 5364 a
897 5310 1042 5366 nullo
1067 5325 1250 5366 eorum
1276 5311 1376 5368 coli
1401 5311 1696 5382 prohibitus
1715 5313 1804 5380 sit,
1833 5329 2128 5386 eorumque

539 5403 840 5460 simulacris
867 5412 921 5458 et
950 5403 1116 5460 sacris
1144 5404 1474 5459 eversionem
1506 5407 1839 5477 praaceperit,
1865 5407 2127 5477 praedixe-

539 5495 630 5562 rit,
659 5492 880 5561 fecerit;
907 5493 1035 5549 satis
1060 5494 1293 5550 ostendit
1318 5495 1438 5550 illos
1492 5494 1655 5551 falsos
1691 5506 1849 5570 atque
1889 5498 2121 5568 fallaces,

604 5644 622 5677 ⁸
647 5643 722 5694 sic
738 5645 790 5696 in
812 5652 930 5706 Mss.
945 5651 999 5695 At
1014 5645 1071 5706 in
1095 5645 1253 5706 editis,
1272 5643 1446 5698 colere.

545 5706 758 5816 “nam.
771 5743 788 5770 ,
812 5705 1064 5771 (manu.
1087 5708 1208 5760 uiti
1230 5705 1393 5762 autem
1423 5709 1502 5761 alii
1526 5717 1578 5763 et
1595 5715 1746 5764 nostri
1763 5720 1889 5780 Mss,
1917 5716 2128 5782 [scandi-

1321 345 1408 402 DE
1445 340 1798 401 CONSENSU
1838 333 2485 406 EVANGELISTARUM,
2525 334 2584 393 S.
2625 335 2988 395 AUGUSTINI

3665 341 3806 400 {060

2226 460 2280 508 et
2305 466 2364 508 se
2391 468 2510 509 esse
2533 468 2716 509 verum
2739 469 2802 509 ae
2825 469 3068 510 veracem
3092 453 3280 510 Deum.

2296 547 2384 602 59.
2414 547 2548 602 Istos
2573 556 2750 601 autem
2768 547 2882 618 jam
2906 562 3104 618 paucos
3128 545 3350 620 deorum
3378 547 3669 604 multorum
3691 549 3793 606 fal-

2225 653 2512 710 sorumque
2535 641 2784 704 cultores,
2813 641 2932 711 quis
2977 656 3080 695 non
3109 641 3330 696 miretur
3358 641 3498 697 nolle
3518 642 3800 714 obtempe-

2223 748 2345 788 rare
2367 733 2459 797 illi,
2479 733 2546 789 de
2564 749 2668 803 quo
2683 749 2804 788 eum
2829 733 2896 790 ab
2915 733 2993 800 eis
3013 734 3270 804 qutcritur
3287 734 3529 804 quisnam
3550 735 3622 790 sit
3641 734 3804 803 Deus,

2224 826 2497 898 quodlibet
2523 825 2788 896 opinando
2808 825 3149 897 reSpondent,
3181 827 3348 886 Deum
3375 837 3550 882 tamen
3570 842 3692 883 esse
3715 845 3808 884 ne-

2224 931 2350 989 gare
2401 933 2509 972 non
2555 918 2786 973 audent?
2810 918 2930 988 quia
2981 919 3025 973 si
3075 927 3289 988 negent,
3315 919 3564 988 operibus
3595 919 3716 986 ejus
3747 932 3800 976 et

2224 1008 2490 1079 prazdictis
2514 1018 2670 1080 atque
2693 1009 2968 1079 completis
2994 1010 3240 1065 facillime
3260 1011 3667 1066 convincuntur.
3698 1011 3807 1066 Ne-

2223 1114 2327 1169 que
2354 1100 2496 1155 enim
2517 1115 2578 1154 ea
2602 1101 2740 1164 dico,
2771 1115 2887 1172 quae
2919 1100 3142 1155 liberum
3176 1101 3274 1155 sibi
3307 1110 3495 1171 putant
3540 1115 3662 1157 esse
3702 1116 3804 1157 nou

2223 1189 2462 1257 credere,
2485 1190 2605 1260 quia
2637 1191 2815 1260 ipsein
2840 1191 3096 1262 principio
3123 1191 3245 1246 fecit
3271 1193 3464 1247 coelum
3495 1200 3549 1247 et
3576 1201 3798 1260 terram,

2223 1290 2277 1337 et
2301 1282 2475 1335 omnia
2505 1296 2622 1352 quae
2666 1281 2717 1336 in
2761 1281 2838 1335 eis
2865 1291 2988 1337 sunt
3009 1284 3028 1352 (
3050 1281 3177 1336 Gen.
3201 1298 3217 1336 1
3246 1280 3285 1352 ).
3308 1281 3493 1352 Neque
3523 1279 3615 1336 illa
3644 1281 3802 1336 nimis

2222 1374 2458 1444 antiqua,
2488 1373 2631 1444 quod
2657 1374 2836 1431 Enoch
2865 1375 3133 1431 transtulit
3153 1375 3172 1448 (
3195 1373 3276 1428 Id.
3301 1391 3353 1442 v,
3382 1375 3452 1429 Ἦ
3477 1376 3516 1445 ),
3540 1374 3686 1446 quod
3708 1375 3806 1429 im-

2221 1466 2340 1537 pios
2389 1465 2588 1520 diluvio
2629 1465 2846 1532 delevit,
2892 1465 3036 1536 quod
3072 1465 3185 1522 Noe
3231 1466 3431 1537 justum
3479 1464 3806 1536 domumque

2222 1559 2338 1630 ejus
2361 1572 2458 1628 per
2485 1557 2684 1629 lignum
2711 1557 2835 1613 inde
2853 1557 3095 1613 liberavit
3120 1555 3244 1628 (Id.
3265 1573 3338 1612 vn
3361 1556 3402 1628 ).
3436 1555 3516 1632 Ab
3534 1555 3804 1612 Abraham

2222 1651 2275 1706 in
2304 1649 2606 1706 hominibus
2632 1649 2767 1704 facta
2794 1651 2908 1719 ejus
2928 1647 3196 1704 exordior.
3229 1647 3360 1703 Huic
3381 1647 3523 1702 enim
3546 1646 3693 1703 facta
3720 1657 3804 1702 cst

2221 1755 2319 1812 per
2337 1743 2632 1812 angelicum
2662 1743 2933 1797 oraculum
2987 1740 3263 1798 manifesta
3303 1741 3610 1812 promissio,
3638 1755 3798 1816 quam

2222 1848 2364 1890 nunc
2391 1833 2632 1890 videmus
2654 1833 2880 1904 impleri.
2907 1832 3038 1888 Iluic
3065 1833 3259 1904 quippe
3279 1831 3478 1887 dictum
3507 1837 3613 1899 est,
3638 1829 3705 1884 In
3727 1848 3804 1886 ss-

2221 1925 2357 1981 mine
2385 1933 2471 1979 tuo
2514 1924 2866 1980 benedicentur
2909 1941 3078 1979 omnes
3126 1922 3340 1997 Gentes(
3368 1921 3450 1976 Id.
3484 1938 3616 1989 ml,
3645 1921 3713 1978 18
3741 1921 3757 1991 )
3789 1939 3805 1975 :

2221 2031 2289 2074 ex
2302 2017 2454 2088 cujus
2478 2017 2683 2074 semine
2703 2015 2932 2088 populus
2954 2014 3135 2082 Israel,
3157 2014 3298 2070 unde
3322 2014 3470 2086 virgo
3492 2012 3658 2068 Maria
3680 2028 3799 2083 qua:

2224 2107 2430 2180 peperit
2458 2107 2752 2173 Christum,
2776 2107 2827 2161 in
2854 2123 2958 2177 quo
3003 2105 3242 2161 benedici
3268 2119 3456 2161 omnes
3482 2103 3684 2160 Gentes
3711 2119 3808 2158 au-

2223 2199 2386 2256 deant
2403 2201 2512 2270 jam
2534 2213 2729 2270 negare
2753 2198 2797 2252 si
2824 2206 3058 2268 possunt.
3096 2196 3219 2251 Ilaec
3245 2195 3529 2267 promissio
3572 2193 3712 2249 facta
3729 2201 3813 2248 est

2223 2291 2384 2346 etiam
2409 2289 2478 2345 ad
2523 2290 2669 2344 Isaac
2697 2289 2861 2343 lilium
2891 2288 3152 2356 Abrali;e(
3181 2285 3268 2341 Id.
3293 2301 3437 2351 xxvi,
3465 2285 3498 2340 4
3519 2283 3560 2357 ).
3587 2284 3718 2339 Hinc
3758 2295 3812 2339 et

2223 2380 2292 2436 ad
2346 2380 2509 2436 Jacob
2558 2389 2808 2451 nepotem
2859 2376 3241 2448 Abrahasz.
3297 2393 3482 2443 xxvut,
3542 2375 3686 2447 14),
3719 2373 3812 2446 qni

2226 2475 2385 2528 etiam
2415 2474 2574 2528 Israel
2602 2472 2899 2544 appellatus
2926 2481 3028 2535 est,
3058 2487 3122 2526 ex
3149 2486 3254 2540 quo
3275 2471 3556 2525 universus
3578 2470 3668 2526 ille
3709 2485 3811 2540 po-

2223 2564 2384 2635 pulus
2407 2571 2462 2619 et
2476 2571 2794 2633 propagatus
2819 2570 2874 2616 et
2902 2561 3204 2616 nominatus
3227 2570 3330 2627 est,
3347 2570 3420 2640 .ut
3436 2559 3592 2630 hujus
3623 2559 3808 2630 populi

2228 2657 2368 2711 Deus
2392 2655 2750 2726 appellari-tur
2767 2655 2906 2708 Deus
2932 2653 3094 2723 Israel
3119 2671 3134 2707 :
3167 2653 3274 2708 nun
3297 2651 3437 2722 quod
3469 2652 3582 2722 ipse
3608 2666 3715 2706 non
3742 2651 3812 2704 sit

2231 2748 2367 2806 Deus
2395 2747 2632 2802 omnium
2692 2747 2964 2814 Gentium,
3000 2747 3118 2802 sive
3146 2745 3519 2812 nescientium,
3548 2746 3662 2798 sive
3702 2742 3811 2811 jam

2226 2840 2540 2902 scientium;
2573 2838 2666 2894 sed
2696 2839 2818 2909 quia
2847 2839 2899 2893 in
2923 2839 3022 2892 isto
3046 2831 3242 2909 popqu
3267 2836 3435 2892 voluit
3460 2832 3798 2890 manifestius

2226 2947 2483 3002 apparere
2506 2931 2750 2984 virtutem
2780 2930 3158 3000 promissorum
3182 2943 3418 2983 suorum.
3444 2927 3538 2982 Ille
3553 2925 3699 2981 enim
3722 2939 3817 2996 po-

2225 3025 2381 3095 pulus
2413 3023 2582 3092 primo
2600 3023 2650 3076 in
2681 3022 2912 3094 Egypto
2933 3022 3329 3091 multiplicatus,
3348 3030 3402 3075 et
3431 3019 3495 3074 de
3523 3017 3612 3073 illa
3641 3017 3816 3074 servi-

2227 3124 2337 3171 tute
2367 3127 2458 3185 per
2483 3115 2697 3186 Moysen
2720 3114 2771 3168 in
2800 3113 2982 3168 multis
3011 3113 3176 3183 signis
3205 3111 3571 3184 portentisque
3599 3109 3805 3164 libera-

2228 3217 2334 3272 tus,
2367 3205 2647 3262 debellatis
2696 3205 2936 3276 plurimis
2985 3204 3242 3259 Gentibus
3269 3213 3464 3258 terram
3494 3201 3656 3256 etiam
3691 3213 3810 3270 pro-

2227 3298 2496 3353 missionis
2513 3297 2738 3366 aeccpit,
2771 3295 2825 3350 in
2851 3311 2953 3366 qua
2991 3296 3229 3366 regnavit
3258 3309 3353 3365 per
3392 3307 3547 3364 reges
3584 3306 3717 3347 suos
3744 3289 3813 3346 de

2229 3392 2364 3445 tribu
2393 3389 2524 3444 Juda
2548 3400 2781 3445 exortos.
2817 3388 2916 3456 Qui
2948 3388 3112 3444 Judas
3138 3404 3273 3442 unus
3293 3387 3385 3441 fuit
3412 3402 3475 3442 ex
3521 3385 3813 3441 duodecim

2228 3483 2346 3537 ﬁliis
2366 3481 2528 3536 Israel
2558 3483 2766 3551 nepotis
2793 3481 3055 3547 Abrahae;
3080 3491 3238 3552 atque
3261 3479 3386 3536 inde
3411 3479 3580 3534 Judaei
3602 3493 3815 3550 cogno-

2226 3572 2431 3635 minati,
2465 3573 2627 3627 multa
2660 3572 2775 3642 ipso
2799 3573 2907 3627 Deo
2933 3572 3216 3642 adjuvante
3246 3571 3500 3635 fecerunt,
3527 3570 3699 3624 multa
3719 3582 3814 3640 pro

2225 3662 2460 3732 peccatis
2485 3663 2596 3718 suis
2623 3663 2738 3731 ipso
2767 3661 3066 3732 ﬂagellante
3091 3661 3330 3732 perpessi
3357 3670 3497 3724 sunt,
3519 3658 3700 3714 donec
3727 3673 3817 3714 ve-

2227 3758 2366 3811 niret
2391 3771 2574 3812 semen
2601 3756 2684 3810 cui
2714 3756 3030 3826 promissum
3051 3763 3153 3819 est,
3178 3755 3230 3808 in
3247 3768 3353 3824 quo
3366 3751 3816 3808 benedicerentur

2226 3862 2411 3902 omnes
2435 3857 2639 3919 gentes,
2680 3855 2734 3901 et
2760 3855 2972 3917 patrum
3011 3861 3231 3902 suormn
3284 3845 3567 3898 simulacra
3619 3852 3817 3912 sponte

2225 3939 2645 4008 confringerent.

2226 4027 2451 4085 CAPUT
2493 4029 2684 4085 XXVI.
2714 4027 3113 4083 ——Idololutria
3161 4044 3248 4100 per
3289 4027 3472 4082 Christi
3523 4040 3713 4080 nomen
3760 4029 3809 4079 et

2388 4121 2792 4178 Christianorum
2816 4123 2967 4192 ﬁdem
2984 4123 3139 4190 juxta
3161 4120 3450 4191 prapltetias
3468 4133 3664 4174 eversa.

2297 4215 2386 4271 40.
2416 4215 2596 4286 Neque
2618 4217 2759 4270 enim
2797 4214 3124 4284 temporibus
3169 4211 3493 4275 christianis,
3523 4207 3619 4265 sed
3667 4216 3820 4264 tanto

2226 4320 2350 4364 ante
2379 4310 2688 4379 praedictum
2711 4316 2794 4364 est
2837 4307 2980 4378 quod
3021 4321 3119 4376 per
3162 4305 3494 4361 Christianos
3536 4302 3816 4372 impletur.

2228 4402 2333 4473 Ipsi
2356 4401 2633 4472 Judreiqui
2664 4409 3038 4457 remanserunt
3072 4399 3271 4454 inimici
3314 4397 3546 4452 nominis
3586 4395 3814 4462 Christi,

2228 4495 2296 4550 de
2321 4510 2548 4565 quorum
2591 4495 2750 4549 etiam
2775 4494 2948 4549 futura
2975 4493 3192 4564 perfidia
3245 4493 3301 4548 in
3347 4491 3454 4546 illis
3477 4490 3816 4562 prepbeticis

2227 4588 2444 4646 Litteris
2459 4590 2676 4644 tacitum
2702 4604 2808 4644 non
2831 4597 2932 4651 est,
2956 4588 3056 4658 ipsi
3087 4587 3352 4642 habentet
3371 4586 3552 4655 legunt
3581 4583 3824 4655 prophe-

2228 4688 2339 4736 tam
2366 4681 2630 4737 dicentem
2663 4699 2678 4737 :
2705 4678 2923 4735 Domine
2957 4678 3098 4734 Deus
3123 4695 3279 4743 meus,
3307 4686 3354 4733 et
3377 4677 3632 4747 refugium
3650 4692 3824 4731 meum

2227 4776 2282 4827 in
2310 4773 2393 4828 die
2431 4773 2702 4840 malorum,
2725 4773 2794 4827 ad
2813 4783 2861 4828 te
2885 4783 3052 4845 gentes
3081 4772 3274 4826 venient
3295 4771 3356 4824 ab
3392 4779 3614 4825 extremo
3644 4777 3822 4835 terre,

2229 4876 2277 4922 et
2303 4867 2488 4934 dicent,
2511 4866 2636 4923 Vere
2656 4867 2918 4922 mendacia
2941 4868 3200 4921 coluerunt
3223 4875 3388 4935 patres
3410 4864 3569 4918 nostri
3593 4863 3823 4916 simula-

2231 4977 2318 5016 cra
2344 4970 2390 5016 et
2431 4978 2530 5015 non
2551 4971 2620 5015 est
2651 4961 2704 5015 in
2743 4959 2846 5014 illis
2871 4960 3063 5014 utilitas
3094 4960 3321 5030 (Jerem.
3361 4974 3470 5021 xvr,
3504 4955 3573 5011 I9
3593 4960 3634 5028 ).
3677 4955 3826 5010 Ecce

2233 5069 2374 5110 nunc
2399 5053 2476 5121 fit,
2502 5069 2629 5108 ecce
2659 5069 2798 5108 nunc
2826 5063 3009 5124 gentes
3030 5054 3096 5107 ab
3124 5064 3364 5108 extremo
3401 5061 3559 5106 terra:
3581 5050 3819 5107 veniunt

2231 5145 2300 5200 ad
2341 5143 2608 5200 Christum
2655 5146 2755 5199 ista
2785 5145 3044 5211 dicentes,
3072 5153 3126 5199 et
3150 5144 3429 5198 simulacra
3481 5139 3819 5211 frangentes.

2232 5236 2301 5292 Et
2319 5235 2421 5292 hoc
2444 5237 2585 5291 enim
2603 5252 2849 5308 magnum
2874 5244 2976 5303 est,
3006 5235 3148 5306 quod
3177 5236 3317 5290 Deus
3347 5234 3594 5305 praestitit
3619 5234 3820 5290 Eccle-

2231 5331 2326 5386 siae
2355 5344 2465 5386 suae
2489 5330 2687 5401 ubique
2707 5329 2933 5397 diffusae,
2962 5338 3019 5386 ut
3043 5344 3172 5400 gens
3203 5328 3384 5385 Judaaa
3411 5328 3604 5383 merito
3629 5327 3828 5383 debel-

2231 5423 2337 5479 lata
2365 5433 2420 5479 et
2443 5421 2682 5492 dispersa
2702 5437 2798 5492 per
2828 5431 3020 5487 terras,
3053 5439 3118 5477 ne
3139 5437 3170 5476 a
3195 5421 3349 5477 nobis
3392 5421 3506 5476 haec
3533 5421 3820 5491 composi-

2233 5521 2286 5569 ta
2310 5522 2644 5583 putarentur,
2672 5513 2883 5569 codices
2930 5514 3327 5584 praphetiarum
3357 5521 3666 5568 nostrarum
3695 5513 3820 5568 ubi-

2233 5619 2337 5676 que
2374 5607 2647 5675 portaret‘
2671 5621 2686 5672 ;
2710 5614 2765 5660 et
2811 5607 3021 5660 inimica
3049 5604 3174 5661 fidei
3204 5614 3422 5671 nostrte,
3466 5605 3618 5662 testis
3667 5605 3832 5662 ﬁeret

2297 5721 2316 5753 ί
2341 5720 2458 5789 ξΔὶιί
2483 5720 2712 5772 :Codices
2734 5721 3074 5789 prophetat-wn
3095 5727 3364 5772 nostrorum
3391 5722 3566 5788 uosque
3588 5733 3832 5789 portant.

2237 5789 2292 5845 at
2316 5782 2484 5838 plures
2504 5791 2632 5842 Mss.
2656 5782 3012 5841 prophetiam":
3035 5791 3320 5835 nostrarum.
