4082 6468
274 337 412 396 1061

272 449 518 507 veritatis
543 455 766 524 nostrae.
793 445 1072 513 Quomodo
1103 459 1230 516 ergo
1253 443 1500 514 discipuli
1525 442 1723 499 Christi
1751 443 1858 498 do-

272 551 500 599 cuerunt
533 540 673 612 quod
721 555 751 594 a
799 539 1013 594 Christo
1064 553 1168 593 non
1197 537 1517 604 didicerunt,
1550 536 1687 592 sicut
1711 535 1860 590 stulti

269 632 589 703 desipiendo
609 632 871 702 jaetitant,
895 640 954 685 ut
993 630 1214 686 deorum
1240 631 1516 698 gentilium
1546 638 1601 685 et
1631 629 1854 683 simula-

268 740 491 781 crorum
520 723 826 793 superstitio
865 721 1181 778 deleretur?
1203 720 1470 792 Numquid
1500 730 1554 776 et
1581 720 1701 774 illas
1731 735 1860 789 pro-

269 809 484 880 phetias
510 822 628 878 quas
684 821 824 861 nunc
852 805 1102 876 leguntur
1127 806 1181 860 in
1209 805 1484 861 codicibus
1517 804 1854 858 inimicorum

267 900 494 964 Christi,
524 905 745 969 possunt
776 897 883 952 dici
911 898 1126 953 ﬁnxisse
1150 897 1396 967 discipuli
1421 895 1660 952 Christi?

239 1039 248 1058 ,
343 994 435 1048 41.
476 993 606 1061 Quis
647 991 786 1046 enim
819 991 933 1046 hcce
969 991 1192 1055 evertit,
1227 991 1328 1044 nisi
1368 989 1509 1044 Deus
1540 987 1735 1043 Israel?
1759 985 1865 1058 Ipsi

269 1085 422 1141 enim
455 1084 653 1155 populo
677 1083 875 1138 dictum
916 1093 998 1138 est
1041 1099 1136 1153 per
1181 1082 1386 1137 divinas
1427 1096 1584 1137 voces
1611 1081 1774 1135 iactas
1799 1078 1865 1134 ad

270 1177 494 1249 Moysen
527 1194 540 1229 :
571 1176 708 1230 Audi
737 1174 940 1242 Israel,
975 1174 1222 1246 Dominus
1243 1173 1380 1228 Deus
1405 1183 1518 1228 tuus
1558 1172 1693 1228 Deus
1737 1190 1866 1227 unus

271 1280 347 1325 est
376 1268 554 1342 (Deut.
578 1285 630 1324 Vt
653 1311 668 1337 ,
701 1269 783 1341 4).
814 1269 931 1324 Non
970 1269 1126 1342 facies
1153 1269 1241 1323 tibi
1262 1269 1482 1333 idolum,
1512 1283 1667 1339 neque
1691 1268 1865 1337 cujus-

270 1376 427 1429 quam
459 1359 868 1425 similitudinem,
900 1377 1058 1430 neque
1099 1361 1152 1413 in
1182 1360 1304 1414 ctelo
1347 1375 1580 1426 sursum,
1613 1375 1769 1430 neque
1813 1359 1867 1412 in

272 1461 409 1504 terra
435 1450 670 1505 deorsum
695 1450 886 1522 (Exod.
914 1468 983 1506 xx
1004 1492 1018 1516 ,
1048 1450 1122 1524 4).
1156 1450 1228 1507 Ut
1252 1461 1427 1506 autem
1468 1451 1627 1507 etiam
1655 1459 1867 1506 evertat

273 1545 416 1612 ista,
461 1544 548 1600 ubi
592 1553 909 1615 potestatem
959 1545 1252 1615 acceperit,
1303 1545 1380 1599 sic
1425 1544 1473 1599 ei
1523 1542 1862 1615 praecipitur:

269 1635 398 1690 Non
425 1635 659 1690 adorabis
699 1635 817 1690 deos
845 1635 1048 1690 illorum
1068 1677 1082 1704 ,
1111 1635 1199 1690 sed
1224 1651 1380 1706 neque
1404 1635 1585 1689 servies
1618 1635 1688 1688 eis
1711 1651 1729 1699 ;
1766 1651 1867 1688 non

273 1727 438 1797 facies
458 1727 731 1781 secundum
746 1742 899 1796 opera
918 1727 1164 1794 ipsorum,
1193 1727 1280 1781 sed
1306 1725 1599 1797 deponendo
1627 1726 1863 1796 depones.

271 1829 322 1872 et
347 1818 709 1889 confringendo
734 1819 1019 1889 confringcs
1043 1817 1314 1873 simulacra
1338 1834 1511 1872 eorum
1536 1815 1660 1888 (Id.
1698 1832 1828 1870 xxut
1847 1859 1864 1880 ,

270 1909 394 1982 24).
411 1909 541 1979 Quis
558 1919 735 1966 autem
758 1911 900 1965 dicat
920 1911 1188 1966 Christum
1213 1918 1372 1982 atque
1399 1909 1733 1966 Christianos
1761 1924 1867 1964 non

271 2003 542 2074 pertinere
563 2003 628 2058 ad
657 2003 839 2068 Israel,
871 2018 991 2058 cum
1020 2003 1180 2059 Israel
1218 2018 1385 2073 nepos
1416 2002 1575 2058 fuerit
1601 2003 1866 2068 Abrahae,

271 2092 360 2147 cui
397 2093 603 2162 primo,
637 2100 691 2148 et
731 2093 922 2148 deinde
961 2092 1107 2148 Isaac
1148 2092 1256 2147 lilio
1291 2093 1428 2163 ejus,
1455 2101 1509 2148 et
1546 2091 1739 2148 deinde
1769 2093 1869 2162 ipsi

273 2181 442 2240 Israel
466 2183 774 2254 nepotiejus
798 2184 996 2239 dictum
1019 2191 1120 2248 est,
1143 2183 1282 2254 quod
1296 2183 1406 2254 jam
1430 2184 1866 2251 commemoravi,

275 2273 344 2328 In
363 2274 552 2329 semine
566 2284 651 2329 tuo
670 2275 1019 2330 benedicentur
1034 2291 1204 2329 omnes
1222 2274 1439 2330 Gentes?
1455 2275 1604 2344 Quod
1627 2276 1739 2330 fieri
1757 2277 1868 2346 jam

273 2365 516 2422 videmus
541 2367 594 2422 in
616 2367 829 2424 Christo
847 2410 863 2436 ,
892 2383 1011 2422 cum
1041 2368 1363 2422 inde'exorta
1387 2368 1456 2423 sit
1480 2367 1567 2421 illa
1589 2369 1737 2438 virgo
1757 2410 1772 2433 ,
1801 2366 1869 2423 de

274 2473 378 2528 qua
414 2459 673 2529 pr0pheta
715 2458 894 2530 populi
925 2459 1086 2514 Israel
1130 2467 1183 2514 et
1209 2458 1302 2513 Dei
1330 2457 1492 2514 Israel
1531 2459 1753 2525 cecinit,
1783 2458 1867 2512 di-

281 2563 412 2604 cens
438 2567 451 2603 :
478 2548 606 2602 Ecce
637 2550 772 2619 virgo
802 2549 1046 2620 concipiet
1075 2558 1121 2603 et
1147 2549 1306 2619 pariet
1321 2549 1486 2618 ﬁlium
1505 2589 1522 2612 ,
1549 2558 1595 2602 et
1625 2549 1869 2603 vocabunt

277 2655 463 2692 nomen
510 2639 622 2710 ejus
660 2638 982 2693 Emmanuel.
1010 2638 1391 2709 Interpretatur
1435 2648 1611 2693 autem
1655 2639 1870 2693 Emma-

275 2729 425 2796 nuel,
450 2728 502 2782 Ν
506 2729 726 2784 obiscum
747 2727 888 2784 Deus
910 2728 1063 2800 (Isai.
1087 2745 1180 2795 vn,
1203 2731 1304 2796 M;
1331 2728 1516 2783 Matth.
1540 2746 1578 2795 ι,
1594 2730 1706 2800 25).
1731 2730 1869 2784 Deus

275 2835 406 2892 ergo
432 2821 595 2877 Israel
634 2823 722 2893 qui
754 2821 1026 2892 prohibuit
1062 2823 1197 2877 alios
1243 2822 1370 2877 deos
1401 2821 1531 2888 coli,
1565 2822 1654 2892 qui
1682 2821 1867 2891 prohi-

274 2911 390 2966 buit
417 2911 556 2966 idola
587 2911 829 2966 fabricari
854 2954 868 2979 ,
897 2913 984 2982 qui
1019 2913 1267 2982 prmcepit
1287 2912 1452 2966 everti
1473 2955 1486 2978 ,
1515 2911 1604 2982 qui
1634 2927 1728 2980 per
1750 2925 1871 2980 pro-

275 3001 490 3071 phetam
538 3001 782 3072 praedixit
824 3011 1010 3072 gentes
1039 3001 1106 3056 ab
1134 3011 1376 3056 extremo
1402 3010 1559 3056 terra:
1589 3000 1863 3067 dicturas,

284 3089 414 3146 Vere
456 3092 722 3146 mendacia
761 3091 1024 3146 coluerunt
1068 3102 1236 3161 patres
1280 3092 1437 3146 nostri
1480 3091 1783 3158 simulacra,
1816 3091 1869 3146 in

277 3185 458 3256 quibus
483 3201 583 3239 non
605 3194 677 3239 est
701 3184 929 3250 utilitas;
959 3185 1070 3254 ipse
1090 3199 1186 3254 per
1204 3182 1400 3240 Christi
1423 3197 1616 3238 nomen
1639 3192 1693 3238 et
1711 3183 1866 3239 Chri-

278 3277 570 3330 stianorum
596 3275 752 3331 Iidem
773 3276 993 3330 istarum
1011 3276 1248 3330 omnium
1271 3275 1704 3346 superstitionum
1719 3290 1871 3330 ever-

278 3370 484 3424 sionem
502 3368 680 3438 jussit,
707 3368 968 3439 promisit,
990 3368 1250 3423 exhibuit.
1276 3367 1492 3423 Frustra
1513 3383 1640 3439 ergo
1664 3368 1866 3435 miseri,

277 3461 400 3529 quia
447 3460 818 3530 blasphemare
863 3460 1132 3516 Christum
1164 3460 1322 3516 etiam
1375 3476 1405 3515 a
1449 3459 1550 3514 diis
1591 3463 1736 3528 suis,
1769 3460 1872 3515 hoc

279 3561 397 3618 est,
419 3567 450 3607 a
487 3551 818 3607 daemonibus
855 3568 1050 3608 nomen
1077 3551 1273 3608 Christi
1305 3553 1660 3609 metuentibus
1692 3554 1874 3624 prohi-

278 3642 375 3696 biti
403 3639 566 3708 sunt,
593 3642 778 3697 volunt
804 3643 872 3698 ab
899 3658 964 3698 eo
1003 3643 1300 3698 doctrinam
1334 3645 1490 3698 istam
1525 3643 1696 3698 facere
1736 3644 1869 3698 alie-

280 3728 406 3789 nam
435 3775 449 3799 ,
482 3748 584 3803 qua
623 3731 910 3788 ChriStiani
941 3744 1126 3788 contra
1170 3734 1307 3787 idola
1342 3733 1651 3803 disputant,
1675 3749 1872 3805 easque

280 3841 472 3881 omnes
493 3825 650 3879 falsas
676 3825 962 3896 religiones
993 3825 1081 3880 ubi
1106 3825 1373 3896 potuerint
1400 3824 1692 3880 eradicant.

279 3917 514 3974 CAPUT
553 3916 770 3972 XXVII.
803 3948 872 3956 —
905 3917 1062 3989 Urget
1097 3917 1484 3972 idololatrarum
1514 3917 1750 3988 reliquias
1772 3959 1786 3983 ,
1819 3927 1872 3971 ut

353 4009 555 4063 demum
578 4007 795 4062 serviant
821 4023 936 4062 vero
968 4007 1073 4063 Deo
1102 4008 1242 4062 idola
1269 4009 1448 4077 ubique
1471 4008 1795 4062 subvertenti.

356 4102 448 4156 42.
491 4103 567 4158 De
615 4104 722 4159 Deo
757 4102 918 4159 Israel
946 4102 1338 4174 respondeant,
1367 4118 1523 4174 quem
1551 4102 1743 4157 docere
1774 4102 1872 4157 ista

281 4200 337 4247 et
355 4193 544 4262 jubere
566 4237 580 4261 ,
606 4211 708 4249 non
742 4204 944 4249 tantum
971 4194 1394 4250 Christianorum
1417 4236 1431 4259 ,
1459 4194 1553 4250 sed
1581 4204 1633 4249 et
1657 4194 1871 4249 Iudaeo-

283 4299 402 4338 rum
432 4284 574 4339 Libri
606 4295 907 4341 testantur:
938 4285 1006 4340 de
1051 4286 1167 4355 ipso
1215 4286 1494 4341 consulant
1537 4284 1669 4340 deos
1713 4299 1876 4352 suos,

283 4377 376 4447 qui
423 4377 692 4433 Christum
756 4378 1113 4449 blasphemari
1170 4379 1588 4449 prohibuerunt;
1641 4377 1707 4432 de
1767 4379 1876 4432 Deo

284 4468 479 4534 Israel,
506 4470 552 4525 si
597 4469 828 4536 audent,
861 4471 1032 4540 aliqua
1058 4469 1446 4524 contumeliosa
1495 4468 1871 4538 respondi-ant.

284 4559 393 4617 Sed
423 4575 555 4631 quos
589 4561 904 4616 consulant?
930 4569 1021 4615 aut
1059 4561 1149 4615 ubi
1190 4561 1297 4631 jam
1339 4559 1658 4615 consulant?
1689 4558 1874 4614 Libros

285 4667 506 4707 suorum
547 4652 742 4722 legant.
770 4651 826 4707 Si
867 4651 1034 4706 Deum
1077 4651 1237 4706 Israel
1267 4649 1452 4704 Jovem
1495 4657 1709 4720 putant,
1739 4649 1876 4704 sicut

284 4743 458 4799 Varro
501 4745 714 4814 scripsit
757 4743 836 4817 (ut
877 4743 1088 4798 interim
1130 4742 1423 4796 secundum
1454 4755 1636 4795 eorum
1668 4741 1873 4809 ορτηὶοι

286 4852 408 4893 nem
439 4836 667 4907 loquar),
697 4851 792 4890 cur
817 4849 943 4906 ergo
968 4835 1083 4889 .lovi
1108 4850 1212 4888 non
1237 4833 1463 4889 credunt
1483 4832 1620 4886 idola
1645 4846 1762 4885 esse
1784 4832 1878 4885 de-

286 4927 480 4982 lenda?
507 4926 561 4982 Si
610 4925 899 4981 Saturnum
929 4934 1120 4996 putant
1147 4925 1186 4990 ί,
1215 4939 1311 4978 cur
1348 4938 1470 4978 eum
1515 4938 1618 4976 non
1653 4921 1878 4976 colunt?

286 5020 394 5074 Aut
419 5033 516 5072 cur
540 5032 646 5072 non
675 5017 752 5072 sic
796 5017 1006 5086 colunt,
1034 5014 1482 5086 quemadmodum
1533 5029 1592 5070 se
1633 5013 1736 5069 coli
1785 5029 1879 5084 per

287 5125 382 5166 eos
408 5119 558 5166 vates
582 5111 868 5180 praecepit,
897 5126 994 5181 per
1031 5125 1165 5181 quos
1207 5125 1268 5164 ea
1307 5125 1425 5181 qua:
1465 5109 1740 5180 praedixit,
1777 5114 1877 5164 im-

287 5201 492 5272 plevit?
520 5199 628 5256 Cur
657 5201 715 5260 ei
737 5215 840 5255 non
867 5202 1094 5256 credunt
1119 5201 1401 5256 simulacra
1429 5201 1712 5256 evertenda
1739 5217 1876 5268 esse,

286 5306 343 5352 et
370 5297 502 5351 alios
532 5295 661 5351 deos
687 5297 939 5351 colendos
977 5312 1082 5351 non
1112 5295 1265 5352 esse?
1296 5295 1352 5350 Si
1399 5309 1500 5350 nec
1537 5295 1679 5349 lovis
1706 5297 1748 5359 ’,
1784 5310 1881 5350 nec

287 5388 550 5444 Saturnus
577 5397 658 5443 est
684 5387 831 5459 (quia
859 5388 902 5442 si
924 5403 1065 5442 unus
1091 5402 1276 5442 eorum
1305 5395 1482 5452 esset,
1514 5395 1700 5440 contra
1730 5401 1880 5441 sacra

289 5480 438 5536 Jovis
463 5490 518 5536 et
541 5478 757 5536 Saturni
803 5493 986 5535 eorum
1015 5487 1160 5533 tanta
1187 5493 1294 5533 non
1321 5477 1582 5547 diceret);
1611 5477 1727 5547 quis
1756 5489 1882 5548 ergo

356 5595 373 5626 ι
400 5599 477 5642 Er.
503 5599 553 5642 ct
575 5599 685 5641 ιον.
707 5605 719 5641 :
738 5591 786 5641 si
809 5597 1059 5641 Saturnum
1095 5599 1243 5640 Deum
1267 5596 1450 5653 putant.
1476 5589 1567 5639 sed
1585 5589 1759 5653 melius
1783 5597 1880 5641 nat.

291 5662 346 5706 et
370 5662 476 5704 MSS.
503 5655 584 5706 :Si
606 5662 863 5718 Saturnum
884 5659 1048 5718 putant
1068 5665 1085 5703 :
1103 5651 1321 5712 subaudi,
1346 5659 1496 5718 neum
1520 5651 1681 5701 Israel.

359 5719 378 5746 *
403 5723 536 5780 ιον..
559 5715 765 5780 Jupiter.
803 5712 893 5780 alii
918 5717 1032 5766 editi
1059 5723 1109 5766 et
1132 5722 1236 5764 Mss.
1258 5749 1274 5776 ,
1301 5712 1425 5764 Jot'is
1448 5727 1463 5762 :
1489 5728 1575 5777 ιιι-ο
1609 5715 1882 5767 nominandi

293 5789 428 5838 casu,
451 5778 522 5826 uti
546 5777 706 5842 supra,
731 5791 778 5826 n.
804 5777 882 5827 50.

1659 331 1860 389 LIBER
1899 332 2154 391 PRIMUS

1969 451 2078 516 est,
2109 443 2198 518 qui
2225 452 2445 516 propter
2470 441 2600 500 deos
2627 442 2758 522 alios
2785 443 2930 502 solus
2958 443 3026 501 ab
3055 445 3169 502 istis
3197 461 3305 502 non
3330 448 3550 518 colitur,

1969 545 2024 606 et
2053 536 2253 591 eversis
2275 535 2378 592 diis
2399 536 2515 591 aliis
2535 578 2551 603 ,
2584 545 2690 608 tam
2717 535 2994 593 evidenter
3021 537 3182 593 eilicit
3205 546 3263 594 ut
3282 538 3430 596 solus
3459 557 3558 598 co-

1969 626 2130 693 Iatur,
2161 627 2430 682 humiliata
2457 629 2600 683 omni
2627 628 2852 699 superba
2877 629 3186 698 altitudine,
3217 646 3337 702 quae
3375 646 3434 687 se
3457 631 3557 688 ad-

1968 729 2158 770 versus
2185 716 2456 771 Christum
2497 727 2742 772 erexerat
2769 732 2866 788 pro
2896 718 3051 775 idolis
3070 761 3085 788 ,
3115 735 3443 791 persequens
3473 722 3563 777 in-

1970 804 2344 876 terﬁciensque
2363 806 2730 863 Christianos?
2751 808 2900 864 Nunc
2922 818 3068 866 certe
3089 819 3363 881 quaerunt,
3393 811 3483 867 ubi
3503 828 3564 869 se

1973 895 2336 963 abscondant,
2393 912 2514 953 cum
2555 898 2856 954 sacriﬁoare
2903 900 3119 968 volunt;
3165 901 3249 956 vel
3301 901 3391 957 ubi
3430 902 3563 960 deos

1970 985 2117 1057 ipsos
2166 1002 2292 1043 suos
2317 989 2751 1070 retrudant‘,'ne
2793 1004 2822 1043 a
2865 988 3180 1047 Christianis
3225 991 3565 1048 inveniantur

1970 1088 2128 1150 atque
2148 1079 2477 1151 frangantur.
2504 1081 2653 1138 Unde
2674 1081 2796 1149 hoc,
2813 1083 2914 1137 nisi
2935 1098 2966 1137 a
2989 1083 3180 1139 timore
3201 1084 3375 1155 legum
3403 1094 3565 1156 atque

1970 1185 2188 1241 regum,
2221 1186 2317 1241 per
2345 1187 2481 1244 quos
2525 1173 2664 1228 Deus
2707 1173 2867 1229 Israel
2897 1189 3046 1229 suam
3077 1176 3282 1231 exserit
3309 1185 3554 1247 potesta-

1970 1267 2076 1314 tem
2099 1301 2113 1325 ,
2140 1261 2250 1330 jam
2278 1262 2521 1318 subditos
2563 1263 2761 1317 Christi
2802 1264 3045 1320 nomini?
3078 1265 3214 1320 sicut
3255 1266 3412 1338 longe
3441 1275 3566 1324 ante

1970 1353 2247 1422 promisit,
2280 1352 2462 1409 dicens
2489 1369 2584 1425 per
2626 1355 2942 1425 Prophetam
2976 1373 2989 1411 ε
3022 1356 3087 1410 Et
3130 1357 3412 1412 adorabunt
3451 1375 3564 1415 eum

1971 1459 2142 1497 omnes
2156 1460 2294 1515 reges
2314 1453 2458 1499 terra:
2469 1462 2487 1511 ;
2512 1462 2682 1500 euntes
2702 1457 2870 1518 gentes
2887 1449 3097 1502 servient
3119 1448 3196 1502 illi
3218 1447 3387 1520 (Psal.
3407 1465 3560 1518 Lxxt,

1973 1533 2083 1604 tt).
3319 1567 3324 1571 _

2065 1625 2290 1683 CAPUT
2312 1625 2548 1682 XXVIII.
2578 1659 2647 1668 --
2677 1627 2932 1684 Prazdicta
2956 1631 3208 1685 idolorum
3229 1632 3462 1704 rejectio.
3556 1643 3566 1678 ἲ

2041 1717 2132 1772 45.
2182 1717 2385 1788 Nempe
2424 1719 2533 1788 jam
2582 1719 2880 1789 completur
2925 1720 3064 1790 quod
3107 1735 3204 1791 per
3245 1721 3562 1792 pr0phetatn

1971 1807 2261 1865 identidem
2285 1811 2514 1879 canitur,
2538 1810 2679 1881 quod
2705 1812 3028 1866 remissurus
3047 1822 3189 1866 esset
3210 1812 3424 1883 impiam
3451 1813 3565 1884 ple-

1971 1898 2092 1954 bem
2147 1915 2298 1954 suam
2341 1899 2484 1974 (non
2528 1901 2744 1977 quidem
2791 1911 2986 1968 totam,
3025 1904 3148 1974 quia
3204 1905 3355 1959 multi
3401 1913 3456 1960 et.
3496 1920 3566 1963 ex

1971 1990 2224 2048 Israelitis
2250 1993 2592 2048 crediderunt
2619 1994 2672 2048 in
2700 1991 2970 2050 Christum
2996 2011 3010 2057 ;
3036 2011 3158 2050 nam
3185 1996 3310 2052 inde
3330 2006 3483 2053 erant
3511 2006 3568 2054 et

1971 2082 2210 2152 Apostoli
2231 2082 2389 2155 ejus),
2407 2092 2463 2139 et
2479 2083 2850 2150 humiliaturus
2867 2099 3082 2139 omnem
3099 2086 3388 2154 superbum
3405 2095 3568 2157 atque

1971 2173 2324 2244 injurio'sum,
2353 2183 2408 2228 ut
2453 2173 2567 2244 ipse
2611 2173 2758 2229 solus
2799 2174 3144 2240 exaltaretur,
3178 2175 3231 2239 id
3275 2185 3392 2242 est,
3419 2175 3568 2232 solus

1971 2266 2111 2321 altus
2160 2273 2214 2320 et
2256 2275 2446 2336 potens
2501 2265 2804 2321 hominibus
2853 2263 3285 2336 manilesmretur
3337 2284 3352 2321 :
3395 2266 3569 2322 donec

1971 2356 2358 2427 projicerentur
2401 2371 2433 2410 a
2481 2356 2822 2412 credentibus
2859 2355 3035 2423 idola,
3067 2366 3120 2412 et
3143 2371 3175 2411 a
3197 2373 3302 2414 non
3341 2358 3568 2415 creden-

1972 2447 2115 2501 tibus
2161 2446 2649 2512 absconderentur;
2681 2461 2802 2501 cum
2845 2447 2962 2516 ejus
3015 2448 3207 2504 timore
3245 2457 3384 2504 terra
3432 2464 3566 2505 cono

1929 2594 1942 2605 ,
1971 2536 2238 2608 Iringitur,
2268 2536 2320 2591 id
2349 2546 2461 2605 est,
2506 2539 2701 2593 terreni
2724 2537 2968 2592 homines
3000 2538 3191 2594 timore
3225 2540 3564 2610 franguntur,

1971 2628 2208 2690 timendo
2234 2627 2405 2707 legem
2427 2628 2509 2682 vel
2535 2628 2719 2698 ipsius,
2742 2627 2822 2682 vel
2861 2643 3046 2683 eorum
3084 2631 3174 2699 qui
3199 2629 3481 2685 credentes
3510 2630 3568 2687 in

1969 2733 2093 2774 eum
2119 2760 2134 2786 ,
2166 2717 2515 2789 gentibusque
2559 2728 2875 2789 regnantes,
2907 2718 3030 2773 talia
3063 2718 3342 2792 sacrilegia
3384 2719 3568 2792 prohi-

1971 2807 2179 2865 herent.

2046 2901 2137 2955 44.
2168 2901 2294 2956 Ilarc
2319 2901 2462 2956 enim
2480 2943 2494 2969 ,
2522 2914 2642 2972 qua:
2663 2909 2720 2956 ut
2747 2900 2953 2956 {acilius
2973 2900 3418 2971 intelligerentur,
3445 2901 3570 2958 bre-

1971 2990 2109 3046 viter
2153 2994 2473 3061 praelocutus
2517 3006 2635 3046 smn
2655 3032 2672 3058 ,
2702 2992 2959 3062 propheta
2991 2993 3070 3047 sic
3109 2992 3241 3047 dicit
3274 3010 3288 3046 :
3316 2989 3386 3047 Et
3425 3010 3560 3049 nunc

1960 3093 2025 3141 ,ιιι
2043 3082 2267 3152 ,νάοηιιιε
2288 3083 2470 3148 Jacob,
2506 3084 2681 3148 venite,
2703 3093 2748 3136 et
2775 3083 3089 3137 ambulemus
3116 3083 3172 3136 in
3200 3082 3309 3138 luce
3335 3082 3564 3139 Domini.

1972 3173 2184 3248 Remisit
2229 3174 2360 3228 enim
2430 3173 2620 3244 plebem
2659 3189 2804 3226 suam
2848 3173 3057 3226 domum
3093 3171 3296 3239 Israel;
3323 3175 3566 3244 quoniam

1971 3266 2164 3336 repleta
2184 3276 2255 3320 est
2276 3307 2290 3332 ,
2322 3266 2450 3319 sicut
2477 3265 2538 3322 ab
2566 3265 2709 3318 initio
2729 3307 2744 3329 ,
2776 3265 2914 3336 regia
2937 3280 3108 3319 eorum
3149 3266 3374 3336 auguriis
3391 3307 3405 3333 ,
3435 3267 3568 3320 sicut

1972 3357 2408 3426 alienigenarum;
2433 3365 2478 3410 et
2516 3356 2614 3426 ﬁlii
2642 3355 2789 3409 multi
2813 3355 3110 3426 alienigena:
3145 3356 3252 3409 nati
3288 3365 3404 3410 sunt
3440 3355 3565 3411 illis.

1974 3449 2190 3519 Repleta
2218 3458 2290 3502 est
2318 3450 2451 3502 enim
2479 3449 2617 3518 regio
2643 3463 2816 3501 eorum
2843 3456 3051 3518 argento
3075 3456 3121 3500 et
3150 3451 3275 3502 auro
3295 3487 3310 3512 ,
3339 3463 3428 3502 nec
3457 3455 3568 3501 erat

1973 3557 2210 3595 numerus
2230 3541 2580 3594 thesaurorum
2599 3538 2826 3593 illorum.
2850 3537 2917 3592 Et
2939 3539 3136 3608 repleta
3156 3547 3228 3592 est
3250 3547 3381 3592 terra
3401 3539 3566 3609 equis,

1973 3649 2063 3686 nec
2083 3640 2187 3685 erat
2216 3647 2454 3685 numerus
2481 3645 2722 3684 curruum
2748 3629 2974 3684 illorum.
3002 3627 3072 3682 Et
3108 3627 3301 3700 repleta
3327 3638 3398 3682 est
3430 3638 3570 3682 terra

1973 3724 2433 3778 abominatiouibus
2456 3738 2668 3792 operum
2690 3737 2933 3774 manuum
2957 3721 3183 3792 ipsorum
3200 3761 3216 3786 ,
3240 3728 3288 3773 et
3312 3719 3563 3774 adorans-

1974 3827 2091 3869 runt
2117 3833 2173 3869 ea
2190 3829 2304 3885 (ινιτ
2319 3814 2542 3885 fecerunt
2562 3813 2706 3884 digiti
2730 3829 2918 3867 eorum.
2950 3811 3017 3866 Et
3037 3811 3298 3866 inclinavit
3317 3829 3371 3866 se
3391 3811 3564 3878 homo,

1977 3918 2022 3960 et
2064 3906 2346 3959 ltumiliavit
2385 3922 2438 3959 se
2464 3906 2556 3970 vir,
2588 3913 2634 3958 et
2661 3919 2760 3956 non
2788 3903 3038 3956 remittam
3076 3901 3199 3956 illis.
3228 3900 3298 3954 Et
3324 3917 3457 3956 nunc
3483 3901 3567 3954 in-

1975 4009 2102 4052 trate
2125 3999 2175 4051 in
2207 4007 2395 4069 petras,
2427 4007 2470 4051 et
2497 3996 2786 4050 abscondite
2809 4011 2894 4049 vos
2919 3995 2972 4048 in
2998 4004 3132 4048 terra
3158 4011 3190 4046 a
3217 3994 3349 4064 [acie
3373 3993 3569 4048 timoris

1975 4089 2214 4153 Domini,
2241 4097 2287 4142 et
2313 4105 2344 4141 α
2384 4089 2645 4154 majestate
2693 4086 2900 4140 Virtutis
2949 4087 3093 4157 ejus,
3131 4102 3247 4142 cum
3287 4087 3566 4141 surrexerit

1974 4183 2290 4252 cattfringere
2315 4192 2517 4236 terram.
2555 4180 2703 4234 Oculi
2743 4181 2876 4234 enim
2917 4178 3125 4233 Domini
3165 4181 3382 4244 excelsi,
3417 4179 3570 4234 homo

1975 4285 2141 4328 autem
2189 4274 2431 4337 humilis;
2461 4255 2508 4325 et
2548 4270 2896 4325 Itumiliabitur
2940 4270 3155 4323 altitudo
3203 4269 3495 4333 hominum,
3523 4278 3572 4323 et

1977 4367 2278 4422 exaltabitur
2308 4365 2555 4416 Dominus
2580 4363 2716 4416 solus
2746 4362 2798 4415 in
2823 4361 2914 4415 illa
2935 4361 3036 4412 die.
3063 4358 3184 4413 Dies
3206 4361 3339 4414 enim
3363 4358 3571 4414 Domini

1975 4458 2184 4512 sabaotlt
2208 4473 2364 4526 supra
2383 4471 2580 4508 omnem
2605 4455 2908 4523 injuriosum
2937 4463 2982 4505 et
3011 4452 3308 4523 superbum,
3339 4461 3386 4509 et
3411 4468 3572 4521 supra

1976 4566 2174 4605 omnem
2217 4549 2374 4602 altum
2418 4557 2462 4604 et
2508 4547 2828 4600 humi/latum
2857 4547 2899 4609 ',
2925 4546 3010 4614 qui
3055 4543 3491 4610 Itumiliabuntur;
3521 4555 3570 4598 et

1977 4662 2132 4715 supra
2157 4659 2354 4700 onmem
2383 4641 2586 4695 cedrum
2608 4639 2788 4694 Libani
2814 4638 3125 4692 excelsorum
3147 4646 3192 4691 et
3221 4637 3492 4703 elatorum,
3523 4645 3573 4690 et

1976 4756 2134 4808 supra
2163 4753 2359 4790 omnem
2403 4734 2632 4788 arborem
2676 4731 2857 4788 Libani
2883 4730 3090 4795 Busan,
3119 4739 3163 4784 et
3199 4745 3350 4799 super
3376 4744 3572 4783 omnem

1979 4837 2234 4894 montem,
2271 4837 2316 4881 et
2374 4842 2528 4895 super
2579 4839 2775 4878 onmem
2848 4821 3026 4875 callent
3081 4819 3273 4884 altum,
3323 4828 3367 4871 ct
3415 4833 3573 4888 super

1979 4939 2176 4976 onmem
2199 4936 2371 4973 navem
2395 4919 2568 4984 maris,
2588 4928 2634 4970 et
2661 4933 2812 4986 super
2836 4930 2983 4969 omne
3001 4913 3342 4980 spectaculum
3362 4911 3570 4965 navium

1981 5014 2196 5068 decoris.
2229 5011 2296 5066 Et
2323 5009 2692 5076 humiliabitur,
2718 5017 2762 5061 et
2789 5007 2932 5060 cadet
2957 5005 3262 5058 contumelia
3288 5002 3566 5074 homian

2049 5215 2063 5245 ί
2092 5219 2189 5262 ttat.
2215 5218 2267 5261 et
2285 5216 2381 5269 Er.,
2407 5205 2676 5258 recludant.
2721 5264 2730 5269 _
3049 5261 3061 5269 _
3319 5259 3348 5269 ,η

2046 5279 2066 5307 ’
2091 5257 2597 5337 ἰέὲᾷεὶιὶιώῆνωέψςν
2620 5274 2666 5337 ςι
2685 5264 2863 5337 ειᾳιιρη
2881 5275 2900 5324 ς
2921 5273 3032 5337 sem
3047 5259 3373 5337 es
3387 5257 3574 5337 me:

1982 5352 2088 5390 ron.
2113 5321 2254 5384 nullo
2390 5335 2442 5382 in
2457 5321 2598 5397 editis
2621 5321 2982 5397 legcliatur'5_£t
3003 5321 3161 5397 supra
3174 5333 3361 5397 munem
3375 5321 3576 5397 cedrum

1984 5382 2422 5451 lilium—edc'elsam
2455 5398 2499 5443 et
2531 5382 2721 5455 elutam.
2751 5389 2866 5455 stin
2886 5382 3248 5455 habetur,
3270 5382 3571 5455 exemerunt

1983 5445 2283 5514 cltelatoium
2305 5471 2322 5507 :
2347 5459 2484 5520 juxta
2505 5445 2979 5520 unumunuth
3104 5445 3342 5520 nun;er
3360 5458 3378 5504 ;
3395 5445 3575 5520 ἔψεξε,

1984 5509 2364 5587 prosequuntur;
2387 5509 2683 5588 ltui‘epi‘ptin
2707 5509 2926 5588 déndron
2945 5509 3166 5588 balanon-
3178 5509 3350 5588 euenit,
3363 5512 3407 5588 et
3430 5517 3574 5588 slqiler

1983 5565 2624 5642 Siiin'c'ri‘fiir'tiéiéyiigldium
2653 5585 2805 5642 tumuit
2834 5585 2851 5622 :
2875 5572 2957 5620 ubi
2979 5568 3284 5642 _A_t_t_gustinns
3318 5582 3404 5642 pro
3444 5565 3575 5642 bula:-

1985 5632 2256 5709 hbifi'egu
2280 5632 2499 5709 Libanint.
2535 5642 2616 5688 ttic
2645 5637 2863 5709 denique
2885 5640 2994 5709 post
3019 5632 3316 5709 ilrlal‘vernha,
3347 5635 3396 5709 et
3428 5639 3573 5709 super

1985 5692 2377 5764 iiiiuluﬁbum
2419 5703 2586 5761 ultum,
2631 5692 2863 5748 omittitur
2887 5692 3170 5746 'versicultm
3209 5693 3266 5740 I5
3287 5698 3391 5766 λιι
3429 5703 3574 5766 super

1985 5753 2170 5827 33W};
2195 5753 2373 5822 tibi-iiii
2390 5768 2554 5826 altrm,
2575 5753 2628 5813 ’σι
2659 5772 2800 5823 super
2824 5769 3015 5808 onmem
3039 5765 3228 5804 murum
3252 5753 3417 5803 altam.
