4082 6460
543 357 686 423 I083

539 484 590 531 et
620 466 923 529 excitabitur
966 458 1215 524 Dominus
1253 464 1393 519 solus
1430 463 1485 517 in
1523 450 1615 518 illa
1655 460 1756 515 die.
1788 457 1853 514 Et
1884 458 2118 511 manibus

535 564 788 637 fabricata
809 559 981 618 omnia
1015 554 1317 613 abscondent
1341 554 1396 609 in
1422 550 1673 624 speluncis
1691 592 1707 617 ,
1732 559 1779 604 et
1816 549 1871 603 in
1892 547 2125 604 scissuris

539 664 831 727 petrarum,
853 660 900 707 et
926 652 980 705 in
1020 647 1247 704 cauernis
1273 655 1419 700 terrae
1454 660 1485 698 a
1511 643 1642 716 facie
1669 641 1861 696 timoris
1882 637 2120 704 Domini,

535 755 589 802 ot
606 762 640 800 α
660 744 918 816 majestate
943 738 1152 795 Virtutis
1170 737 1298 809 ejus,
1323 751 1436 789 cum
1451 731 1791 788 exsurrexerit
1804 746 1897 785 con
1902 730 2124 802 fringerc

539 846 749 893 terram.
776 833 883 888 Illa
910 830 1042 886 enim
1062 829 1144 884 die
1170 827 1399 899 projiciet
1428 826 1577 879 homo
1605 821 2001 877 abominationes
2024 834 2123 872 au-

539 942 652 981 reas
676 934 723 980 et
750 931 1029 994 argenteas,
1055 932 1167 991 qua:
1191 922 1415 990 fecerunt
1442 924 1497 969 ut
1518 914 1789 968 adorarent
1815 926 2123 982 superuaca-

540 1032 636 1071 nea
672 1022 718 1069 et
741 1014 927 1078 noxia;
976 1020 1029 1065 ut
1074 1011 1258 1064 intrent
1306 1008 1362 1061 in
1418 1005 1672 1076 foramina
1724 1001 1902 1057 solida:
1946 1009 2121 1071 petra,

540 1116 588 1162 et
613 1107 666 1161 in
695 1105 939 1160 scissuras
986 1110 1264 1172 petrarum,
1311 1114 1344 1151 a
1381 1097 1511 1168 facie
1554 1094 1748 1148 timoris
1803 1091 2025 1158 Domini,
2076 1098 2125 1144 et

541 1213 574 1250 a
598 1197 859 1266 majestate
896 1192 1102 1249 Virtutis
1126 1192 1264 1261 ejus,
1292 1202 1407 1243 cum
1429 1185 1765 1242 exsurrexerit
1788 1184 2123 1239 comminuere

540 1295 725 1341 terram
747 1284 894 1356 (Isai.
922 1299 995 1350 ιι,
1027 1282 1201 1351 5-21).

538 1418 765 1477 CAPUT
791 1417 982 1474 XXIX.
1006 1446 1077 1457 —-
1102 1415 1263 1469 Deum
1284 1410 1451 1468 Israel
1476 1411 1655 1484 quidni
1679 1409 1848 1465 colant
1895 1407 2116 1481 pagani,

610 1513 657 1567 si
696 1527 811 1566 eum
852 1510 927 1564 vel
971 1507 1296 1581 praepositum
1346 1505 1701 1559 elementorunt
1749 1518 1855 1556 esse
1907 1501 2125 1571 opinam-

611 1609 715 1656 tur.

610 1732 700 1790 45.
739 1729 877 1800 Quid
900 1729 1084 1786 dicunt
1107 1727 1175 1784 de
1203 1726 1306 1783 isto
1350 1724 1462 1781 Deo
1499 1719 1721 1780 sabaoth
1743 1764 1757 1789 ,
1788 1720 1930 1793 quod
1956 1721 2123 1775 inter-

538 1833 779 1898 pretatur
801 1825 941 1879 Deus
963 1823 1217 1877 virtutum
1238 1819 1325 1874 vel
1348 1817 1679 1873 exercituum
1703 1831 1718 1881 ;
1749 1814 1871 1884 quia
1900 1813 1977 1867 illi
2001 1828 2119 1867 sere

539 1920 692 1975 viunt
714 1918 937 1973 virtutes
978 1922 1042 1971 et
1085 1914 1350 1969 exercitus
1393 1907 1758 1981 Angelorum?
1784 1907 1909 1978 quid
1934 1906 2120 1961 dicunt

538 2012 609 2069 de
636 2012 739 2068 isto
766 2011 876 2066 Deo
900 2007 1060 2064 Israel
1080 2048 1096 2074 ,
1118 2006 1240 2076 quia
1268 2005 1409 2059 Deus
1429 2012 1512 2059 est
1535 2002 1675 2057 illius
1694 2000 1896 2070 populi,
1925 1998 1991 2053 de
2017 2011 2124 2068 quo

538 2101 687 2157 venit
714 2115 895 2156 semen
918 2139 934 2165 ,
963 2098 1018 2153 in
1046 2112 1152 2168 quo
1180 2094 1622 2152 benedicerentur
1662 2105 1848 2146 omnes
1890 2086 2125 2173 Gentes?

540 2190 648 2248 Cur
670 2191 841 2246 solum
866 2202 974 2244 non
1004 2188 1188 2243 colunt
1205 2226 1220 2251 ,
1250 2184 1341 2256 qui
1365 2198 1551 2239 omnes
1576 2182 1709 2237 deos
1722 2179 1980 2236 colendos
2005 2192 2126 2235 esse

537 2278 899 2338 contendunt?
925 2292 1021 2334 cur
1043 2278 1092 2332 ei
1120 2291 1227 2331 non
1254 2273 1514 2340 credunt,
1543 2272 1631 2343 qui
1661 2271 1793 2326 alios
1811 2269 1942 2325 deos
1961 2267 2125 2323 falsos

537 2382 596 2429 et
611 2371 862 2437 ostendit,
880 2379 934 2425 et
946 2368 1167 2425 evertit?
1191 2365 1381 2421 Audivi
1403 2363 1684 2435 quemdam
1710 2377 1895 2418 eorum
1920 2359 2120 2427 dicere,

538 2476 602 2520 se
630 2462 821 2533 regisse
849 2459 988 2530 apud
1032 2457 1211 2513 nescio
1248 2467 1405 2527 quem
1439 2452 1810 2525 philosophum
1832 2493 1846 2517 ,
1877 2451 2020 2521 quod
2057 2464 2124 2507 ex

538 2552 606 2611 iis
628 2566 746 2623 quae
764 2549 932 2606 Judaei
960 2549 1013 2603 in
1035 2548 1146 2602 suis
1175 2546 1525 2601 sacramentis
1557 2551 1807 2614 agerent,
1837 2542 2125 2597 intellexis-

538 2651 621 2698 set
640 2654 797 2712 quem
819 2640 985 2695 Deum
1002 2638 1279 2693 colerent:
1309 2654 1327 2688 ‹
1360 2635 1707 2705 Praepositum
1726 2676 1741 2701 ,
1766 2634 1968 2704 inquit,
1998 2633 2125 2689 isto-

543 2748 564 2781 ι
610 2746 730 2789 rum
769 2731 1189 2796 elementorum,
1214 2729 1408 2799 quibus
1448 2729 1547 2783 iste
1578 2727 1798 2783 visibilis
1837 2738 1891 2782 et
1934 2741 2126 2798 corpo»

544 2836 565 2872 ε
610 2838 734 2880 reus
756 2821 986 2877 mundus
1030 2828 1331 2875 exstructus
1371 2828 1489 2873 est:
1522 2837 1541 2869 ι
1571 2833 1692 2874 cum
1734 2819 1785 2872 in
1834 2817 2123 2889 Scripturis

539 2914 736 2970 sanctis
777 2910 1165 2982 Prophetarum
1203 2909 1318 2979 ejus
1364 2916 1545 2979 aperte
1591 2907 1924 2972 ostendatur,
1977 2908 2121 2962 illum

543 3003 711 3060 Deum
756 3001 1040 3058 colendum
1068 3009 1395 3072 praeceptum
1440 3014 1559 3055 esse
1587 2999 1783 3069 populo
1814 2998 2005 3067 Israel,
2034 3003 2123 3069 qui

543 3092 666 3151 ﬁtcit
687 3092 879 3147 omium
922 3099 976 3145 et
1006 3100 1203 3145 terram
1222 3131 1236 3154 ,
1262 3097 1316 3143 et
1343 3104 1373 3142 a
1411 3104 1517 3159 quo
1553 3098 1637 3144 est
1676 3078 2002 3144 omnisvera
2030 3104 2121 3145 sa-

540 3183 758 3254 pientia.
780 3181 886 3238 Sed
912 3180 1035 3252 quid
1056 3196 1189 3251 Opus
1209 3190 1292 3234 est
1315 3179 1439 3235 hinc
1465 3180 1663 3235 diutius
1681 3179 1974 3249 disputare,
1999 3196 2119 3236 cum

538 3273 607 3329 ad
636 3272 690 3329 id
712 3272 854 3344 quod
882 3287 980 3342 ago
1006 3271 1234 3326 sul‘liciat
1253 3308 1269 3338 ,
1307 3270 1449 3342 quod
1488 3271 1561 3325 illi
1588 3272 1823 3342 qualibet
1863 3288 2123 3342 praesum-

539 3366 720 3437 ptione
744 3366 1027 3435 opinantur
1056 3363 1123 3418 de
1150 3364 1237 3418 illo
1259 3364 1389 3430 Deo,
1414 3379 1569 3434 quem
1593 3365 1757 3419 Deum
1788 3379 1907 3420 esse
1930 3381 2124 3437 negare

537 3471 648 3511 non
690 3456 944 3528 possunt?
970 3454 1028 3511 Si
1076 3455 1219 3510 enim
1260 3456 1571 3525 praepositus
1610 3463 1692 3510 est
1739 3455 2121 3512 elementorum

537 3548 729 3619 quibus
753 3547 983 3603 mundus
1004 3548 1102 3602 iste
1130 3547 1404 3611 consistit,
1436 3561 1530 3600 cur
1555 3562 1660 3601 non
1693 3547 1805 3617 ipse
1827 3549 2002 3618 potius
2028 3564 2122 3603 co-

540 3636 683 3705 litur,
720 3654 877 3709 quam
919 3637 1224 3708 Neptunus,
1256 3636 1346 3707 qui
1395 3636 1561 3692 solius
1607 3640 1768 3692 maris
1810 3639 2124 3709 praepositus

538 3730 659 3787 est?
688 3746 846 3802 quam
889 3730 1122 3802 denique
1166 3730 1447 3794 Silvanus,
1479 3730 1566 3799 qui
1610 3729 1847 3784 solorum
1874 3746 2122 3801 agrorum

537 3831 699 3894 atque
725 3822 1011 3878 silvarum?
1033 3837 1190 3893 quam
1217 3820 1345 3888 Sol,
1372 3821 1462 3892 qui
1491 3820 1657 3876 solius
1685 3820 1791 3877 dici
1812 3861 1827 3887 ,
1852 3822 1935 3876 vel
1960 3822 2121 3877 etiam

539 3913 773 3969 universi
817 3913 1052 3969 caelestis
1094 3912 1324 3968 caloris?
1360 3927 1517 3982 quam
1562 3911 1740 3977 Luna,
1788 3927 1908 3982 qua:
1958 3912 2123 3968 solius

540 4004 735 4073 noctis,
764 4003 850 4060 vel
878 4002 1038 4058 etiam
1066 4002 1304 4057 humoris
1330 4011 1594 4071 potestate
1619 4000 1936 4071 praefulget?
1961 4018 2119 4072 quam

539 4094 712 4162 Juno,
750 4109 873 4165 qua:
920 4093 1093 4149 solum
1141 4108 1320 4148 aerem
1369 4102 1551 4148 tenere
1598 4093 1940 4163 perhibetur?
1963 4092 2123 4150 Certe

538 4184 681 4240 enim
702 4183 788 4240 isti
814 4184 1039 4254 partium
1060 4183 1362 4255 praepositi,
1386 4183 1706 4253 quicumque
1731 4192 1874 4251 sunt,
1906 4199 2125 4239 necesse

538 4282 624 4330 est
648 4281 705 4329 ut
728 4273 826 4329 sub
852 4273 944 4329 illo
969 4274 1077 4327 sint
1094 4314 1110 4342 ,
1137 4273 1226 4344 qui
1255 4273 1493 4327 omnium
1518 4272 1903 4327 elementorum
1930 4284 1983 4328 et
2004 4275 2124 4328 uni-

538 4379 708 4421 versas
737 4364 895 4434 hujus
922 4364 1078 4419 molis
1120 4364 1524 4434 prteposituram
1560 4361 1716 4432 gerit.
1748 4365 1817 4417 At
1860 4364 1963 4419 iste
2006 4365 2124 4421 illos

538 4471 725 4514 omnes
748 4456 854 4513 coli
878 4456 1125 4526 prohibet
1148 4473 1161 4508 :
1184 4470 1281 4510 cur
1304 4469 1432 4525 ergo
1460 4454 1548 4509 isti
1575 4464 1758 4510 contra
1795 4464 2123 4526 praeceptum

537 4548 758 4618 majoris
795 4547 1038 4613 illorum,
1080 4561 1186 4603 non
1217 4546 1390 4601 solum
1429 4559 1524 4600 eos
1562 4545 1739 4601 colere
1780 4545 1997 4612 volunt,
2029 4548 2124 4602 sed

539 4648 755 4709 propter
783 4639 915 4693 istos
935 4638 1081 4692 illum
1104 4637 1327 4692 nolunt?
1352 4637 1541 4692 Adhuc
1568 4653 1675 4691 non
1704 4638 1981 4693 inveniunt
2000 4639 2123 4708 quid

538 4728 608 4785 de
635 4730 737 4784 isto
763 4728 876 4784 Deo
904 4729 1064 4784 Israel
1080 4736 1391 4784 constanter
1410 4728 1714 4799 liquidoque
1741 4730 2083 4800 pronuntient
2107 4745 2123 4797 ;

539 4838 641 4880 nec
668 4836 901 4895 unquam
932 4821 1239 4887 invenient,
1270 4820 1441 4876 donec
1474 4836 1596 4877 eum
1641 4822 1912 4879 inveniant
1957 4823 2126 4878 Deum

540 4917 713 4973 solum
738 4931 953 4983 verum,
984 4930 1015 4971 a
1037 4930 1143 4987 quo
1173 4923 1350 4971 creata
1377 4925 1502 4970 sunt
1530 4915 1731 4969 omnia.

538 5048 765 5107 CAPUT
806 5047 978 5106 XXX.
1003 5078 1077 5090 —
1104 5047 1241 5103 Deus
1274 5042 1440 5103 Israel
1468 5047 1684 5118 impletis
1711 5046 1988 5120 prophetiis
2011 5048 2125 5119 jam

1107 5140 1290 5211 ubique
1316 5141 1551 5194 innotuit.

610 5254 700 5312 46.
741 5252 971 5310 Proinde
1016 5253 1231 5324 quidam
1282 5251 1527 5305 Lucanus
1573 5264 1797 5320 magnus
1839 5264 2023 5308 eorum
2065 5252 2125 5307 in

539 5348 775 5404 carmine
802 5347 1151 5413 declamator,
1179 5344 1341 5400 credo
1366 5352 1419 5399 et
1446 5344 1559 5415 ipse
1584 5344 1674 5399 diu
1700 5359 1949 5416 quaerens
1968 5387 1983 5413 ,
2013 5348 2125 5403 sive

540 5456 638 5513 per
668 5457 794 5498 suas
818 5441 1166 5511 cogitationes
1186 5478 1200 5501 ,
1227 5438 1341 5491 sive
1369 5452 1464 5506 per
1503 5451 1721 5492 suorum
1751 5439 1917 5494 libros
1936 5480 1951 5503 ,
1975 5440 2123 5510 quis-
2162 5466 2163 5469 η

540 5546 665 5587 nam
695 5540 837 5587 esset
859 5530 1168 5586 Iudaeorum
1200 5527 1369 5593 Deus;
1401 5535 1457 5581 et
1484 5527 1606 5597 quia
1637 5544 1741 5582 non
1786 5529 1871 5599 pie
1916 5544 2126 5600 quaare-

541 5618 667 5687 bat,
696 5636 801 5676 non
853 5620 1173 5684 inveniens;
1203 5616 1385 5672 maluit
1436 5623 1612 5672 tamen
1651 5617 1910 5673 incertum
1960 5618 2124 5673 Deum

541 5726 701 5783 quem
741 5728 851 5769 non
894 5712 1198 5768 inveniebat
1218 5703 1243 5780 ,'
1261 5726 1421 5781 quam
1463 5710 1878 5767 nullum'Deum
1905 5709 2122 5784 dicere,

541 5802 696 5876 citius
725 5813 831 5863 tam
856 5820 1045 5879 magna
1070 5803 1388 5865 documenta
1406 5802 1689 5864 sentiebat.
1720 5803 1812 5863 Ait
1835 5804 1979 5865 enim
2005 5823 2020 5865 :

1298 432 1301 433 ί
1337 346 1428 409 ne
1460 340 1810 410 consensu
1853 332 2499 417 enuticusunus,
2538 346 2596 406 s.
2637 337 3007 408 AUGUSTINI

3672 330 3840 421 nn

2656 463 2709 508 Fl
2729 458 2893 510 dedita
2911 460 3063 511 sterio

2380 519 2555 570 Incerti
2575 519 2738 571 Judea
2758 524 2861 571 Dei.

2748 600 3008 664 (ωαιηιιεο
3032 599 3511 673 “iw/5'an

2228 673 2296 733 Et
2322 677 2556 735 nondum
2583 679 2725 738 Dens
2761 697 2868 739 Isrs
2885 693 3102 741 sanctus
3140 693 3197 742 et
3233 702 3391 745 verus
3424 689 3567 747 Deus
3605 689 3812 766 Israel,

2228 768 2466 855 nondum
2493 785 2589 841 per
2605 770 2804 829 Christi
2823 788 3020 830 nomen
3046 782 3192 832 tanta
3217 777 3273 834 in
3294 780 3545 839 omnibus
3565 786 3817 855 gentibus

2229 854 2450 927 fecerat,
2468 870 2666 931 quanta
2692 877 2862 934 usque
2886 865 2938 919 in
2965 866 3281 925 hodiernum
3306 870 3449 928 diem
3474 854 3593 944 post
3616 876 3820 935 Lucani

2230 955 2471 1019 tempora
2499 962 2781 1008 consecuta
2826 964 2971 1010 sunt.
2996 954 3150 1013 Nunc
3189 974 3318 1015 vero
3359 964 3478 1032 quis
3517 973 3625 1021 tam
3650 967 3821 1025 durus

2228 1057 2336 1098 non
2361 1041 2641 1114 ﬂectatur?
2664 1048 2784 1116 quis
2816 1056 2922 1102 tam
2952 1051 3191 1121 torpidus
3223 1053 3240 1084 ¹
3270 1069 3375 1110 non
3399 1056 3659 1127 ignescat,
3689 1076 3817 1116 cum

2228 1131 2478 1202 impletur
2509 1135 2649 1205 quod
2677 1139 2933 1207 scriptum
2962 1149 3065 1208 est,
3096 1144 3214 1212 quia
3244 1160 3345 1199 non
3383 1156 3459 1200 est
3490 1148 3576 1220 qui
3612 1166 3668 1204 se
3703 1152 3821 1206 abs-

2229 1225 2413 1280 condat
2440 1244 2473 1280 a
2511 1229 2682 1283 calore
2703 1230 2854 1299 ejus?
2877 1232 3088 1302 quando
3107 1235 3217 1304 jam
3238 1236 3533 1293 clarissima
3553 1241 3674 1297 luce
3699 1256 3820 1298 ma-

2228 1314 2547 1372 nifestantur
2585 1334 2703 1389 quae
2732 1320 2785 1374 in
2812 1321 3001 1378 eodem
3033 1324 3269 1394 psalmo,
3315 1328 3458 1387 unde
3496 1331 3819 1389 versiculum

2233 1407 2396 1463 istum
2423 1412 2840 1467 commemoravi
2858 1450 2874 1480 ,
2907 1421 3057 1469 tanto
3083 1424 3207 1472 ante
3230 1418 3485 1488 praedicta
3511 1423 3668 1476 sunt?
3690 1422 3821 1480 Cm-

2229 1498 2403 1555 lorum
2432 1500 2574 1555 enim
2602 1502 2818 1559 nomine
2845 1496 3089 1574 Apostoli
3117 1506 3317 1562 Christi
3340 1510 3618 1579 signiticati
3655 1523 3818 1582 sunt,

2228 1590 2461 1660 quodin
2496 1592 2576 1647 eis
2606 1593 2745 1649 Deus
2783 1596 3129 1666 praesideret,
3158 1607 3215 1653 ut
3236 1600 3581 1672 Evangelium
3605 1619 3819 1661 annun-

2229 1681 2444 1737 tiarent.
2485 1682 2602 1738 Jam
2624 1700 2751 1756 ergo
2787 1686 2910 1742 emli
2948 1698 3333 1745 enarraverunt
3352 1691 3577 1761 gloriam
3606 1695 3735 1763 Dei,
3764 1704 3821 1752 et

2230 1786 2395 1843 opera
2435 1788 2688 1830 manuum
2725 1776 2840 1847 ejus
2883 1780 3216 1835 annuntiavit
3250 1781 3664 1841 ﬁrmamentum.
3693 1788 3820 1844 Dies

2229 1860 2337 1922 diei
2365 1869 2623 1923 eructavit
2646 1870 2889 1938 verbum,
2908 1879 2963 1926 et
2986 1887 3091 1927 nox
3118 1874 3262 1929 nocti
3285 1876 3619 1933 annuntiavit
3642 1880 3823 1936 scien-

2232 1957 2380 2020 tiam.
2407 1954 2522 2013 Jam
2542 1972 2647 2012 non
2669 1969 2793 2014 sunt
2818 1958 3042 2030 loquelze
3070 1977 3244 2033 neque
3263 1979 3562 2033 sermones,
3584 1984 3815 2039 quorum

2230 2062 2337 2103 non
2367 2048 2650 2104 audiantur
2695 2064 2853 2106 voces
2878 2066 3086 2107 eorum.
3124 2054 3244 2109 Iam
3279 2056 3331 2111 in
3358 2072 3573 2113 omnem
3619 2068 3818 2117 terram

2230 2139 2394 2195 exivit
2435 2154 2601 2197 sonus
2639 2157 2856 2211 eorum,
2896 2152 2952 2200 et
2987 2144 3039 2201 in
3081 2144 3214 2202 lines
3263 2148 3410 2206 orbis
3457 2160 3613 2208 terra:
3654 2152 3821 2209 verba

2229 2243 2438 2285 eorum.
2468 2230 2585 2286 Jam
2613 2231 2667 2287 in
2692 2232 2826 2298 sole,
2847 2233 2948 2290 hoc
2973 2226 3129 2291 estin
3159 2238 3615 2311 manifestatione,
3639 2244 3821 2315 posuit

2232 2318 2631 2375 tabernaculum
2659 2337 2810 2377 suum
2832 2362 2848 2388 ,
2875 2323 3017 2394 quod
3044 2333 3128 2380 est
3153 2326 3392 2384 Ecclesia
3432 2330 3617 2400 ipsius.
3645 2332 3820 2402 Quia,

2229 2418 2291 2464 ut
2333 2409 2437 2465 hoc
2477 2409 2708 2479 faceret,
2752 2411 2898 2483 ipse,
2930 2415 3066 2471 sicut
3110 2415 3184 2472 ibi
3243 2418 3501 2489 sequitur,
3562 2430 3824 2495 tanquam

2229 2516 2457 2573 sponsus
2484 2506 2746 2576 processit
2765 2506 2832 2563 de
2860 2508 3094 2564 thalamo
3113 2524 3229 2577 suo,
3252 2511 3306 2567 id
3333 2523 3444 2580 est,
3474 2516 3821 2588 conjugatum

2230 2593 2461 2650 Verbum
2486 2597 2632 2651 carni
2662 2596 2905 2653 humana:
2949 2602 3212 2670 processit
3253 2601 3323 2658 de
3368 2613 3519 2661 utero
3547 2608 3820 2679 virginali.

2227 2683 2345 2741 Iam
2396 2688 2683 2771 exsultavit
2727 2698 2785 2745 ut
2827 2691 3009 2762 gigas,
3039 2700 3095 2749 et
3131 2696 3365 2751 cucurrit
3418 2699 3581 2753 viam.
3628 2700 3749 2756 Iam
3788 2717 3821 2757 a

2228 2793 2438 2835 summo
2466 2781 2756 2838 cmli'l'acta
2795 2792 2876 2839 est
2899 2787 3135 2856 egressio
3169 2790 3314 2858 ejus,
3336 2799 3391 2844 et
3429 2806 3674 2848 recursus
3700 2796 3824 2865 ejus

2228 2885 2397 2941 usque
2422 2872 2489 2927 ad
2518 2888 2785 2929 summum
2814 2877 2957 2932 caeli.
2992 2878 3057 2932 Et
3084 2879 3205 2934 ideo
3243 2882 3541 2938 rectissime
3577 2884 3825 2955 seqmtur

2227 2976 2442 3026 versus,
2473 2977 2631 3033 quem
2669 2967 2824 3035 paulo
2867 2975 2992 3023 ante
3032 2973 3481 3039 commemoravi,
3511 2973 3581 3028 Et
3610 2992 3713 3030 non
3746 2986 3824 3032 est

2228 3054 2315 3123 qui
2333 3070 2388 3107 se
2406 3053 2679 3109 abscondat
2704 3073 2733 3110 a
2759 3058 2925 3112 calore
2952 3060 3060 3130 ejus
3077 3059 3250 3131 (Psal.
3280 3079 3429 3130 xvm,
3462 3066 3604 3137 1-7).
3637 3068 3702 3122 Et
3723 3066 3827 3124 ad-

2230 3144 2335 3201 huc
2368 3146 2454 3200 isti
2483 3146 2698 3219 fragiles
2720 3151 3261 3209 contradictiunculas
3286 3158 3582 3227 garrientes
3608 3161 3825 3232 eligunt

2230 3235 2332 3291 isto
2359 3236 2510 3306 igne,
2540 3239 2677 3293 sicut
2717 3241 2912 3310 stipula
2953 3243 3005 3297 in
3036 3244 3269 3300 cinerem
3300 3248 3466 3314 verti,
3496 3265 3655 3320 quam
3680 3252 3827 3309 sicut

2228 3341 2415 3382 aurum
2440 3343 2471 3383 a
2498 3330 2655 3385 sorde
2681 3334 2891 3403 purgari
2925 3353 2938 3389 :
2965 3350 3085 3390 cum
3112 3346 3166 3392 et
3184 3338 3410 3395 deorum
3437 3340 3689 3399 falsorum
3704 3346 3825 3415 jam

2231 3415 2436 3472 fallacia
2458 3433 2801 3476 monumenta
2825 3424 3072 3479 frustrata
3093 3427 3234 3494 sint,
3257 3438 3311 3484 et
3337 3430 3478 3486 illius
3506 3433 3694 3490 incerti
3722 3436 3825 3491 Dei

2234 3508 2443 3562 veracia
2473 3510 2737 3579 promissa
2759 3522 2902 3568 certa
2920 3513 3030 3585 jam
3061 3515 3198 3573 facta
3226 3519 3354 3575 sint.

2309 3599 2534 3656 CAPUT
2564 3602 2755 3658 XXXI.
2776 3635 2848 3645 —
2869 3606 3147 3680 Pr0phetia
3174 3612 3237 3665 de
3258 3611 3455 3668 Christo
3483 3617 3717 3687 impleta.

2300 3694 2389 3747 47.
2430 3693 2685 3751 Desinant
2718 3712 2845 3768 ergo
2877 3698 3059 3757 dicere
3089 3703 3215 3757 mali
3254 3705 3556 3763 laudatores
3588 3707 3821 3780 Christi,

2228 3783 2319 3852 qui
2362 3784 2552 3841 nolunt
2587 3802 2707 3843 esse
2743 3788 3052 3860 christiani,
3097 3795 3237 3864 quod
3278 3796 3520 3855 Christus
3566 3816 3674 3858 non
3714 3803 3826 3860 do-

2228 3874 2399 3929 cuerit
2439 3875 2570 3931 deos
2614 3892 2797 3933 eorum
2845 3881 3058 3952 deseri,
3105 3893 3161 3941 et
3200 3887 3481 3946 simulacra
3527 3893 3821 3967 confringi.

2228 3962 2370 4019 Deus
2406 3967 2549 4022 enim
2584 3968 2775 4037 Israel,
2815 3972 2883 4027 de
2916 3989 3022 4044 quo
3061 3977 3371 4046 prmdictum
3397 3993 3480 4038 est
3503 3986 3644 4055 quod
3675 3962 3827 4044 De'us

2229 4056 2491 4112 universa:
2517 4067 2673 4115 terrae
2695 4062 2987 4131 vocabitur,
3012 4078 3066 4122 et
3086 4068 3225 4125 Deus
3247 4072 3513 4130 universa:
3534 4084 3690 4134 terra:
3705 4079 3827 4150 jam

2227 4159 2476 4243 vocatur;
2504 4150 2604 4206 hoc
2624 4168 2719 4223 per
2742 4155 3033 4226 Prophetas
3057 4159 3289 4218 futurum
3310 4166 3579 4236 praedixit,
3602 4169 3705 4226 hoc
3722 4187 3829 4243 per

2229 4236 2501 4294 Christum
2542 4256 2777 4313 congruo
2813 4255 3052 4318 tempore
3093 4251 3350 4324 implevit.
3392 4257 3548 4315 Certe
3587 4236 3744 4317 enim
3775 4265 3825 4319 si

2224 4327 2338 4399 jam
2379 4330 2519 4386 Deus
2558 4331 2756 4402 Israel,
2800 4337 2941 4394 Deus
2977 4341 3238 4399 universae
3265 4354 3422 4402 terras
3452 4358 3691 4418 vocatur,
3726 4367 3829 4409 ne-

2229 4432 2382 4476 cesse
2406 4429 2488 4476 est
2514 4432 2573 4477 ut
2600 4423 2692 4479 liat
2715 4428 2854 4496 quod
2875 4429 3064 4499 jussit,
3097 4435 3311 4503 quando
3336 4438 3424 4508 qui
3440 4439 3629 4509 jussit,
3660 4444 3825 4500 inno-

2231 4509 2349 4599 tuit.
2373 4510 2508 4578 Quia
2534 4526 2660 4568 vero
2682 4530 2779 4584 per
2799 4516 3067 4575 Christum
3094 4531 3148 4577 ct
3171 4524 3225 4579 in
3248 4525 3462 4583 Christo
3482 4529 3735 4599 innotuit,
3764 4542 3828 4591 ut

2232 4597 2469 4693 Ecclesia
2510 4600 2626 4672 ejus
2665 4619 2759 4674 per
2791 4606 2972 4662 orbem
3009 4609 3410 4684 dill‘underetur,
3442 4627 3497 4674 et
3523 4634 3621 4690 per
3648 4597 3827 4693 ipsam

2231 4688 2375 4782 Deus
2404 4690 2562 4748 Israel
2589 4694 2847 4752 universae
2876 4707 3031 4755 terra:
3057 4714 3352 4773 vocaretur,
3384 4688 3546 4778 paulo
3572 4688 3828 4782 superius

2230 4781 2373 4852 apud
2409 4784 2655 4841 eumdem
2694 4791 3006 4859 pr0phetam
3036 4794 3213 4865 legant
3240 4798 3330 4868 qui
3359 4801 3547 4857 volunt
3578 4820 3592 4857 :
3627 4781 3739 4862 imo
3769 4816 3828 4863 et

2230 4888 2261 4928 a
2292 4890 2379 4931 me
2405 4890 2871 4936 commemoretur.
2903 4882 3084 4955 Neque
3111 4889 3253 4944 enim
3284 4892 3353 4946 ita
3381 4892 3597 4965 longum
3628 4907 3731 4965 est,
3769 4909 3829 4956 ut
3842 4914 3851 4917 “

2232 4977 2475 5061 oporteat
2512 4973 2865 5061 praetermitti.
2904 4976 3160 5034 Dicuntur
3195 4983 3338 5037 enim
3372 4987 3535 5041 multa
3571 4987 3641 5044 de
3682 5006 3815 5061 pra:-

2231 5059 2403 5151 sentia
2445 5067 2501 5114 et
2538 5060 2833 5118 humilitate
2871 5076 2927 5121 et
2962 5069 3209 5136 passione
3241 5070 3470 5141 Christi,
3505 5085 3561 5132 et
3594 5059 3829 5151 corpore

2231 5150 2382 5245 ejus,
2414 5151 2499 5207 cui
2524 5163 2683 5224 caput
2707 5164 2824 5224 est,
2856 5157 2909 5212 id
2937 5169 3020 5214 est
3046 5160 3114 5217 de
3140 5162 3379 5220 Ecclesia
3400 5168 3516 5238 ejus
3536 5211 3550 5237 ,
3578 5150 3709 5227 cum
3731 5190 3824 5245 θρα

2230 5242 2460 5313 pellatur
2485 5252 2734 5316 tanquam
2760 5250 2959 5306 sterilis
2984 5268 3103 5322 qua:
3129 5271 3235 5311 non
3265 5260 3519 5327 pariebat.
3549 5263 3653 5320 Per
3682 5242 3823 5323 mul-

2232 5344 2318 5392 tos
2346 5336 2489 5392 enim
2517 5354 2686 5395 annos
2713 5340 2974 5412 Ecclesia,
3005 5362 3123 5417 qua:
3150 5348 3323 5406 futura
3352 5363 3466 5409 erat
3494 5355 3546 5411 in
3576 5361 3828 5417 omnibus

2231 5427 2491 5484 Gentibus
2530 5430 2581 5485 in
2612 5430 2734 5487 ﬁliis
2763 5435 2908 5501 suis,
2949 5436 3052 5493 hoc
3087 5448 3166 5495 est
3214 5441 3265 5496 in
3287 5446 3487 5501 sanctis
3526 5449 3673 5516 suis,
3717 5467 3826 5508 non

2231 5522 2503 5591 apparuit,
2550 5525 2785 5581 nondum
2821 5526 3035 5586 Christo
3072 5536 3385 5591 annuntiato
3410 5554 3505 5608 per
3540 5541 3827 5614 Evangeli-

2231 5620 2363 5703 stas,
2396 5614 2474 5670 eis
2494 5617 2685 5683 quibus
2703 5634 2807 5674 non
2832 5631 2915 5676 est
2931 5627 3274 5682 annuntiatus
3298 5642 3395 5699 per
3417 5630 3752 5703 Prophetas:
3774 5646 3827 5692 et

2178 5697 2429 5844 ixdicitur
2458 5706 2635 5776 plures
2666 5710 2802 5765 ﬁlios
2829 5711 3056 5770 deserta:
3085 5697 3323 5785 futuros,
3363 5697 3543 5791 quam-
3558 5724 3677 5798 ejus
3705 5743 3827 5800 qua

2345 5823 2421 5871 Er.
2449 5828 2500 5874 et
2521 5828 2651 5888 ων..
2673 5822 2877 5890 tepidus.
2906 5833 3001 5880 Rat.
3031 5837 3232 5899 et_Mss.,
3257 5832 3493 5899 torpidus.
3528 5901 3535 5906 α
