4082 6532
832 393 857 409 ν’

352 447 491 507 1065

354 563 512 617 habet
531 560 730 626 virum;
751 557 901 629 cujus
921 556 1022 613 viri
1042 555 1254 612 nomine
1273 554 1563 627 signiﬁcata
1583 562 1665 611 est
1688 553 1820 622 Lex,
1842 554 1927 633 vel

352 653 465 710 Rex
491 667 646 723 quem
672 652 874 719 accepit
897 644 1101 719 primus
1122 648 1344 719 populus
1364 647 1524 703 Israel
1551 665 1563 703 :
1588 662 1683 700 nec
1704 660 1926 716 accepe-

350 754 471 800 rant
498 751 682 813 gentes
708 741 901 811 Legem
931 756 996 796 eo
1024 748 1259 809 tempore
1278 779 1295 805 ,
1322 755 1427 809 quo
1458 737 1711 808 propheta
1742 736 1926 805 loque-

348 835 542 901 batur;
586 849 755 903 neque
792 832 902 886 Rex
945 831 1361 886 Christianorum
1401 836 1715 900 apparuerat
1754 826 1927 881 adhuc

349 924 627 989 Gentibus,
660 939 725 979 ex
753 922 944 993 quibus
968 931 1142 978 tamen
1173 921 1430 977 Gentibus
1457 922 1607 989 longe
1628 918 1851 973 fertilior
1874 924 1929 971 et

350 1016 684 1071 numerosior
720 1022 1023 1070 sanctorum
1059 1011 1339 1067 multitudo
1376 1011 1635 1081 prex-enit.
1680 1006 1755 1064 Ita
1800 1022 1929 1078 ergo

349 1106 479 1162 dicit
520 1106 713 1170 Isaias,
752 1105 1007 1174 incipiens
1039 1103 1107 1157 ab
1144 1102 1437 1156 humilitate
1463 1100 1481 1133 ι
1517 1099 1749 1165 Christi,
1788 1107 1843 1153 et
1870 1112 1929 1152 se

349 1207 533 1269 postca
573 1204 887 1252 convertens
921 1194 987 1249 ad
1027 1192 1395 1263 alloquendam
1432 1190 1723 1245 Ecclesiam
1761 1203 1928 1258 usque

349 1289 416 1344 ad
445 1304 566 1344 eum
594 1302 801 1343 versum
828 1300 985 1357 quem
1014 1282 1575 1346 commemoravimus,
1608 1279 1696 1333 ubi
1723 1279 1828 1343 ait,
1860 1275 1930 1330 Et

349 1398 434 1452 qui
454 1382 580 1436 eruit
603 1390 648 1433 te
662 1420 678 1444 ,
701 1379 808 1450 ipse
833 1376 970 1431 Deus
992 1374 1190 1452 Israel,
1211 1375 1454 1428 universae
1476 1383 1622 1427 terrm
1638 1370 1927 1425 vocabitur:

351 1450 503 1537 Ecce,
538 1470 724 1540 inquit,
756 1469 808 1522 in
838 1450 1088 1521 intellectu
1114 1467 1244 1521 erit'
1275 1482 1398 1537 puer
1426 1481 1581 1529 meus,
1613 1472 1659 1517 et
1688 1460 1930 1517 exaltabi-

351 1576 455 1624 tur.
486 1573 530 1618 et
559 1562 971 1632 honoriﬁcabitur
992 1561 1320 1615 vehementer.
1367 1557 1630 1623 Quomodo
1660 1556 1803 1609 multi
1832 1554 1929 1606 mi-

350 1658 594 1711 rabuntur
625 1671 776 1725 super
806 1662 884 1719 te,
925 1652 996 1706 sic
1030 1661 1194 1706 tamen
1221 1660 1267 1705 et
1295 1650 1557 1703 inhonesta
1594 1646 1838 1701 videbitur
1865 1643 1927 1697 ab

351 1748 578 1802 omnibus
614 1745 800 1816 species
836 1752 949 1807 tua,
989 1753 1035 1797 et
1072 1743 1229 1796 honor
1266 1750 1380 1794 tuus
1414 1739 1475 1792 ab
1514 1738 1810 1793 hominibus.
1845 1734 1930 1789 Ita

346 1838 481 1897 enim
505 1834 818 1894 mirabuntur
837 1842 1007 1908 gentes
1026 1834 1197 1886 multa:
1215 1847 1365 1900 super
1388 1846 1520 1895 eum,
1546 1840 1591 1882 et
1610 1826 1929 1882 continebant

346 1949 487 2003 reges
516 1948 571 1985 os
600 1945 762 1984 suunt.
810 1928 1057 1993 Quoniam
1091 1921 1269 1993 quibus
1314 1937 1415 1978 non
1452 1928 1520 1973 est
1555 1920 1839 1972 nuntiatum
1867 1916 1931 1969 de

347 2025 460 2089 illo,
479 2024 743 2085 videbunt;
760 2029 804 2074 et
829 2020 913 2090 qui
940 2036 1039 2072 non
1061 2018 1344 2077 audierunt,
1368 2012 1666 2084 intelligent.
1691 2008 1924 2074 Domine,

347 2116 458 2186 quis
494 2113 702 2170 credidit
744 2110 940 2165 auditui
980 2109 1191 2163 nostro?
1222 2117 1268 2161 et
1304 2105 1563 2159 brachium
1602 2100 1807 2154 Domini
1847 2099 1929 2152 cui

346 2207 617 2262 revelatum
652 2204 763 2258 est?
806 2200 1163 2256 Nuntiavimus
1203 2214 1374 2252 coram
1412 2194 1535 2259 illo,
1576 2202 1628 2246 ut
1671 2204 1828 2261 puer.
1875 2196 1931 2242 ut

349 2300 500 2354 radix
524 2298 577 2350 in
605 2305 736 2349 terra
761 2293 946 2348 sitienti
974 2307 1113 2346 :non
1138 2298 1207 2343 est
1231 2288 1417 2358 species
1441 2286 1539 2351 illi,
1570 2299 1726 2353 neque
1746 2283 1927 2335 honor.

352 2391 420 2446 Et
439 2389 651 2445 vidimus
670 2388 832 2448 illum,
856 2394 902 2439 et
927 2400 1027 2438 non
1055 2381 1225 2435 habuit
1251 2380 1461 2450 speciem
1485 2393 1640 2441 neque
1662 2374 1889 2427 decorem
1910 2387 1929 2426 :

347 2484 436 2535 sed
474 2479 636 2533 vultus
671 2480 779 2547 ejus
820 2472 1042 2545 abjectus
1082 2479 1129 2524 et
1173 2468 1444 2539 deformis,
1492 2464 1672 2535 positio
1715 2464 1821 2534 ejus
1866 2463 1929 2515 ab

350 2572 577 2628 omnibus
606 2566 925 2632 hominibus;
955 2566 1102 2617 homo
1131 2563 1182 2615 in
1213 2561 1366 2631 plaga
1385 2600 1401 2626 ,
1443 2567 1489 2612 et
1527 2558 1609 2628 qui
1644 2557 1769 2610 sciat
1800 2558 1930 2626 ferre

350 2663 685 2731 inﬁrmitates,
714 2666 915 2732 prOpter
940 2656 1073 2724 quod
1097 2664 1145 2708 et
1171 2653 1347 2707 avertit
1373 2667 1425 2704 se
1455 2649 1606 2721 facies
1635 2648 1762 2717 ejus,
1788 2647 1929 2715 inju-

349 2756 480 2808 riata
508 2762 597 2815 est,
627 2766 716 2805 nec
742 2748 909 2819 magni
934 2747 1182 2802 aestimata
1212 2752 1301 2797 est.
1338 2742 1435 2795 Hic
1464 2740 1780 2809 inﬁrmitates
1834 2752 1932 2790 no-

350 2854 480 2898 stras
508 2851 692 2914 portat,
719 2849 764 2895 et
790 2856 881 2910 pro
908 2837 1115 2892 nobisin
1136 2834 1390 2889 doloribus
1419 2840 1510 2887 est.
1541 2829 1607 2885 Et
1637 2847 1727 2884 nos
1756 2829 1932 2883 existi-

350 2938 593 2993 mavimus
612 2936 757 2991 illum
781 2936 832 2989 in
854 2934 1112 2989 doloribus
1141 2948 1262 2997 esse,
1297 2940 1343 2986 et
1364 2931 1417 2984 iu
1446 2928 1599 3001 plaga
1622 2938 1667 2983 et
1692 2928 1743 2982 in
1764 2945 1930 3000 pinna.

352 3029 474 3101 Ipse
488 3039 652 3084 autem
678 3029 963 3083 vulneratus
982 3036 1052 3081 est
1074 3033 1281 3097 prapter
1290 3034 1494 3093 peccata
1515 3032 1705 3089 nostra,
1720 3030 1763 3075 et
1788 3022 1838 3074 in
1843 3021 1936 3090 ﬁr-

352 3133 517 3178 matus
559 3131 629 3177 est
674 3130 876 3191 prapter
922 3119 1204 3190 iniquitates
1246 3124 1464 3169 nostras.
1518 3114 1749 3168 Eruditio
1795 3115 1934 3183 pacis

353 3224 538 3269 nostrae
559 3214 612 3267 in
636 3229 768 3274 eum,
802 3212 954 3265 livore
981 3211 1088 3280 ejus
1113 3208 1277 3262 sanati
1304 3222 1497 3261 sumus.
1530 3204 1715 3259 Omnes
1740 3215 1793 3259 ut
1822 3221 1935 3259 oues

351 3306 653 3369 erravimus,
696 3313 742 3357 et
776 3303 1021 3355 Dominus
1050 3300 1256 3353 tradidit
1286 3298 1428 3351 illum
1454 3314 1545 3367 pro
1595 3298 1807 3367 peccatis
1838 3314 1934 3351 no—

359 3396 496 3449 stris.
525 3394 590 3449 Et
609 3396 716 3465 ipse
735 3394 968 3465 quoniam
992 3392 1123 3445 male
1147 3399 1384 3443 tractatus
1407 3398 1607 3455 est,non
1631 3392 1824 3457 aperuit
1848 3405 1935 3445 os:

354 3499 407 3542 ut
435 3489 539 3542 ovis
564 3488 630 3540 ad
652 3486 1013 3539 immolandum
1036 3485 1212 3537 ductus
1237 3492 1329 3544 est,
1359 3491 1405 3536 et
1425 3489 1476 3535 ut
1499 3498 1658 3551 agnus
1685 3490 1799 3535 ante
1821 3498 1935 3535 eum

351 3581 436 3649 qui
465 3596 517 3633 se
543 3578 767 3632 tonderet
797 3578 893 3649 fuit
921 3576 1027 3630 sine
1049 3591 1165 3628 voce
1184 3616 1198 3641 ,
1226 3575 1297 3627 sic
1329 3590 1429 3626 non
1458 3573 1655 3640 aperuit
1685 3588 1739 3625 os
1767 3589 1930 3626 suum.

352 3670 420 3724 In
451 3671 729 3724 humilitate
755 3670 1007 3723 sublatunt
1036 3675 1107 3721 est
1128 3665 1383 3735 judicium
1401 3665 1527 3734 ejus.
1556 3662 1935 3718 Generationem

352 3762 462 3832 ejus
482 3760 591 3828 quis
611 3758 902 3814 enarrabit?
925 3756 1175 3820 Quoniam
1201 3755 1402 3808 tolletur
1424 3754 1485 3806 de
1512 3763 1644 3807 terra
1666 3753 1765 3806 vita
1791 3754 1935 3823 ejus:

352 3846 414 3905 ab
441 3851 783 3921 iniquitatibus
812 3849 986 3920 pepuli
1012 3848 1109 3901 ntei
1137 3847 1316 3901 ductus
1344 3856 1414 3901 est
1444 3846 1510 3899 ad
1536 3855 1760 3899 mortem.
1794 3845 1935 3900 Dabo

352 3961 471 4014 ergo
503 3945 660 3998 malos
697 3952 899 4015 propter
933 3941 1243 4010 sepulturam
1277 3942 1385 4007 eius
1406 3981 1418 4001 ,
1459 3949 1506 3992 et
1531 3939 1706 3992 divites
1735 3949 1937 4010 propter

352 4046 559 4088 mortem
585 4036 722 4105 ejus;
744 4033 804 4087 ob
825 4034 918 4086 hoc
935 4031 1068 4102 quod
1084 4031 1394 4100 iniquitatem
1414 4046 1511 4083 non
1529 4030 1713 4096 fecerit,
1737 4046 1825 4081 nec
1845 4032 1936 4083 do-

352 4127 460 4182 lum
484 4130 536 4181 in
561 4143 646 4181 ore
668 4143 779 4181 suo.
809 4124 1052 4178 Dominus
1068 4121 1171 4175 vult
1192 4137 1410 4192 purgare
1430 4120 1575 4173 illunt
1596 4119 1657 4173 de
1683 4120 1852 4190 plaga.
1875 4120 1935 4174 Si

352 4220 588 4273 dederitis
616 4235 698 4271 vos
724 4217 783 4271 ob
810 4210 991 4270 delicta
1018 4225 1179 4268 vestra
1209 4214 1426 4267 animam
1451 4222 1680 4277 vestram,
1710 4213 1933 4266 videbitis

351 4327 518 4365 semen
542 4310 843 4380 longissimae
866 4307 997 4361 vitae.
1025 4305 1088 4359 Et
1108 4305 1211 4359 vult
1241 4304 1485 4357 Dominus
1505 4303 1702 4373 auferre
1730 4320 1761 4355 a
1787 4303 1932 4357 dolo-

352 4402 489 4455 ribus
517 4402 733 4453 auintant
760 4401 884 4470 ejus,
920 4397 1177 4451 ostendere
1199 4394 1277 4453 illi
1306 4395 1493 4459 lucem,
1527 4404 1571 4446 et
1600 4395 1822 4465 ﬁgurare
1842 4411 1935 4464 per

352 4507 583 4554 sensum,
607 4490 892 4560 justi/icore
911 4490 1106 4558 justum
1136 4488 1254 4540 bene
1282 4486 1572 4539 servientem
1598 4485 1859 4554 pluribus;
1887 4493 1933 4537 et

355 4590 557 4649 peccata
592 4580 791 4633 illorum
828 4582 935 4650 ipse
972 4577 1249 4632 sustinebit.
1285 4576 1561 4645 Propterea
1584 4576 1692 4645 ipse
1716 4576 1931 4629 haeredi-

354 4670 475 4724 tabit
516 4670 826 4740 complures,
869 4677 915 4722 et
957 4668 1162 4738 fortium
1205 4667 1445 4735 partietur
1482 4663 1665 4733 spolia.
1715 4663 1934 4731 Propter

353 4742 488 4831 quod
512 4760 694 4814 tradita
723 4767 793 4813 est
822 4759 887 4811 ad
913 4766 1119 4811 mortem
1147 4758 1314 4810 anima
1346 4757 1453 4825 ejus
1470 4796 1487 4821 ,
1512 4764 1555 4808 et
1583 4756 1713 4808 inter
1736 4756 1932 4825 iniquos

353 4851 598 4904 testimata
624 4858 696 4903 est
718 4864 735 4900 :
755 4858 801 4901 et
829 4847 936 4917 ipse
957 4857 1158 4909 peccata
1183 4847 1451 4898 multorum
1471 4845 1724 4911 sustinuit,
1747 4855 1793 4899 et
1814 4863 1932 4915 pro-

356 4950 464 5010 pter
501 4941 786 5010 iniquitates
823 4956 992 4994 eorum
1033 4936 1245 4991 traditus
1279 4946 1369 4989 est.
1413 4933 1706 5003 Delectare,
1750 4938 1932 4993 sterilis

353 5049 468 5103 quia
487 5050 585 5085 non
609 5032 744 5099 paris
762 5045 781 5094 ;
801 5029 995 5085 exsulta
1014 5038 1059 5081 et
1080 5028 1262 5093 clama,
1294 5042 1404 5095 qua:
1421 5043 1519 5079 non
1540 5028 1756 5097 parturis
1769 5045 1786 5093 ;
1813 5030 1932 5098 quia

354 5124 500 5176 multi
526 5123 618 5190 ﬁlii
645 5122 855 5176 deserta:
873 5163 888 5187 ,
935 5121 1093 5191 magis
1132 5135 1282 5189 quam
1307 5119 1415 5189 ejus
1442 5135 1554 5187 qua:
1579 5117 1721 5172 habet
1749 5121 1928 5174 virum.

358 5216 497 5270 Dixit
532 5217 663 5270 enim
703 5215 952 5269 Dominus
971 5256 985 5279 ,
1024 5215 1193 5267 Dilata
1221 5212 1385 5267 locum
1414 5214 1719 5268 tabernaculi
1749 5217 1858 5283 tui,
1884 5202 1942 5271 et,

355 5309 502 5360 aulas
529 5307 549 5338 ⁸
576 5317 687 5362 tuas
713 5308 940 5378 conﬁge;
972 5324 1070 5360 non
1094 5316 1164 5360 est
1189 5307 1320 5375 quod
1351 5323 1529 5375 parcas
1556 5323 1575 5358 :
1602 5309 1798 5379 porrige
1822 5310 1932 5364 lon-

353 5401 466 5471 gius
495 5400 745 5470 {uniculos
765 5441 778 5465 ,
817 5409 863 5453 et
894 5400 1035 5469 palos
1064 5398 1253 5452 validos
1280 5399 1539 5452 constitue.
1580 5398 1750 5453 Etiam
1788 5411 1933 5471 atque

418 5514 434 5543 ι
461 5512 704 5582 ξῇαεᾱὶιίο
728 5518 825 5561 ttat.
845 5508 1217 5574 suifragantibus
1232 5515 1338 5559 Mss.
1362 5516 1417 5560 Αι
1430 5516 1503 5559 Er.
1544 5516 1596 5559 et
1616 5516 1748 5571 Lov.,
1771 5511 1830 5561 ab
1846 5513 1935 5563 hu-

350 5580 596 5623 manttate.

417 5638 437 5667 ³
463 5642 570 5684 Mss.
594 5642 804 5697 Septem,
823 5632 1110 5697 intellectum
1133 5630 1375 5695 intelliget.

421 5698 441 5728 ³
466 5704 538 5745 Er.
567 5705 617 5746 et
639 5688 745 5746 lbv.
766 5688 985 5757 ,'caulas.
1013 5703 1110 5744 ttat.
1134 5708 1248 5744 vero
1278 5688 1329 5744 et
1349 5702 1456 5744 Mss.
1482 5707 1631 5757 prope
1654 5708 1824 5745 omnes
1849 5696 1934 5746 ha-
1998 5688 2005 5695 ’

356 5757 511 5817 bent,
555 5758 690 5820 aulas
719 5756 937 5820 :Quihus
980 5757 1287 5820 consentiunt
1327 5756 1519 5820 codices
1562 5756 1658 5805 non
1702 5760 1839 5820 pauci
1883 5759 1932 5808 in

356 5774 480 5807 ῡεῐιι
496 5792 511 5817 ν
555 5774 690 5808 αυιαδ
719 5774 736 5808 .'
795 5774 937 5807 lIlIlllS
980 5774 1287 5806 οοηδθιιιιιιιιι
1327 5774 1519 5806 0001088
1562 5774 1658 5805 [1011
1702 5774 1839 5820 pauet
1883 5774 1932 5808 Ill

350 5821 497 5935 ἕξει.
523 5819 702 5931 ίοῦἇδη.
724 5774 813 5881 ίὲς
837 5834 932 5883 quo
954 5826 1116 5868 tamen
1139 5818 1243 5867 loco
1264 5825 1371 5881 post
1394 5818 1657 5868 editionem
1677 5825 1785 5870 [ιον.
1811 5819 1932 5883 legi-

433 5914 450 5935 .
661 5917 672 5929 ι

601 5966 826 6031 Ssuc'r.
857 5967 1130 6028 Auecs'r.
1168 5964 1277 6027 III.

1724 440 1923 498 LIBER
1958 439 2231 500 PRIMUS.

3378 466 3381 469 ·
3471 447 3607 505 £066

2034 556 2181 609 etiam
2210 555 2262 609 in
2291 556 2542 610 dexteram
2572 564 2717 625 atque
2744 558 2997 613 sinistram
3025 566 3215 629 portent
3245 560 3466 614 extende.
3502 564 3603 617 Se-

2033 662 2144 700 men
2173 647 2301 700 enim
2331 656 2468 700 tuum
2495 648 2801 703 hmreditabit
2831 661 2997 720 gentes
3018 693 3031 715 ,
3063 661 3107 705 et
3133 651 3352 706 civitates
3376 638 3495 721 qua!
3513 650 3605 725 de-

2032 746 2174 790 sertte
2197 746 2356 804 erant,
2378 739 2675 811 inhabitabis
2692 781 2708 803 ,
2734 757 2834 795 non
2862 753 2931 797 est
2950 743 3085 813 quod
3109 755 3315 797 metuas.
3348 743 3607 800 Prtevale-

2034 828 2107 883 bis
2132 831 2283 896 enim,
2316 849 2405 887 nec
2430 834 2690 888 erubescas
2714 835 2848 907 quod
2877 835 3176 891 detestabilis
3201 830 3374 907 fueris.
3404 820 3606 909 Confu-

2034 921 2223 975 sionem
2250 924 2382 976 enim
2401 925 2452 977 in
2472 935 2764 994 perpetuum
2784 926 3102 993 Oblivisceris,
3130 927 3417 998 ignominia:
3439 927 3606 982 vidui-

2034 1014 2149 1068 tatis
2187 1022 2287 1067 tuw
2321 1032 2422 1069 non
2456 1016 2552 1069 eris
2588 1034 2774 1070 memor
2794 1032 2813 1071 :
2838 1018 3075 1087 quoniam
3112 1033 3201 1089 ego
3235 1017 3480 1073 Dominus
3519 1020 3607 1091 qui

2032 1106 2165 1175 facio
2193 1116 2238 1160 te
2255 1147 2270 1171 ,
2311 1106 2557 1162 Dominus
2584 1125 2761 1162 nomen
2789 1111 2870 1173 ei;
2898 1119 2947 1173 et
2968 1110 3052 1179 qui
3077 1110 3205 1164 eruit
3224 1118 3270 1163 te
3288 1152 3301 1174 ,
3332 1111 3440 1181 ipse
3471 1109 3605 1165 Deus

2032 1195 2218 1261 Israel,
2248 1198 2488 1252 universae
2516 1207 2660 1252 terra:
2684 1198 2937 1252 vocabitur
2964 1197 3113 1271 (Isai.
3143 1214 3233 1265 LII,
3265 1200 3373 1255 1'54
3394 1215 3495 1265 LIV,
3525 1199 3605 1271 5).

2102 1286 2190 1341 48.
2222 1286 2356 1355 Quid
2383 1296 2565 1341 contra
2597 1287 2731 1342 hanc
2757 1288 3077 1343 evidentiam
3107 1288 3608 1359 expressionemque

2032 1393 2209 1431 rerum
2245 1385 2300 1432 et
2328 1379 2694 1447 praedictarum
2727 1388 2781 1434 et
2816 1380 3148 1449 impleturum
3177 1379 3279 1435 dici
3308 1380 3517 1451 potest?
3548 1378 3610 1435 Si

2032 1467 2100 1523 de
2126 1468 2324 1523 Christi
2348 1471 2624 1525 divinitate
2653 1471 2938 1545 discipulos
2963 1473 3078 1543 ejus
3102 1481 3287 1543 putant
3312 1488 3430 1529 esse
3457 1490 3609 1529 men-

2035 1557 2189 1623 titos,
2230 1561 2480 1629 numquid
2516 1561 2581 1616 de
2618 1561 2813 1617 Christi
2855 1563 3102 1633 passione
3129 1564 3477 1620 dubitabunt?
3504 1564 3609 1621 Re-

2032 1649 2328 1703 surrexisse
2354 1666 2462 1705 non
2487 1652 2661 1706 solent
2680 1652 2897 1709 credere
2921 1672 2933 1705 :
2956 1663 3011 1708 at
3032 1655 3117 1709 illa
3144 1658 3320 1710 omnia
3348 1657 3417 1711 ab
3442 1657 3613 1712 homi-

2033 1741 2187 1795 nibus
2214 1741 2440 1797 humana
2466 1759 2775 1815 perpessum
2797 1746 2956 1801 etiam
2978 1748 3205 1803 libenter
3225 1749 3464 1817 credunt,
3487 1750 3610 1819 quia

2033 1830 2301 1889 hominem
2328 1836 2691 1892 tantummodo
2717 1838 2861 1893 credi
2888 1841 3091 1895 volunt.
3129 1840 3219 1896 Ille
3261 1843 3435 1915 itaque
3473 1844 3608 1898 sicut

2032 1923 2146 1978 ovis
2174 1925 2239 1979 ad
2270 1926 2649 1982 immolandum
2678 1928 2896 1996 ductus,
2929 1931 3019 1986 ille
3047 1932 3184 1986 inter
3210 1932 3418 2004 iniquos
3447 1934 3612 2005 depu-

2033 2023 2206 2082 tatus,
2256 2016 2343 2071 ille
2383 2019 2690 2074 vulneratus
2720 2029 2936 2090 propter
2963 2032 3177 2091 peccata
3214 2035 3431 2090 nostra;
3461 2026 3614 2095 cujus

2034 2105 2201 2162 livore
2233 2110 2403 2163 sanati
2442 2124 2659 2176 sumus,
2700 2112 2849 2181 cujus
2888 2110 3049 2167 facies
3087 2113 3331 2182 iujuriata
3365 2125 3479 2182 est,
3517 2131 3616 2171 nec

2034 2199 2209 2268 magni
2239 2201 2526 2266 azstimata,
2564 2203 2752 2271 palmis
2782 2218 2915 2258 caesa
2938 2245 2950 2268 ,
2985 2214 3039 2259 et
3081 2206 3249 2274 sputis
3275 2207 3400 2260 illita
3422 2247 3438 2272 ,
3465 2208 3618 2276 cujus

2035 2289 2287 2345 deformis
2314 2292 2367 2345 in
2397 2308 2556 2348 cruce
2587 2294 2777 2361 positio
2807 2312 2819 2345 :
2846 2294 2937 2350 ille
2962 2296 3029 2349 ab
3051 2294 3408 2364 iniquitatibus
3436 2298 3615 2367 populi

2034 2381 2199 2436 Israel
2227 2382 2417 2437 ductus
2443 2385 2508 2437 ad
2539 2392 2763 2439 mortem
2790 2401 2805 2449 ;
2850 2384 2940 2441 ille
2967 2385 3056 2455 qui
3088 2384 3190 2440 nun
3233 2387 3456 2443 habebat
3496 2404 3618 2458 spe—

2032 2473 2168 2527 ciem
2198 2489 2372 2543 neque
2399 2474 2670 2540 decorem,
2701 2476 2910 2545 quando
2938 2476 3177 2545 colaphis
3206 2478 3613 2545 percutit-batur,

2032 2563 2244 2633 quando
2269 2565 2435 2635 spinis
2460 2566 2831 2632 coronabatur,
2862 2566 3073 2637 quando
3101 2568 3335 2637 pendens
3364 2569 3617 2625 irrideba-

2034 2661 2152 2718 tur;
2194 2655 2280 2708 ille
2319 2656 2441 2725 qui,
2481 2657 2616 2711 sicut
2640 2672 2808 2727 agnus
2836 2672 3017 2713 coram
3046 2658 3299 2714 tondente
3327 2676 3430 2715 non
3460 2662 3618 2717 habet

2033 2758 2243 2808 vocem,
2274 2745 2351 2799 sic
2380 2761 2483 2800 non
2514 2748 2722 2815 aperuit
2748 2761 2809 2801 os
2837 2763 3012 2815 suum,
3041 2764 3160 2805 cum
3190 2751 3238 2804 ei
3265 2749 3530 2806 diceretur
3551 2753 3618 2808 ab

2034 2833 2430 2901 insultantibus,
2464 2836 2774 2908 Prophetiza
2803 2838 2965 2906 nobis,
2993 2837 3186 2895 Christe
3213 2841 3425 2912 (Matth.
3458 2859 3616 2910 xxvi,

2034 2942 2211 2994 xxvn;
2244 2927 2408 2983 Marc.
2442 2946 2549 2993 xxv,
2583 2944 2685 2994 xv;
2709 2929 2834 2984 Luc.
2867 2947 2998 2998 uti,
3024 2948 3176 2997 xxut,
3208 2942 3255 2988 et
3277 2932 3433 2989 Joan.
3462 2950 3612 3000 xvnt,

2036 3018 2147 3093 nx)
2175 3039 2188 3075 :
2220 3037 2409 3091 nempe
2431 3024 2540 3091 jam
2566 3023 2826 3079 exaltatus
2851 3034 2969 3089 est,
2995 3024 3104 3094 jam
3133 3024 3511 3082 honoriﬁeatus
3536 3036 3618 3084 est

2036 3110 2400 3167 vehementer.
2426 3113 2626 3183 Nempe
2645 3114 2753 3183 jam
2778 3115 3035 3169 mirantur
3053 3123 3238 3186 gentes
3260 3118 3437 3171 multm
3459 3132 3616 3186 super

2037 3218 2177 3258 eum.
2206 3204 2322 3259 Jam
2344 3207 2715 3261 continuerunt
2739 3222 2892 3278 reges
2917 3221 2978 3262 os
2998 3222 3150 3261 suum
3171 3250 3185 3274 ,
3222 3224 3325 3278 quo
3361 3208 3617 3264 adversus

2037 3288 2370 3351 Christianos
2411 3296 2553 3366 leges
2597 3297 2916 3350 saevissimas
2956 3299 3374 3367 promulgabaut.
3418 3297 3618 3369 Nempe

2037 3384 2231 3455 quibus
2260 3401 2363 3440 non
2395 3395 2479 3441 est
2508 3387 2802 3440 nuntiatum
2832 3385 2897 3440 de
2922 3386 3045 3452 illo,
3064 3387 3173 3456 jam
3205 3388 3413 3452 vident,
3443 3397 3497 3444 et
3526 3390 3617 3459 qui

2038 3492 2141 3533 non
2166 3478 2446 3532 audierunt
2465 3478 2572 3547 jam
2600 3477 2895 3547 intelligunt
2925 3475 3099 3550 (Rom.
3129 3494 3214 3544 xv,
3242 3478 3451 3549 16-21).
3475 3480 3620 3545 Quo-

2039 3570 2179 3623 niam
2220 3579 2405 3639 gentes
2445 3568 2635 3638 quibus
2674 3583 2780 3622 non
2821 3569 3265 3623 annuntiaverunt
3302 3568 3616 3638 Prophette,

2037 3664 2205 3733 magis
2230 3664 2357 3732 ipsm
2391 3662 2570 3716 vident
2605 3676 2761 3731 quam
2795 3676 2920 3716 vera
2954 3662 3187 3715 nuntiata
3226 3662 3331 3715 sint
3366 3676 3460 3730 per
3487 3661 3618 3716 Pro-

2038 3756 2243 3825 phetas.
2276 3755 2344 3809 Et
2382 3756 2468 3825 qui
2514 3770 2617 3808 non
2648 3754 2928 3808 audierunt
2968 3755 3136 3823 ipsum
3170 3754 3353 3809 Isaiam
3394 3756 3617 3825 loquen-

2040 3856 2165 3912 tem,
2188 3845 2293 3914 jam
2318 3846 2369 3898 in
2401 3844 2613 3900 Litteris
2634 3845 2751 3913 erS
2770 3844 2836 3898 de
2864 3859 2969 3913 quo
2996 3845 3092 3899 ista
3119 3846 3187 3898 sit
3210 3846 3434 3912 loeutus,
3462 3847 3619 3900 intel-

2039 3939 2223 4008 ligunt.
2263 3938 2393 3991 Nam
2425 3948 2478 3991 et
2508 3938 2561 3990 in
2592 3939 2701 4006 ipsa
2732 3946 2889 4007 gente
2916 3936 3217 3991 Judaeorum
3248 3938 3365 4005 quis
3394 3938 3619 3992 credidit

2036 4029 2233 4084 auditui
2259 4028 2664 4098 Prophetarum,
2693 4038 2783 4083 aut
2806 4028 3077 4082 brachium
3110 4029 3335 4094 Domini,
3367 4029 3507 4099 quod
3538 4038 3621 4084 est

2035 4121 2280 4177 Christus
2308 4121 2419 4190 ipse
2439 4163 2453 4186 ,
2488 4120 2577 4191 qui
2607 4136 2700 4196 per
2726 4134 2820 4174 eos
2846 4120 3271 4184 annuntiabatur,
3298 4120 3387 4193 cui
3419 4121 3621 4175 revela-

2038 4221 2146 4267 tum
2176 4222 2256 4267 est
2290 4211 2464 4281 (Joan.
2494 4227 2568 4265 xu
2589 4252 2603 4277 ,
2632 4211 2699 4265 57
2719 4251 2733 4275 ,
2765 4210 2865 4273 58',
2894 4219 2941 4263 et
2968 4210 3116 4264 Rom.
3145 4225 3210 4275 ι,
3246 4210 3372 4280 16);
3402 4210 3616 4280 quando

2036 4305 2280 4359 manibus
2309 4304 2417 4357 suis
2445 4318 2506 4356 ea
2536 4303 2735 4356 scelera
2764 4302 2816 4354 in
2842 4300 3055 4355 Christo
3083 4301 3466 4366 admittebant,
3498 4317 3617 4370 qua:

2036 4394 2209 4449 futura
2240 4394 2594 4463 praedixerant
2622 4392 2897 4462 Propheta:
2923 4406 3054 4460 quos
3078 4392 3377 4445 habebant?
3412 4390 3615 4463 Nempe

2035 4486 2141 4557 jam
2175 4485 2481 4540 bzereditate
2513 4484 2746 4554 possidet
2782 4484 3010 4549 multos,
3051 4492 3104 4539 et
3145 4484 3356 4540 fortium
3390 4487 3616 4556 partitur

2036 4580 2225 4649 spolia,
2249 4594 2370 4633 cum
2395 4594 2454 4632 ea
2477 4593 2594 4648 quae
2619 4577 2858 4631 diabolus
2885 4586 2939 4631 et
2960 4578 3229 4634 dmmones
3253 4582 3611 4650 possidebant,

2037 4684 2132 4739 per
2158 4669 2499 4723 ecclesiarum
2528 4684 2741 4722 suarum
2771 4668 3028 4733 fabricas,
3057 4680 3112 4724 et
3138 4672 3402 4739 quoslibet
3425 4688 3613 4731 neces-

2036 4759 2205 4813 sarios
2232 4774 2378 4824 usus,
2413 4758 2515 4811 illis
2541 4758 2772 4827 expulsis
2800 4759 3121 4830 proditisque
3148 4760 3432 4819 distribuit.

2035 4849 2260 4907 CAPUT
2299 4848 2513 4905 XXXII.
2546 4878 2618 4891 —-
2658 4848 3015 4919 Apostolorum
3060 4862 3234 4906 contra
3274 4854 3615 4910 idololatriam

2352 4944 2578 4997 doctrina
2607 4944 2888 4998 vindicatur
2912 4961 2975 4998 ea:
3000 4946 3291 5016 praphetiis.

2105 5036 2194 5093 49.
2223 5036 2358 5103 Quid
2395 5052 2520 5107 ergo
2554 5036 2619 5090 ad
2663 5037 2775 5091 hcce
2814 5036 2997 5091 dicunt
3032 5038 3263 5107 perversi
3309 5037 3609 5095 laudatores

2037 5129 2267 5196 Christi,
2300 5137 2352 5183 et
2378 5114 2797 5183 Christianorum
2827 5128 3245 5183 obtrectatores?
3266 5128 3526 5199 Numquid
3555 5140 3613 5186 ut

2037 5221 2132 5274 iSta
2156 5235 2252 5289 per
2273 5212 2562 5287 Proplietas
2592 5226 2736 5272 tanto
2761 5227 2883 5273 ante
2910 5218 3339 5288 praedicerentur,
3369 5220 3611 5276 Christus

2038 5310 2256 5379 magicis
2281 5310 2479 5363 artibus
2502 5308 2645 5371 fecit,
2671 5318 2762 5362 aut
2780 5309 3018 5379 discipuli
3043 5310 3161 5385 ejus
3184 5312 3280 5365 ista
3311 5314 3603 5367 tinxerunt.

2036 5399 2299 5469 Numquid
2336 5409 2393 5453 ut
2428 5400 2717 5454 delectetur
2746 5399 2763 5431 ί
2796 5400 3026 5454 Ecclesia
3048 5384 3248 5456 'ditI'usa
3290 5418 3383 5471 per
3424 5411 3607 5473 gentes

2036 5490 2302 5560 quomlam
2340 5490 2563 5555 sterilis,
2600 5504 2741 5544 nunc
2778 5489 2830 5543 in
2871 5491 3100 5559 pluribus
3127 5493 3281 5556 tiliis,
3323 5508 3482 5563 quam
3520 5494 3608 5549 illa

2036 5582 2311 5653 Syuagoga
2333 5594 2447 5648 quae
2472 5578 2664 5648 Legem
2690 5582 2803 5635 sive
2829 5581 3022 5652 Regem
3052 5591 3294 5653 tanquam
3322 5585 3491 5638 virum
3517 5600 3608 5640 ae-

2098 5695 2193 5763 ftn
2218 5693 2350 5763 prius
2376 5691 2555 5763 editis,
2583 5691 2821 5743 dilatetur.
2849 5700 2905 5763 _At
2935 5695 2984 5744 in
3142 5695 3440 5763 ,_delect_etur
3468 5711 3486 5748 :
3508 5713 3606 5763 quo

2034 5752 2231 5819 quidem
2263 5752 2429 5819 alludit
2452 5755 2650 5814 primum
2674 5757 2962 5819 Angustiuus
2987 5757 3044 5806 ad
3068 5752 3208 5817 illud,
3244 5758 3490 5811 Delectare
3510 5752 3610 5812 ste-

2159 5830 2175 5877 ;
2195 5814 2520 5877 evplicaturus
2535 5824 2703 5885 postea
2724 5814 2853 5865 aliud
2876 5819 3124 5880 Pr0phette
3145 5814 3341 5882 dictum,
3368 5822 3524 5873 Dilata
3540 5822 3607 5876 ιο,

2035 5892 2140 5931 cum
2158 5875 2454 5928 tabernaculi
2475 5884 2561 5927 tm.
3112 5908 3119 5913 -

2628 5962 3195 6055 (Tremo-quam.)
