4082 6512
477 543 705 602 CAPUT
732 542 973 601 XXXIV.
996 571 1071 586 --
1094 541 1343 615 Epilogus
1364 540 1705 612 superiorum.

373 636 464 694 52.
505 636 665 692 Multa
690 636 814 692 hinc
842 637 1096 703 dicerem,
1128 636 1228 690 nisi
1255 649 1339 689 me
1363 633 1473 704 jam
1498 632 1692 688 librum
1722 630 1883 695 istum

300 728 641 794 concludere,
671 738 829 799 atque
852 727 920 782 ad
942 727 1265 797 propositam
1285 725 1634 781 intentionem
1660 714 1839 778 redire
1863 750 1879 791 ί

300 822 534 892 suscepti
559 821 736 891 operis
759 822 1046 877 necessitas
1074 829 1308 891 cogeret.
1330 816 1460 875 Cum
1486 818 1631 873 enim
1656 830 1887 887 evange-

298 914 432 969 Iicas
457 913 811 984 quaestiones,
860 912 951 969 ubi
996 897 1243 969 videntur
1284 904 1604 983 quibusdam
1655 918 1887 980 quatuor

299 1004 658 1076 Evangelistae
687 1019 793 1059 non
831 1004 970 1059 inter
1003 1019 1061 1060 se
1080 1011 1328 1060 constare
1348 1043 1362 1067 ,
1395 1001 1604 1057 solvere
1633 999 1891 1070 aggrede-

302 1110 392 1150 rer
416 1137 431 1161 ,
491 1104 549 1149 ut
594 1095 740 1164 potui
779 1095 1040 1167 expositis.
1081 1091 1462 1149 intentionibus
1513 1091 1836 1167 singulorum
1866 1130 1883 1158 ,

302 1185 476 1256 primo
521 1183 652 1239 mihi
695 1182 1086 1239 discutiendum
1134 1182 1399 1249 occurrit,
1456 1172 1597 1252 quod
1643 1177 1884 1235 nonnulli

299 1282 540 1348 quaerere
568 1276 759 1343 solent,
790 1284 884 1332 cur
909 1275 1074 1347 ipsius
1093 1275 1291 1331 Christi
1313 1270 1457 1329 nulla
1480 1274 1673 1344 scripta
1704 1272 1885 1343 profe-

298 1385 500 1425 ramus.
529 1369 605 1424 Ita
634 1368 775 1425 enim
810 1368 994 1424 volunt
1036 1375 1090 1423 et
1130 1368 1304 1439 ipsum
1348 1363 1497 1422 credi
1538 1366 1718 1421 nescio
1760 1361 1889 1436 quid

298 1459 442 1516 aliud
468 1461 744 1531 scripsisse
771 1459 910 1532 quod
931 1458 1176 1530 diligunt,
1196 1456 1434 1530 nihilque
1451 1457 1683 1513 sensisse
1700 1465 1887 1511 contra

297 1552 431 1608 deos
459 1568 583 1608 suos
605 1595 620 1621 ,
658 1550 751 1609 sed
794 1566 888 1608 eos
926 1552 1103 1623 potius
1142 1552 1347 1622 magico
1382 1550 1490 1605 ritu
1532 1548 1763 1604 coluisse
1794 1565 1808 1603 :
1834 1551 1889 1604 et

297 1642 589 1715 discipulos
614 1644 731 1714 ejus
757 1657 865 1699 non
894 1643 1065 1699 solum
1096 1640 1162 1698 de
1192 1643 1280 1698 illo
1300 1638 1465 1698 fuisse
1491 1641 1742 1697 mentitos
1760 1681 1774 1707 ,
1803 1638 1887 1695 di-

296 1736 471 1791 cendo
505 1737 656 1791 illum
694 1737 865 1791 Deum
901 1750 996 1807 per
1022 1751 1181 1807 quem
1208 1735 1344 1791 facta
1371 1743 1496 1791 sunt
1522 1735 1699 1789 omnia
1720 1775 1734 1798 ,
1766 1738 1888 1789 eam

295 1826 439 1881 aliud
458 1827 586 1881 nihil
608 1843 765 1897 quam
786 1826 947 1883 homo
964 1825 1144 1895 fuerit,
1167 1827 1410 1898 quamvis
1426 1825 1889 1881 excellentissime

299 1916 613 1988 sapientiae;
666 1930 851 1973 verum
879 1917 1038 1974 etiam
1079 1917 1147 1973 de
1167 1918 1269 1972 diis
1295 1930 1481 1973 eorum
1522 1932 1628 1971 non
1659 1913 1760 1971 hoc
1789 1915 1887 1970 do-

296 2008 472 2063 cuisse
511 2005 652 2078 quod
681 2006 750 2063 ab
789 2007 881 2063 illo
913 2006 1241 2063 didicissent.
1296 2004 1449 2064 Unde
1484 2004 1683 2061 factum
1717 2015 1797 2060 est
1831 2011 1892 2059 ut

296 2112 392 2153 eos
417 2098 483 2152 de
506 2098 617 2153 Deo
642 2097 802 2153 Israel
828 2098 1002 2168 potius
1022 2110 1356 2171 urgeremus,
1377 2098 1465 2169 qui
1485 2113 1579 2168 per
1595 2096 1889 2152 Ecclesium

296 2188 719 2245 Christianorum
741 2190 809 2247 ab
829 2190 1075 2246 omnibus
1092 2189 1339 2261 gentibus
1364 2189 1574 2256 colitur,
1596 2199 1649 2244 et
1666 2191 1889 2244 istorum

296 2281 587 2352 sacrilegas
609 2283 871 2339 vanitates
895 2283 1089 2353 ubique
1104 2284 1214 2351 jam
1232 2281 1442 2349 evertit,
1472 2280 1610 2337 sicut
1640 2296 1732 2351 per
1754 2281 1888 2335 Pro-

296 2372 488 2445 phetas
518 2386 644 2428 suos
672 2378 821 2430 tanto
870 2383 991 2428 ante
1019 2371 1296 2444 praedixit,
1346 2380 1401 2428 et
1424 2386 1521 2443 per
1562 2371 1757 2428 Christi
1794 2385 1891 2426 no-

298 2480 422 2521 men
442 2508 458 2533 ,
512 2464 564 2520 in
592 2480 698 2537 quo
723 2465 966 2522 benedici
987 2478 1175 2521 omnes
1204 2474 1391 2537 gentes
1421 2464 1737 2535 promiserat
1762 2506 1776 2531 ,
1826 2479 1890 2519 ea

299 2574 419 2629 quae
458 2558 741 2629 praedixit,
781 2558 1041 2631 implevit.
1088 2558 1169 2615 Ex
1215 2573 1321 2630 quo
1361 2557 1657 2629 intelligere
1696 2557 1894 2613 debent

304 2664 406 2706 nec
430 2650 702 2707 Christum
732 2651 876 2708 aliud
906 2652 973 2708 de
1002 2651 1106 2707 diis
1135 2667 1320 2707 eorum
1362 2651 1444 2707 vel
1490 2666 1650 2707 nosse
1679 2653 1762 2707 vel
1792 2651 1890 2707 do-

300 2756 424 2797 cere
452 2742 720 2813 potuisse,
757 2758 915 2813 quam
948 2742 1087 2798 Deus
1120 2742 1283 2797 Israel
1312 2751 1406 2812 per
1437 2740 1732 2814 Prophetas
1759 2758 1887 2798 suos

298 2831 458 2902 jussit
490 2844 647 2904 atque
674 2834 953 2904 praedixit,
983 2848 1077 2903 per
1107 2849 1240 2904 quos
1273 2833 1443 2903 ipsum
1470 2832 1739 2888 Christum
1764 2848 1891 2904 pro-

301 2924 447 2979 misit
471 2933 525 2980 et
561 2925 740 2991 misit;
782 2925 836 2980 in
879 2926 1031 2994 cujus
1062 2925 1274 2979 nomine
1316 2925 1606 2980 secundum
1632 2926 1895 2996 pollicita-

300 3014 500 3069 tionem
527 3028 685 3084 quam
708 3014 953 3071 Patribus
976 3012 1121 3083 fecit,
1153 3030 1273 3070 cum
1306 3014 1752 3070 benedicerentur
1775 3031 1895 3071 om-

301 3120 396 3161 nes
418 3116 624 3177 gentes,
642 3106 839 3162 factum
862 3116 943 3162 est
965 3112 1097 3162 utet
1118 3107 1231 3176 ipse
1253 3107 1393 3162 Deus
1416 3106 1596 3174 Israel,
1630 3108 1893 3163 universa:

304 3207 463 3253 terrae
501 3208 777 3255 vocaretur
820 3216 834 3253 :
882 3215 981 3254 nec
1006 3198 1295 3271 discipulos
1333 3200 1448 3270 ejus
1486 3215 1514 3254 a
1546 3201 1625 3254 sui
1659 3201 1894 3271 magistri

302 3290 544 3346 doctrina
562 3291 823 3359 deviasse,
847 3306 969 3347 cum
987 3290 1115 3348 deos
1130 3291 1377 3348 Gentium
1399 3292 1502 3348 coli
1522 3291 1891 3363 prohiberent,

304 3398 373 3437 ne
398 3382 484 3438 vel
510 3383 795 3438 insensatis
815 3382 1114 3439 simulacris
1140 3383 1587 3454 supplicaremus,
1612 3384 1697 3438 vel
1719 3385 1893 3439 socie—

303 3481 466 3528 tatem
491 3488 612 3528 cum
634 3473 913 3529 daemoniis
943 3474 1285 3539 haberemus,
1317 3473 1402 3530 vel
1428 3483 1690 3529 creaturae
1718 3476 1896 3545 potius

303 3580 463 3636 quam
488 3565 731 3622 Creatori
755 3564 1024 3637 religionis
1057 3564 1316 3636 obsequio
1341 3565 1680 3621 serviremus.

303 3654 531 3712 CAPUT
560 3656 778 3712 XXXV.
817 3686 891 3697 —
920 3654 1219 3711 Mediutoris
1244 3656 1534 3727 mysterium
1562 3656 1781 3729 antiquis
1808 3674 1899 3729 per

432 3749 766 3819 prephetiam,
792 3748 937 3803 nobis
962 3766 1050 3820 per
1072 3745 1409 3822 Evangelium
1435 3748 1761 3816 praedicatur.

376 3842 467 3897 53.
508 3841 875 3912 Quapropter,
924 3857 1046 3897 cum
1094 3840 1164 3897 sit
1189 3839 1304 3912 ipse
1340 3839 1586 3895 Christus
1627 3840 1899 3911 Sapientia

306 3934 439 4000 Dei,
489 3949 584 4004 per
611 3952 765 4005 quem
807 3945 984 3992 creata
1028 3944 1153 3991 sunt
1204 3935 1418 4003 omnia,
1466 3950 1692 4007 cumque
1741 3936 1899 3991 nulla:

308 4032 519 4082 mentes
540 4026 825 4082 rationales
850 4028 961 4084 sive
980 4028 1303 4099 Angelorum
1326 4029 1438 4083 sive
1468 4026 1764 4097 hominum,
1796 4027 1899 4083 nisi

306 4120 712 4192 participatione
741 4120 907 4191 ipsius
934 4120 1204 4190 sapientes
1234 4121 1381 4186 fiant,
1415 4118 1501 4173 cui
1527 4135 1622 4188 per
1644 4118 1899 4189 Spiritum

310 4223 589 4281 sanctum,
635 4229 733 4284 per
772 4228 929 4284 quem
958 4213 1190 4267 charitas
1218 4213 1270 4266 in
1300 4211 1548 4266 cordibus
1574 4208 1769 4265 uestris
1794 4208 1899 4265 dif-

311 4304 552 4361 funditur
571 4347 585 4373 ,
612 4304 937 4360 inhreremus
956 4347 971 4371 ,
1001 4320 1118 4375 quae
1142 4302 1375 4359 Trinitas
1419 4316 1554 4357 unus
1597 4301 1736 4357 Deus
1778 4309 1896 4367 est;

312 4396 617 4451 consultum
644 4403 728 4450 est
751 4395 926 4450 divina
952 4394 1281 4466 providentia
1312 4391 1645 4459 mortalibus,
1675 4406 1900 4463 quorum

313 4486 627 4556 temporalis
660 4488 767 4543 vita
806 4487 859 4542 in
894 4486 1055 4542 rebus
1098 4484 1390 4541 orientibus
1432 4492 1485 4538 et
1537 4482 1903 4539 occidentibus

313 4586 571 4649 occupata
598 4577 910 4645 tenebatur,
958 4586 1016 4633 ut
1043 4577 1228 4632 eadem
1258 4577 1370 4647 ipsa
1401 4576 1493 4631 Dei
1534 4574 1802 4645 Sapientia
1835 4573 1903 4629 ad

314 4671 574 4726 unitatem
611 4685 853 4740 personae
897 4682 1007 4724 suae
1057 4668 1276 4724 homine
1330 4676 1637 4736 assumpto,
1694 4667 1745 4721 in
1796 4681 1903 4737 quo

315 4764 685 4834 temporaliter
713 4762 1024 4818 nasceretur
1045 4803 1060 4829 ,
1091 4762 1325 4825 viveret,
1358 4768 1684 4823 moreretur,
1716 4772 1901 4814 resur—

313 4866 484 4925 geret,
518 4868 749 4927 congrua
779 4853 934 4911 saluti
965 4863 1159 4908 nostrm
1181 4850 1405 4908 dicendo
1432 4861 1485 4906 et
1514 4850 1774 4919 faciendo,
1806 4867 1901 4923 pa-

315 4946 498 5001 tiendo
527 4956 581 5002 et
619 4944 965 5011 sustinendo,
1011 4944 1163 5000 ﬁeret
1208 4955 1262 4999 et
1303 4943 1552 4998 deorsum
1596 4942 1901 4999 hominibus

314 5039 622 5110 exemplum
652 5036 907 5094 redeundi
935 5080 949 5106 ,
984 5046 1036 5092 et
1066 5039 1141 5092 eis
1167 5037 1253 5107 qui
1285 5050 1496 5090 sursum
1531 5041 1652 5090 sunt
1687 5034 1902 5105 Angelis

315 5130 617 5200 exemplum
644 5128 912 5184 manendi.
938 5128 1049 5184 Nisi
1080 5130 1219 5184 enim
1252 5136 1305 5182 et
1330 5126 1382 5181 in
1411 5127 1601 5182 animae
1625 5126 1901 5182 rationalis

314 5232 504 5277 natura
532 5221 896 5293 temporaliter
920 5220 1113 5291 aliquid
1142 5221 1391 5286 oriretur,
1422 5218 1473 5272 id
1502 5226 1614 5285 est,
1647 5218 1904 5288 inciperet

312 5328 435 5369 esse
460 5313 603 5386 quod
630 5328 733 5368 non
766 5322 899 5383 erat,
924 5308 1191 5384 nunquam
1206 5328 1271 5367 ex
1289 5310 1394 5365 vita
1417 5311 1647 5382 pessima
1665 5319 1719 5366 et
1740 5309 1902 5365 stulta

311 5407 381 5466 ad
407 5410 700 5482 sapientem
731 5417 891 5481 atque
916 5407 1170 5481 optimam
1196 5405 1518 5467 perveniret.
1548 5404 1627 5463 Ac
1654 5419 1752 5477 per
1774 5404 1898 5473 hoc,

1675 422 1881 489 LIBER
1918 418 2170 484 PRIMUS

3424 435 3562 499 ~1070

1991 552 2110 593 cum
2127 539 2283 594 rebus
2304 539 2517 596 mternis
2531 541 2998 613 contemplantium
3018 546 3213 601 veritas
3238 549 3566 623 perfruatur,

1991 630 2150 689 rebus
2168 643 2344 697 autem
2369 634 2501 695 ortis
2523 635 2653 697 ﬁdes
2678 636 3003 691 credentium
3018 638 3293 708 debeatur,
3316 654 3567 713 purgatur

1988 716 2153 778 homo
2173 732 2269 794 per
2290 730 2468 780 rerum
2504 728 2869 797 temporalium
2905 729 3062 786 iidem
3088 772 3102 794 ,
3149 741 3207 787 ut
3247 743 3564 792 :eternarum

1990 816 2247 891 percipiat
2276 818 2572 873 veritatem.
2606 819 2735 874 Nam
2760 828 2814 875 et
2840 822 3053 892 qddam
3083 839 3267 881 eorum
3292 827 3566 884 nobilissi-

1990 923 2111 964 mus
2152 900 2499 982 philosophus
2541 902 2720 980 Plato,
2769 915 2822 969 in
2854 930 2919 970 eo
2958 915 3096 973 libro
3126 933 3286 987 quem
3309 912 3569 983 Timaeum

1991 1010 2213 1066 Vocant,
2262 1002 2339 1057 sic
2388 1003 2500 1058 ait:
2537 1021 2555 1055 ι
2584 1003 2850 1069 Quantum
2879 1005 2946 1059 ad
2990 1006 3043 1061 id
3076 1008 3216 1078 quod
3269 1020 3443 1064 ortum
3484 1021 3570 1068 est

1992 1091 2263 1145 aeternitas
2283 1091 2458 1161 valet,
2500 1100 2703 1147 tantum
2746 1093 2811 1148 ad
2854 1094 3012 1150 ﬁdem
3040 1075 3253 1152 veritas.
3286 1118 3304 1151 ι
3341 1100 3454 1155 Duo
3480 1075 3617 1245 “Iug

1994 1186 2210 1235 sursum
2232 1190 2373 1245 sunt,
2406 1184 2671 1239 aeternitas
2701 1188 2755 1240 et
2777 1185 2973 1240 veritas
3001 1202 3015 1239 :
3043 1178 3146 1241 duo
3175 1188 3274 1243 ista
3298 1183 3570 1245 deorsum;
3590 1221 3612 1245 κ

1994 1186 2210 1235 sursum
2232 1190 2373 1250 sunt,
2406 1184 2671 1239 aeternitas
2701 1188 2755 1240 et
2777 1185 2973 1240 veritas
3001 1202 3015 1239 :
3043 1178 3146 1241 duo
3175 1188 3274 1243 ista
3298 1178 3612 1266 deorsumﬁ

1993 1271 2133 1343 quod
2155 1274 2329 1328 ortum
2357 1282 2439 1329 est
2461 1316 2474 1339 ,
2521 1280 2575 1329 et
2598 1275 2748 1330 ﬁdes.
2790 1274 2860 1331 Ut
2886 1284 3011 1347 ergo
3039 1277 3106 1333 ab
3125 1278 3246 1333 imis
3270 1280 3337 1335 ad
3362 1262 3611 1347 summa?

1992 1374 2307 1419 revocemur
2325 1406 2340 1428 ,
2372 1366 2528 1435 atque
2552 1364 2605 1419 id
2631 1365 2771 1435 quod
2796 1368 2969 1421 ortum
2996 1376 3079 1422 eSt
3110 1370 3332 1438 recipiat
3350 1364 3607 1438 aeterni-$7

1993 1463 2177 1524 tatem,
2209 1470 2303 1526 per
2324 1455 2481 1512 tidem
2510 1458 2827 1512 veniendum
2847 1467 2929 1513 est
2952 1458 3019 1515 ad
3044 1461 3337 1516 veritatem.
3356 1460 3425 1517 Et
3446 1441 3603 1534 quia”;

1993 1547 2170 1602 omnia
2199 1563 2315 1618 quae
2338 1548 2389 1602 in
2406 1548 2732 1603 contrarium
2752 1550 2995 1621 pergunt,
3013 1564 3108 1620 per
3124 1550 3321 1623 aliquid
3337 1550 3570 1611 medium

1993 1637 2321 1694 reducuntur
2340 1680 2353 1705 ,
2386 1649 2439 1696 et
2457 1640 2524 1695 ab
2548 1647 2744 1696 aeterna
2774 1640 2974 1710 justitia
2996 1643 3302 1712 tetnperalls
3324 1644 3573 1715 iniquitas

1993 1743 2093 1784 nos
2121 1729 2417 1797 alienabat;
2456 1740 2589 1801 opus
2626 1736 2753 1801 ergo
2775 1739 2891 1787 erat
2918 1731 3090 1787 media
3123 1733 3325 1804 iustitia
3361 1743 3573 1805 tempo-

1993 1820 2114 1889 rali,
2145 1837 2263 1893 qua:
2288 1822 2564 1890 medietas,
2591 1823 2896 1893 temporalis
2907 1831 3059 1880 esset
3080 1823 3149 1880 de
3169 1824 3289 1880 imis
3311 1864 3325 1893 ,
3340 1826 3482 1896 iusta
3502 1826 3574 1883 de

1995 1914 2216 1968 summis
2248 1913 2267 1946 ⁸
2284 1956 2299 1980 ,
2334 1922 2494 1985 atque
2522 1914 2595 1969 ita
2620 1926 2680 1970 se
2707 1928 2807 1971 nec
2833 1915 3155 1986 abrumpens
3175 1932 3207 1972 a
3228 1918 3482 1984 summis,
3520 1926 3579 1975 et

1994 2012 2404 2075 contemperans
2432 2005 2569 2071 imis,
2604 2006 2709 2060 ima
2735 2005 2981 2063 redderet
3004 2009 3248 2064 summis.
3277 2009 3400 2065 Ideo
3422 2010 3579 2069 Chri-

1996 2107 2109 2153 stus
2136 2096 2396 2154 mediator
2417 2097 2510 2155 Dei
2540 2106 2593 2153 et
2619 2098 2890 2153 hominum
2916 2099 3087 2155 dictus
3112 2109 3215 2167 est,
3238 2102 3378 2158 inter
3406 2103 3574 2158 Deum

1996 2190 2350 2245 immortalem
2391 2199 2448 2246 et
2497 2190 2766 2245 hominem
2808 2192 3086 2247 mortalem
3141 2193 3281 2249 Deus
3321 2201 3377 2249 et
3414 2194 3579 2252 homo

1996 2280 2037 2350 (1
2060 2276 2194 2335 Tim.
2228 2296 2285 2349 II,
2312 2281 2398 2351 5),
2426 2281 2774 2336 reconcilians
2805 2282 3075 2338 hominem
3095 2282 3205 2340 Deo
3222 2323 3238 2351 ,
3264 2299 3486 2342 manens
3510 2286 3569 2342 id

1996 2373 2135 2443 quod
2166 2382 2317 2439 erat,
2359 2372 2529 2428 factus
2562 2373 2701 2444 quod
2726 2389 2831 2430 non
2856 2382 2991 2430 erat.
3020 2375 3136 2446 Ipse
3164 2385 3246 2433 est
3268 2378 3423 2435 nobis
3442 2378 3580 2436 fides

1997 2465 2049 2518 in
2080 2463 2239 2518 rebus
2260 2464 2412 2531 ortis,
2444 2464 2638 2534 quiest
2668 2465 2861 2520 veritas
2886 2466 2939 2520 in
2969 2454 3204 2522 aeternis.

2066 2552 2154 2609 54.
2196 2552 2308 2608 Iloc
2350 2569 2599 2625 magnum
2645 2562 2700 2610 et
2740 2554 3094 2611 inenarrabile
3141 2568 3569 2628 sacramentum,

1996 2644 2100 2699 hoc
2127 2661 2349 2716 regnum
2378 2652 2432 2702 et
2463 2646 2817 2702 sacerdotium
2858 2648 3087 2719 antiquis
3125 2660 3220 2719 per
3245 2650 3574 2721 prophetiam

1996 2736 2363 2805 revelabatur,
2405 2738 2634 2808 posteris
2661 2750 2841 2794 eorum
2873 2755 2969 2810 per
3008 2740 3349 2812 Evangellum
3379 2744 3578 2814 praedi-

1997 2838 2165 2883 catur.
2188 2827 2481 2898 Oportebat
2505 2830 2647 2884 enim
2672 2841 2727 2884 ut
2752 2830 3039 2902 aliquando
3059 2833 3110 2887 in
3138 2835 3381 2890 omnibus
3403 2837 3575 2908 genti-

1997 2918 2097 2975 bus
2115 2918 2449 2988 redderetur,
2479 2920 2619 2991 quod
2641 2920 2728 2976 diu
2758 2937 2854 2992 per
2874 2937 3030 2978 unam
3055 2932 3267 2994 gentem
3300 2928 3576 2995 promitte-

1997 3012 2173 3066 batur.
2228 3011 2458 3067 Proinde
2502 3012 2592 3083 qui
2645 3013 2943 3084 Prophetas
2996 3023 3120 3070 ante
3173 3015 3576 3074 descensionem

1999 3116 2150 3157 suam
2190 3103 2478 3172 praemisit,
2517 3103 2634 3173 ipse
2658 3111 2713 3158 et
2754 3104 3035 3174 Apostolos
3061 3115 3181 3175 post
3208 3111 3577 3165 ascensionem

1999 3206 2149 3247 suam
2177 3193 2337 3248 misit.
2369 3193 2626 3250 Omnibus
2652 3203 2826 3250 autem
2849 3194 3121 3268 discipulis
3146 3199 3258 3253 suis
3288 3212 3382 3269 per
3407 3192 3582 3257 homi-

2000 3299 2123 3340 nem
2154 3299 2309 3354 quem
2337 3287 2642 3355 assumpsit,
2668 3295 2915 3357 tanquam
2945 3288 3199 3344 membris
3225 3290 3309 3346 sui
3330 3294 3577 3363 corporis

1998 3380 2160 3447 caput
2187 3386 2286 3433 est.
2319 3376 2499 3449 Itaque
2525 3390 2645 3434 cum
2676 3379 2752 3434 illi
2780 3380 3104 3450 scripserant
3130 3396 3251 3452 quae
3278 3383 3367 3439 ille
3392 3393 3578 3441 osten—

2001 3468 2080 3524 dit
2106 3479 2161 3525 et
2184 3468 2348 3539 dixit,
2373 3482 2707 3543 nequaquam
2738 3472 3021 3529 dicendum
3056 3481 3140 3529 est
3162 3475 3303 3545 quod
3328 3476 3443 3547 ipse
3468 3492 3579 3534 non

2001 3559 2308 3631 scripserit;
2353 3563 2777 3635 quandoquidem
2821 3565 3059 3621 membra
3106 3565 3223 3638 ejus
3260 3568 3317 3624 id
3358 3579 3577 3641 operata

2003 3661 2161 3723 sunt,
2212 3654 2355 3726 quod
2399 3655 2631 3713 dictante
2675 3658 2848 3729 capite
2890 3668 3271 3730 cognoverunt.
3312 3661 3580 3733 Quidquid

2003 3745 2144 3801 enim
2168 3744 2254 3801 ille
2281 3744 2346 3801 de
2377 3748 2485 3802 suis
2506 3746 2657 3803 factis
2676 3757 2731 3803 et
2757 3748 2915 3804 dictis
2943 3764 3040 3805 nos
3066 3749 3244 3823 legere
3269 3752 3457 3820 voluit,
3476 3754 3583 3810 hoc

2003 3834 2343 3895 scribendum
2388 3837 2493 3895 illis
2543 3848 2791 3912 tanquam
2838 3842 2950 3897 suis
2994 3843 3239 3900 manibus
3278 3843 3580 3916 imperavit.

2005 3916 2117 3985 Hoc
2147 3931 2362 3986 unitatis
2387 3932 2710 3987 consortium
2742 3932 2868 3987 etin
2895 3932 3120 3990 diversis
3141 3932 3329 3991 ofﬁciis
3353 3950 3580 3992 concor-

2004 4020 2151 4077 dium
2186 4022 2553 4078 membrorum
2584 4022 2684 4079 sub
2718 4039 2823 4078 uno
2858 4025 3030 4095 capite
3064 4022 3414 4082 ministerium
3436 4029 3583 4099 quis-

2004 4115 2121 4186 quis
2148 4112 2498 4182 intellexerit,
2529 4132 2633 4171 non
2657 4117 2811 4173 aliter
2836 4117 3057 4188 accipiet
3075 4119 3215 4190 quod
3242 4122 3576 4176 narrantibus

2005 4208 2278 4279 discipulis
2300 4208 2496 4264 Christi
2521 4210 2571 4264 in
2603 4211 2891 4281 Evangelio
2916 4211 3133 4282 legerit,
3158 4222 3313 4282 quam
3335 4212 3380 4267 si
3407 4212 3574 4283 ipsam

2006 4316 2089 4357 ma
2097 4302 2455 4370 numDomini,
2476 4317 2634 4372 quam
2648 4304 2697 4357 in
2717 4304 2926 4373 proprio
2938 4318 3159 4373 corpore
3172 4305 3432 4375 gestabat,
3450 4305 3557 4360 seri

2007 4395 2220 4450 bentem
2237 4396 2597 4466 conspexerit.
2612 4395 2967 4463 Quamobrem
2995 4393 3083 4451 illa
3100 4397 3276 4469 potius
3288 4397 3394 4467 jam
3408 4396 3559 4453 videa

2006 4501 2126 4542 mus
2168 4485 2340 4557 qualia
2400 4486 2539 4551 sint,
2584 4501 2704 4557 quae
2747 4494 2932 4556 putant
2978 4485 3345 4558 Evangelis‘tas
3372 4488 3587 4545 sibimet

2008 4576 2139 4647 ipsis
2154 4577 2434 4646 scripsisse
2462 4578 2725 4633 contraria
2760 4576 2932 4648 (quod
2961 4593 3145 4650 parum
3170 4580 3586 4653 intelligentibus

2009 4666 2173 4721 videri
2198 4667 2429 4740 potest);
2456 4677 2512 4722 tit
2541 4667 2623 4722 his
2653 4670 3035 4739 quaestionibus
3071 4669 3365 4740 dissolutis,
3395 4689 3461 4730 ex
3482 4673 3586 4730 hoc

2008 4771 2220 4828 quoque
2246 4767 2526 4829 appareat,
2564 4758 2706 4814 illius
2735 4760 2924 4830 capitis
2966 4762 3234 4833 membra,
3280 4779 3387 4820 non
3411 4765 3587 4821 solum

2008 4846 2149 4904 idem
2176 4849 2473 4918 sentiendo,
2507 4866 2690 4906 verum
2711 4852 2872 4909 etiam
2892 4856 3257 4911 convenientia
3278 4855 3584 4925 scribendo,

2009 4940 2063 4995 in
2093 4941 2331 5011 corporis
2352 4939 2518 5013 ipsius
2548 4942 2748 4999 unitate
2769 4957 3079 5015 germanam
3099 4957 3344 5003 servasse
3363 4959 3588 5003 concor-

2008 5032 2172 5089 diam.

2073 5227 2091 5259 ι
2117 5227 2190 5277 sic
2223 5226 2549 5301 o_lim_i'erebat
2574 5229 2719 5301 editio
2741 5224 3119 5301 Ratisponensis;
3143 5233 3233 5301 sed
3253 5234 3378 5301 hanc
3397 5249 3591 5298 germa-

2009 5301 2121 5338 nam
2155 5297 2295 5355 certe
2335 5288 2596 5355 lectionem
2634 5294 2684 5341 in
2724 5288 3070 5355 posterioribus
3100 5288 3591 5352 éditionlbusvoontra

2481 5353 2625 5423 iidem
2661 5353 2963 5423 mutaverant
2996 5357 3055 5406 ad
3078 5357 3206 5421 hunc
3224 5358 3419 5423 modum
3442 5372 3458 5410 :
3481 5369 3590 5423 Qua

1995 5412 2243 5486 medietas
2259 5412 2532 5480 imparatis
2551 5422 2671 5468 esset
2684 5416 2746 5469 de
2766 5415 2875 5470 imis
2896 5416 3049 5470 ntixta
3066 5423 3113 5470 et
