4082 6472
468 436 600 520 ibit

1278 445 1366 504 ne
1407 440 1748 502 consessu
1799 400 2443 506 “manusuam,
2479 430 2538 493 s.
2579 427 2943 492 mansum

3595 421 3734 485 Im

479 585 494 598 κ
790 555 3595 598 ᾼΜ--Μψ

1382 648 1853 766 LIBER
1936 623 2790 753 SECUNDUS.

466 872 521 918 ιιι
560 873 668 928 φο
706 855 909 928 mea
959 843 1272 928 senem
1292 839 1573 928 esse
1596 828 2854 928 333:.91'52‘33233:fxiifiiﬁfffilfinh‘l

2857 825 3095 900 gustinus.
3134 804 3346 900 eumque
3387 836 3471 898 eo.
3485 836 3680 890 compa
3687 828 3743 877 st

1001 886 1272 964 $303333;
1292 886 1573 968 ﬁnienti;
1595 886 1938 950 demonstrans
1961 897 2248 955 perpetuam
2263 891 2392 940 inter
2408 886 2613 954 quatuor
2643 886 2971 952 E‘vangelistas
3001 889 3208 952 reperiri
3248 886 3641 938 consensionem.

1879 1006 2300 1051 -οθθθοοεε-ο-ο-

537 1164 910 1220 Puosocus.-—
920 1153 946 1207 l
960 1191 973 1206 .
987 1145 1248 1218 Quoniam
1259 1153 1505 1197 sermone
1514 1151 1620 1192 non
1636 1132 1783 1189 brevi
1805 1138 1858 1186 et
1871 1126 1934 1184 ad
1942 1139 2049 1182 mo-

469 1261 593 1313 dum
634 1247 1130 1314 necessario,quem
1165 1238 1300 1293 libro
1329 1249 1436 1289 uno
1465 1226 1943 1299 complexisumus,

470 1311 754 1406 futavimus
802 1311 1336 1396 earum—vanitatem,
1389 1325 1476 1395 qui
1526 1319 1811 1390 discipulos
1854 1311 2050 1370 Christi

470 1437 814 1509 Evangelium
831 1426 1246 1488 conscribentes,
1261 1419 1382 1474 ideo
1398 1409 1814 1509 contemnendos
1843 1409 2047 1509 putant,

468 1532 590 1602 quia
611 1502 776 1598 ipsius
801 1519 997 1578 Christi
1027 1530 1185 1586 quem
1219 1512 1341 1565 licet
1361 1523 1462 1563 non
1500 1514 1556 1558 ut
1575 1505 1762 1602 Deum,
1791 1510 1966 1602 tamen
1995 1502 2054 1549 ut

469 1592 739 1680 hominem
785 1613 1043 1685 sapientia
1087 1609 1242 1677 longe
1291 1616 1399 1672 prae
1440 1597 1650 1655 caeteris
1707 1592 2052 1685 excellentem

470 1677 988 1770 honorandum-esse
1026 1714 1130 1754 non
1169 1695 1432 1755 dubitant,
1460 1688 1602 1743 nulla
1641 1684 1834 1752 scripta
1877 1677 2049 1750 profe-

469 1818 659 1864 runtur
685 1821 717 1859 a
743 1801 897 1857 nobis
920 1813 934 1862 ;
963 1806 1018 1850 et
1046 1806 1170 1847 eum
1195 1787 1314 1843 talia
1343 1782 1620 1852 scripsisse
1643 1775 1810 1832 videri
1845 1773 2050 1864 volunt,

470 1861 644 1970 qualia
681 1889 916 1964 perversi
946 1885 1198 1954 diligunt,
1231 1893 1336 1933 non
1361 1873 1605 1946 qualibus
1631 1867 1780 1970 lectis
1883 1861 2058 1970 credi:-

470 1955 538 2044 tis
565 2004 592 2042 a
614 1955 966 2057 perversitate
987 1973 1179 2042 corrigi
1207 1975 1429 2040 possunt
1452 1983 1464 2018 :
1491 1977 1630 2017 nunc
1650 1959 1758 2029 jam
1780 1955 2056 2057 videamus

471 2097 533 2136 ea
559 2047 679 2149 qua:
707 2081 954 2145 quatuor
975 2062 1324 2133 Evangelistaa
1359 2055 1427 2110 de
1454 2052 1668 2119 Christo
1707 2047 2054 2149 scripserunt,

473 2143 920 2242 quemadmodum
971 2157 1073 2213 sibi
1118 2163 1277 2221 atque
1319 2149 1456 2202 inter
1501 2160 1559 2198 se
1601 2143 1934 2239 congruant;
1989 2146 2059 2186 ne

473 2229 599 2332 quid
628 2274 693 2312 ex
737 2255 838 2310 hoc
869 2253 920 2305 in
961 2248 1064 2304 ﬁde
1100 2241 1387 2300 christiana
1429 2232 1730 2292 oil‘endiculi
1771 2229 2054 2332 patiantur,

473 2322 564 2424 qui
591 2349 909 2407 curiosiores
937 2355 1094 2412 quam
1126 2334 1430 2415 capaciores
1468 2335 1609 2388 sunt,
1649 2322 1788 2394 quod
1833 2333 1938 2374 non
1977 2325 2059 2418 ut-

473 2416 702 2512 cumque
736 2433 1014 2509 perlectis,
1053 2429 1149 2484 sed
1186 2425 1335 2495 quasi
1376 2418 1683 2512 diligentius
1717 2416 2060 2484 perscrutatis

475 2507 796 2603 evangelicis
833 2525 1040 2585 Libris,
1069 2513 1493 2574 inconvenientia
1533 2507 1788 2603 quaedam
1815 2513 1870 2558 et
1904 2515 2063 2570 repu-

475 2597 689 2696 gnaniia
715 2635 773 2675 se
800 2611 1216 2686 deprehendisse
1239 2606 1624 2672 existimantes,
1654 2597 1820 2696 magis
1843 2611 1906 2696 ea
1932 2607 2064 2696 con-

477 2682 705 2771 :entiose
750 2682 1086 2776 objectanda,
1133 2713 1291 2772 quam
1343 2694 1631 2767 prudenter
1674 2682 2062 2764 consideranda

477 2821 597 2862 esse
616 2802 959 2858 arbitrantur.

477 2895 705 2954 CAPUT
733 2887 1022 2948 PRIMUM.
1049 2915 1122 2928 ——
1149 2884 1318 2950 Quare
1345 2894 1500 2949 usque
1529 2875 1596 2928 ad
1631 2869 1824 2940 Ioseph
1853 2881 2064 2940 genera-

527 3043 530 3047 .
564 2999 696 3043 tores
733 2983 923 3041 Christi
949 2985 1422 3038 commemorentur,
1463 2985 1576 3024 cum
1612 2969 1674 3020 de
1710 2965 1850 3019 illius
1883 2960 2068 3016 semine

553 3079 782 3134 Christus
807 3091 906 3128 non
933 3072 996 3126 sit
1022 3079 1187 3134 natus,
1218 3066 1306 3121 sed
1331 3064 1394 3118 de
1431 3060 1634 3131 Virgine
1663 3056 1852 3110 Maria.

548 3167 605 3223 Et.
645 3165 922 3221 Matthmus
947 3159 1269 3229 evangelista
1299 3155 1376 3208 sic
1403 3166 1557 3206 orsus
1582 3156 1665 3204 est
1689 3164 1702 3200 :
1735 3144 1885 3198 Liber
1913 3156 2068 3213 gene-

481 3257 691 3314 rationis
708 3254 834 3309 Iesu
854 3250 1060 3316 Christi,
1079 3248 1174 3318 ﬁlii
1194 3243 1378 3308 David,
1405 3241 1497 3310 ﬁlii
1516 3237 1772 3293 Abraham
1795 3233 2008 3300 (Matth.
2027 3247 2066 3298 ι,

485 3349 578 3424 1).
627 3349 744 3416 Quo
781 3343 1010 3401 exordio
1055 3356 1153 3394 suo
1201 3338 1330 3393 satis
1373 3331 1626 3397 ostendit,
1670 3327 2068 3400 generationem

480 3419 681 3500 Christi
724 3436 1014 3494 secundum
1043 3446 1258 3487 carnem
1304 3444 1362 3502 se
1400 3425 1699 3494 suscepisse
1726 3419 2066 3476 narrandam.

481 3531 784 3591 Secundum
834 3528 973 3583 hanc
1013 3525 1154 3580 enim
1201 3521 1445 3577 Christus
1489 3517 1627 3572 ﬁlius
1669 3513 1903 3569 hominis
1946 3517 2067 3576 est,

482 3624 624 3695 quod
653 3622 810 3677 etiam
841 3634 900 3673 se
940 3618 1054 3687 ipse
1081 3611 1373 3681 smpissime
1410 3607 1641 3678 appellat
1667 3605 1684 3676 (
1706 3602 1794 3658 Id.
1832 3617 1945 3695 vin,
1974 3599 2066 3695 29,

483 3691 530 3769 et
553 3729 634 3780 ιι,
665 3712 763 3783 6),
795 3705 1178 3766 commendans
1206 3700 1358 3756 nobis
1395 3699 1520 3770 quid
1549 3693 1962 3751 misericorditer
1989 3691 2070 3744 di-

485 3813 677 3874 gnatus
702 3802 770 3856 sit
798 3814 918 3855 esse
943 3813 1038 3868 pro
1066 3795 1238 3849 nobis.
1263 3792 1396 3867 Nam
1426 3790 1514 3843 illa
1539 3802 1766 3856 superna
1793 3795 1846 3840 et
1870 3792 2070 3838 mterna

484 3893 760 3965 generatio
780 3931 797 3959 ,
836 3887 1126 3945 secundum
1162 3899 1320 3954 quam
1352 3882 1516 3935 Filius
1542 3879 1634 3932 Dei
1666 3874 1965 3946 unigenitus
1989 3879 2073 3927 est

484 3994 611 4041 ante
640 3996 852 4039 omnem
880 3988 1177 4035 creaturam
1199 4017 1215 4042 ,
1243 3974 1364 4044 quia
1391 3972 1568 4026 omnia
1601 3985 1694 4038 per
1721 3969 1891 4037 ipsum
1934 3965 2072 4018 facta

484 4087 636 4142 sunt,
668 4077 738 4130 ita
767 4071 1047 4128 inell'abilis
1072 4077 1190 4134 est,
1220 4076 1276 4121 ut
1304 4066 1370 4120 de
1400 4065 1488 4118 illa
1519 4063 1718 4117 dictum
1746 4076 1775 4113 a
1810 4058 2070 4130 propheta

488 4169 844 4238 intelligatur,
879 4161 1260 4217 Cenerationem
1307 4157 1417 4224 ejus
1452 4155 1562 4224 quis
1591 4151 1843 4206 enarrabit
1903 4147 2072 4222 (lsai.

487 4278 612 4328 LIII,
645 4259 760 4330 8)?
800 4253 1125 4322 Exsequitur
1178 4263 1306 4319 ergo
1348 4247 1632 4300 humanam
1678 4241 2074 4312 generationem

486 4351 685 4408 Christi
720 4347 998 4403 Mattlueus
1017 4385 1032 4409 ,
1061 4342 1130 4396 ab
1159 4339 1426 4395 Abraham
1457 4343 1798 4407 generatorcs
1834 4347 2073 4386 comme-

488 4459 726 4511 morans,
769 4425 903 4511 quos
949 4433 1192 4507 perducit
1233 4431 1299 4486 ad
1342 4427 1540 4499 Ioseph
1583 4427 1753 4508 virum
1793 4424 1970 4478 Maria:
2008 4422 2076 4478 de

489 4551 594 4606 qua
627 4542 780 4588 natus
817 4540 901 4586 est
925 4528 1100 4584 Jesus.
1129 4523 1312 4593 Neque
1338 4522 1478 4576 enim
1517 4521 1594 4573 l'as
1633 4525 1750 4572 erat
1782 4525 1840 4570 ut
1877 4514 1946 4570 ob
1977 4513 2077 4568 hoc

488 4643 613 4682 eum
635 4641 667 4680 a
695 4621 943 4691 conjugio
968 4617 1148 4674 Maria:
1174 4613 1524 4685 separandum
1553 4618 1780 4681 putaret,
1803 4606 1944 4678 quod
1971 4621 2077 4660 non

489 4733 557 4772 ex
581 4716 695 4784 ejus
731 4709 1051 4774 concubitu,
1091 4706 1186 4763 sed
1215 4705 1362 4774 virgo
1401 4701 1607 4773 peperit
1645 4701 1933 4756 Christum.
1967 4698 2077 4752 lloc

492 4810 636 4865 enim
665 4801 912 4874 exemplo
934 4801 1212 4871 magniﬁce
1238 4797 1535 4852 insinuatur
1561 4793 1802 4865 ﬁdelibus
1829 4789 2081 4860 conjuga-

491 4904 581 4968 tis,
617 4899 776 4955 etiam
818 4902 1029 4951 servata
1070 4891 1185 4962 pari
1221 4903 1486 4945 consensu
1528 4884 1887 4948 continentia,
1921 4897 2080 4952 posse

494 4976 816 5064 permanere
842 4985 1127 5053 vocarique
1155 4981 1453 5050 conjugiqu
1472 5020 1487 5046 ,
1530 4992 1636 5032 non
1666 4975 1934 5046 permixto
1961 4987 2082 5026 cor-

495 5085 640 5156 poris
664 5097 816 5149 sexu,
853 5077 949 5135 sed
982 5075 1246 5134 custodito
1275 5072 1473 5127 mentis
1499 5069 1689 5124 atTeetu
1725 5085 1739 5118 :
1783 5065 2080 5137 pnesertim

495 5177 616 5246 quia
657 5173 804 5228 nasci
834 5171 912 5226 eis
939 5170 1100 5225 etiam
1134 5167 1274 5220 ﬁlius
1302 5163 1470 5234 potuit
1509 5161 1624 5214 sine
1662 5158 1772 5212 ullo
1801 5157 2078 5226 complexu

497 5267 716 5331 carnali,
743 5264 833 5334 qui
864 5269 1080 5334 propter
1107 5258 1248 5313 solos
1272 5251 1562 5326 gignendos
1590 5251 1723 5304 ﬁlios
1747 5248 2081 5304 adhibendus

497 5373 597 5419 est.
646 5361 829 5430 Neque
885 5357 1027 5411 enim
1078 5360 1357 5424 pr0ptcrea
1415 5364 1518 5402 non
1565 5353 1680 5402 erat
1735 5342 2082 5414 appellandus

493 5452 692 5522 Ioseph
737 5444 886 5521 pater
931 5445 1146 5512 Christi,
1179 5443 1299 5514 quia
1349 5455 1458 5496 non
1505 5455 1626 5495 cum
1676 5436 2084 5493 concumbendo

494 5539 1226 5618 genuerat,quandoquidem
1257 5545 1400 5592 recte
1430 5544 1579 5606 pater
1607 5541 1750 5588 esset
1781 5533 1938 5586 etiam
1969 5530 2083 5600 ejus

497 5654 657 5710 quem
699 5653 803 5692 non
829 5651 897 5691 ex
926 5649 1020 5688 sua
1051 5632 1274 5702 conjuge
1316 5634 1683 5699 procreatum,
1711 5622 1924 5678 aliunde
1955 5621 2086 5676 ado-

495 5737 718 5802 ptasset.

571 5826 625 5880 ‘5.
668 5818 960 5877 Putabatur
994 5817 1206 5889 quidem
1252 5813 1495 5872 Christus
1542 5813 1700 5869 etiam
1747 5813 1902 5870 aliter
1945 5810 2084 5868 ﬁlius

501 5913 723 5982 Ioseph,
753 5921 1002 5978 tanquam
1040 5927 1105 5966 ex
1143 5908 1258 5975 ejus
1287 5906 1505 5962 omnino
1535 5923 1697 5962 carne
1736 5908 2079 5977 progenitus;

2156 1119 2252 1175 sed
2278 1120 2347 1175 ab
2369 1119 2447 1176 eis
2480 1119 2584 1177 hoc
2606 1120 2913 1192 putabatur,
2931 1135 3067 1193 quos
3094 1105 3272 1176 Maria:
3297 1120 3502 1176 latebat
3525 1119 3750 1191 virgini-

2157 1221 2259 1266 tas.
2292 1211 2422 1267 Nam
2451 1213 2622 1269 Lucas
2646 1214 2756 1269 ait:
2785 1213 2856 1268 Et
2893 1215 2999 1284 ipse
3022 1211 3173 1268 Iesus
3199 1223 3304 1267 erat
3331 1214 3577 1284 incipiens
3601 1211 3750 1282 quasi

2158 1320 2407 1357 annorum
2438 1305 2661 1374 triginta,
2692 1315 2748 1358 ut
2777 1304 3068 1376 putabatur,
3100 1305 3238 1375 ﬁlius
3265 1303 3457 1375 Ioseph
3485 1303 3635 1375 (an.
3668 1319 3748 1369 Ill,

2157 1393 2275 1465 23).
2304 1395 2409 1462 Qui
2432 1403 2608 1450 tamen
2637 1397 2806 1450 Lucas
2830 1411 2936 1452 non
2979 1397 3094 1464 ejus
3126 1406 3399 1465 parentem
3434 1397 3605 1449 solam
3636 1394 3751 1448 Ma-

2158 1471 2314 1551 riam,
2345 1485 2437 1540 sed
2465 1487 2650 1542 ambos
2684 1497 2934 1557 parentes
2963 1486 3079 1556 ejus
3107 1489 3378 1557 appellare
3405 1489 3622 1542 minime
3651 1487 3750 1542 du-

2159 1573 2363 1642 bitavit,
2387 1575 2477 1629 ubi
2504 1577 2577 1631 ait
2599 1595 2613 1630 :
2645 1575 2786 1631 Puer
2811 1587 2978 1632 autem
3003 1581 3252 1631 crescebat
3277 1587 3322 1632 et
3371 1579 3754 1650 confortabatur

2160 1665 2339 1738 plenus
2384 1669 2651 1737 sapientia,
2682 1678 2728 1723 et
2768 1671 2931 1741 gratia
2974 1669 3073 1723 Dei
3112 1680 3219 1724 erat
3256 1673 3308 1724 in
3347 1671 3458 1725 illo.
3500 1670 3568 1724 Et
3608 1672 3751 1738 ibant

2163 1751 2394 1828 parentes
2439 1761 2548 1830 ejus
2587 1776 2676 1830 per
2721 1777 2892 1815 omnes
2934 1778 3096 1815 annos
3136 1763 3190 1815 in
3241 1760 3525 1817 Ierusalem
3574 1763 3628 1814 in
3673 1762 3757 1815 die

2161 1850 2373 1904 solemni
2408 1849 2644 1905 Paschw.
2674 1851 2779 1906 Sed
2808 1867 2874 1908 ne
2911 1853 3188 1923 quisquam
3223 1853 3309 1907 hic
3337 1862 3585 1922 parentes
3622 1868 3756 1908 con-

2162 1942 2485 2009 sanguineos
2518 1943 2691 2011 potius
2719 1943 2896 1996 Maria:
2925 1958 3044 1998 cum
3072 1945 3185 2012 ipsa
3211 1952 3383 1998 matre
3412 1945 3527 2014 ejus
3552 1944 3758 1997 intelli-

2163 2033 2365 2102 gendos
2407 2043 2591 2103 putet,
2638 2035 2764 2105 quid
2804 2036 2870 2089 ad
2902 2036 3030 2091 illud
3061 2037 3438 2106 respondebit,
3467 2037 3607 2107 quod
3645 2038 3759 2108 ipse

2165 2123 2292 2178 item
2323 2115 2496 2179 Lucas
2525 2127 2768 2196 superius
2796 2127 2948 2181 dixit.
2974 2127 3037 2181 Et
3063 2137 3168 2182 erat
3210 2135 3351 2198 pater
3380 2131 3488 2199 ejus
3514 2138 3560 2182 et
3593 2139 3758 2183 mater

2165 2215 2404 2269 mirantes
2429 2233 2579 2284 super
2604 2218 2666 2271 iis
2701 2234 2813 2284 qua:
2845 2218 3136 2272 dicebantur
3161 2219 3225 2274 de
3261 2221 3352 2274 illo
3383 2223 3400 2289 (
3436 2219 3529 2291 Id.
3553 2237 3621 2288 υ,
3650 2220 3757 2288 40,

2165 2305 2256 2370 41,
2287 2303 2439 2378 33)?
2469 2306 2601 2361 Cum
2648 2307 2804 2377 igitur
2845 2308 2958 2378 ipse
2988 2320 3188 2374 narret,
3219 2326 3324 2384 non
3365 2325 3430 2367 ex
3473 2312 3759 2383 concubitu

2166 2394 2389 2465 Ioseph,
2421 2397 2512 2451 sed
2541 2412 2605 2450 ex
2633 2398 2793 2452 Maria
2834 2400 3036 2468 virgine
3065 2409 3246 2454 natum
3275 2401 3541 2455 Christum
3569 2417 3585 2466 ;
3617 2402 3762 2458 unde

2168 2503 2290 2542 eum
2320 2497 2524 2556 patrem
2564 2489 2680 2558 ejus
2708 2491 2958 2560 appellat,
2992 2491 3092 2545 nisi
3123 2492 3244 2562 quia
3276 2502 3328 2548 et
3368 2495 3538 2549 virum
3581 2494 3762 2550 Maria:

2170 2589 2317 2634 recte
2350 2581 2694 2651 intelligimus
2733 2584 2849 2636 sine
2891 2584 3269 2640 commixtione
3296 2587 3493 2651 carnis,
3522 2588 3636 2657 ipsa
3663 2601 3761 2642 co-

2170 2671 2438 2740 pulatione
2479 2672 2748 2743 conjugii;
2783 2683 2838 2728 et
2867 2674 2936 2727 ob
2974 2674 3078 2730 hoc
3118 2677 3278 2731 etiam
3319 2679 3515 2733 Christi
3551 2689 3764 2751 patrem

2171 2765 2339 2818 mu‘lto
2383 2765 2761 2834 conjunctius,
2811 2767 2899 2835 qui
2946 2782 3011 2821 ex
3051 2767 3165 2837 ejus
3208 2770 3431 2840 conjuge
3474 2779 3628 2825 natus
3671 2771 3764 2839 sit,

2171 2873 2328 2928 quam
2365 2859 2409 2912 si
2449 2868 2592 2913 esset
2631 2858 2846 2914 aliunde
2883 2860 3208 2929 ad0ptatus?
3240 2862 3394 2918 Unde
3422 2861 3768 2917 manifestum

2173 2960 2254 3004 est
2278 2949 2427 3017 illud,
2451 2951 2591 3021 quod
2616 2952 2710 3018 ait,
2741 2950 2807 3006 Ut
2833 2952 3125 3022 putabatur,
3153 2956 3291 3022 ﬁlius
3312 2955 3524 3027 Ioseph,
3549 2967 3770 3027 pr0pter

2172 3040 2293 3096 illos
2331 3041 2546 3105 dixisse,
2579 3043 2666 3112 qui
2695 3057 2816 3096 eum
2857 3059 2922 3097 ex
2961 3041 3199 3114 .loseph‘L
3216 3047 3354 3101 sicut
3390 3048 3479 3102 alii
3517 3047 3770 3104 homines

2175 3142 2487 3198 nascuntur,
2517 3142 2700 3186 natum
2732 3135 3132 3190 arbitrabantur

2176 3223 2399 3280 CAPUT
2439 3223 2502 3278 ll.
2528 3255 2600 3265 —
2632 3225 2896 3290 Quomodo
2920 3229 2984 3281 sit
3013 3225 3241 3283 Christus
3269 3230 3407 3298 ﬁlius
3434 3229 3624 3297 David,
3655 3249 3771 3286 cum

2318 3332 2384 3370 ea:
2409 3315 2600 3388 Ioseph
2629 3318 2726 3386 ﬁlii
2750 3317 2919 3370 David
2943 3320 3210 3373 concubitu
3235 3338 3336 3376 non
3363 3323 3427 3375 sit
3457 3333 3626 3378 natus.
3791 3379 3798 3386 ,

2248 3407 2302 3462 4.
2329 3409 2408 3462 Ac
2431 3425 2525 3479 per
2546 3409 2668 3476 huc,
2692 3411 2850 3465 etiam
2875 3411 2918 3466 si
2947 3411 3314 3470 demonstrare
3335 3415 3527 3488 aliquis
3555 3428 3760 3488 posset,

2179 3499 2394 3554 Mariam
2436 3516 2500 3556 ex
2547 3501 2712 3556 David
2757 3503 2954 3557 nullam
2999 3507 3472 3575 consanguinitatis
3511 3512 3774 3582 originem

2177 3591 2395 3657 ducere,
2426 3600 2507 3646 sat
2546 3601 2666 3646 erat
2706 3595 2995 3649 secundum
3028 3595 3182 3649 istam
3217 3600 3484 3656 rationem
3528 3603 3778 3671 accipere

2177 3682 2446 3737 Christum
2496 3684 2662 3738 lilium
2712 3684 2916 3751 David,
2966 3701 3068 3756 qua
3117 3689 3324 3746 ratione
3371 3692 3530 3745 etiam
3569 3691 3777 3764 Ioseph

2179 3783 2329 3844 pater
2369 3775 2484 3843 ejus
2523 3785 2669 3829 recte
2711 3776 3008 3845 appellatus
3044 3787 3126 3833 est
3156 3797 3169 3832 :
3201 3791 3399 3850 quanto
3437 3785 3623 3853 magis,
3653 3799 3777 3839 cum

2179 3865 2450 3919 evidenter
2493 3864 2637 3919 dicat
2679 3868 2951 3935 apostolus
2993 3867 3210 3936 Paulus,
3252 3886 3316 3926 ex
3361 3874 3566 3928 semine
3606 3873 3778 3928 David

2179 3955 2469 4010 secundum
2497 3971 2714 4011 carnem
2741 3957 3010 4012 Christum
3037 3959 3056 4030 (
3079 3961 3228 4015 Rom.
3260 3977 3297 4029 ι,
3327 3961 3418 4034 5),
3447 3962 3617 4033 ipsam
3644 3979 3782 4035 quo—

2180 4065 2284 4121 que
2325 4049 2541 4104 Mariam
2572 4049 2640 4104 de
2667 4051 2834 4120 stirpe
2876 4051 3037 4106 David
3077 4054 3305 4124 aliquam
3339 4057 3781 4126 consanguinita-

2181 4147 2288 4196 tem
2335 4139 2578 4207 duxisse,
2619 4139 2865 4197 dubitare
2910 4143 3092 4212 utique
3139 4159 3247 4199 non
3293 4145 3569 4201 debemus.
3611 4146 3780 4218 Cujus

2183 4232 2398 4290 feminae
2439 4233 2689 4304 quoniam
2736 4249 2834 4289 nec
2863 4235 3196 4291 sacerdotale
3235 4252 3404 4307 genus
3437 4247 3662 4306 tacetur,
3690 4240 3780 4294 in-

2181 4325 2427 4378 sinuante
2471 4323 2634 4392 Luca,
2673 4325 2814 4394 quod
2863 4334 3085 4396 cognata
3131 4327 3246 4396 ejus
3291 4337 3434 4383 esset
3479 4329 3779 4398 Elisabctb,

2181 4431 2339 4486 quam
2365 4415 2494 4469 dicit
2521 4414 2586 4469 de
2612 4415 2823 4470 ﬁliabus
2848 4408 3027 4472 AarOn
3058 4416 3226 4488 (Luc.
3256 4434 3294 4484 ι,
3325 4419 3413 4484 56,
3442 4421 3510 4491 5)
3536 4420 3785 4492 {ﬁrmis-

2183 4508 2317 4564 sime
2341 4507 2629 4563 tcnendum
2655 4516 2739 4563 est
2762 4523 2977 4564 carnem
3010 4509 3205 4566 Christi
3231 4527 3298 4567 ex
3329 4525 3554 4584 utroque
3581 4530 3783 4584 genere

2184 4610 2549 4671 propagatam,
2580 4609 2634 4656 et
2659 4617 2844 4672 regum
2873 4603 3074 4658 scilicet
3101 4614 3155 4658 et
3185 4605 3547 4673 sacerdotum,
3576 4607 3633 4661 in
3661 4609 3783 4677 qui-

2184 4693 2284 4749 bus
2311 4695 2554 4764 personis
2579 4694 2719 4764 apud
2759 4694 2907 4749 illum
2944 4697 3194 4767 populum
3227 4697 3572 4753 Hebraeorum
3613 4701 3781 4756 etiam

2183 4785 2408 4854 mystica
2457 4787 2639 4840 unctio
2685 4785 3028 4856 ﬁgurabatur,
3076 4788 3129 4842 id
3177 4798 3280 4856 est,
3329 4789 3582 4856 chrisma,
3637 4792 3783 4848 unde

2183 4875 2381 4955 Christi
2421 4892 2616 4931 nomen
2647 4877 2856 4944 elucet,
2890 4889 3038 4935 tanto
3063 4888 3188 4936 ante
3218 4882 3379 4937 etiam
3420 4882 3512 4938 illa
3552 4884 3783 4940 eviden-

2185 4967 2389 5022 tissima
2418 4966 2804 5037 signiﬁcatione
2830 4973 3258 5039 praenuntiatum.

2256 5059 2483 5115 CAPUT
2623 5091 2696 5138 -.—
2727 5062 2898 5127 Quare
2925 5061 3052 5118 alios
3081 5077 3492 5138 progeneratares
3520 5069 3707 5126 Christi

2505 5130 2781 5186 Mattharus
2808 5130 3091 5199 enumerat,
3113 5130 3239 5191 alios
3268 5138 3453 5193 Lucas.

2256 5223 2309 5279 5.
2350 5221 2494 5289 Quos
2535 5232 2713 5278 autem
2759 5233 2963 5290 movet,
2991 5225 3133 5296 quod
3174 5227 3308 5283 alios
3339 5241 3782 5301 progeneratores

2185 5315 2466 5370 Mattha-us
2508 5325 2805 5382 enumerat,
2836 5315 3166 5373 descendens
3213 5333 3242 5372 a
3291 5320 3451 5374 David
3498 5337 3667 5392 usque
3713 5321 3782 5378 ad

2185 5406 2386 5478 Ioseph
2414 5405 2624 5479 (Matth.
2649 5423 2687 5472 t,
2721 5406 2892 5481 1-16),
2919 5409 3053 5463 alios
3081 5417 3256 5465 autem
3289 5410 3458 5465 Lucas
3483 5412 3783 5468 ascendens

2186 5517 2215 5555 a
2242 5501 2442 5572 Joseph
2475 5516 2643 5571 usque
2671 5501 2734 5556 ad
2767 5502 3113 5573 David"(Luc.
3145 5520 3220 5571 Ill,
3248 5503 3460 5575 23-38),
3491 5503 3649 5560 facile
3675 5514 3782 5572 est,

2189 5602 2246 5647 ut
2293 5592 2569 5669 advertant
2611 5591 2746 5647 duos
2791 5603 2970 5662 patres
3017 5593 3213 5650 habere
3255 5597 3491 5667 potuisse
3533 5596 3737 5668 Ioseph
3763 5638 3780 5664 ,

2187 5702 2352 5742 unum
2392 5702 2421 5740 a
2461 5701 2566 5756 quo
2602 5687 2834 5756 genitus,
2871 5686 3098 5741 alterum
3138 5703 3169 5743 a
3209 5704 3316 5759 quo
3351 5687 3514 5744 fuerit
3552 5690 3784 5760 adopta~

2188 5788 2275 5834 tus
2301 5778 2395 5850 (a).
2419 5775 2647 5848 Antiqua
2673 5787 2755 5832 est
2781 5778 2921 5833 enim
2948 5780 3277 5836 consuetudo
3301 5781 3586 5853 ad0ptandi
3615 5784 3782 5844 etiam

2249 5915 2320 5979 (α)
2353 5920 2387 5962 ι]
2409 5917 2614 5963 uetract.
2633 5924 2738 5976 cap.
2779 5909 2854 5962 16.
