4082 6494
336 384 479 449 1073

336 503 394 558 in
437 502 531 559 illo
572 501 766 573 pepqu
805 501 920 569 Dei,
952 510 1011 558 ut
1049 498 1150 558 sibi
1195 503 1330 559 filios
1366 502 1597 559 facerent
1638 516 1771 573 quos
1808 512 1911 554 non

334 595 440 664 ipsi
485 596 811 665 genuissent.
849 594 980 649 Nam
1030 606 1255 664 excepto
1286 595 1427 665 quod
1473 595 1574 649 ﬁlia
1620 593 1912 649 Pharaonis

320 676 554 757 Moysen
584 685 926 755 adoptaverat
954 686 973 758 (
997 686 1169 764 Exod.
1190 703 1246 751 It,
1278 686 1383 759 10)
1416 687 1437 758 (
1457 687 1541 742 illa
1569 686 1761 757 quippe
1788 684 1915 739 alie-

296 788 303 789 ’
329 777 531 845 nigena
552 776 689 847 fuit),
713 777 825 846 ipse
850 778 1012 832 Jacob
1037 788 1257 847 nepotes
1281 792 1408 833 suos
1432 794 1495 831 ex
1521 776 1717 845 Josepli
1738 784 1912 839 natos,

331 868 518 923 verbis
547 870 990 924 manifestissimis
1021 869 1291 941 adoptavit
1317 869 1498 924 dicens
1524 888 1536 923 :
1570 866 1725 923 Nunc
1750 868 1918 937 itaque

335 958 436 1028 ﬁlii
465 960 536 1014 tui
564 960 698 1026 duo,
726 961 814 1032 qui
849 961 970 1030 [acti
1009 970 1123 1014 sunt
1152 962 1239 1014 tibi
1280 963 1570 1031 priusquam
1594 959 1660 1013 ad
1701 970 1747 1013 te
1778 958 1917 1012 ueni-

336 1066 462 1113 rem,
498 1050 593 1103 mei
628 1061 743 1104 sunt
769 1066 787 1103 :
817 1051 1058 1121 Ephrwm
1094 1063 1138 1105 et
1182 1052 1449 1119 Manasse,
1478 1062 1712 1121 tanquam
1745 1050 1918 1105 Ruben

336 1152 381 1195 et
411 1142 618 1197 Simeon
648 1150 796 1194 erunt
822 1142 965 1195 mihi.
1005 1140 1172 1195 Natos
1200 1151 1367 1196 autem
1393 1143 1435 1197 si
1465 1144 1690 1212 genueris
1720 1151 1913 1210 postea,

335 1232 423 1284 tibi
442 1242 590 1285 erunt
619 1230 637 1302 (
662 1230 789 1284 Gen.
823 1247 1006 1296 XLVIII,
1038 1232 1091 1299 ὅ,
1121 1231 1213 1303 6).
1242 1231 1394 1289 Unde
1417 1234 1575 1286 etiam
1612 1231 1807 1286 factum
1838 1239 1919 1285 est

332 1332 391 1374 ut
421 1321 703 1375 duodecim
739 1322 907 1376 tribus
933 1331 1111 1377 essent
1144 1322 1323 1387 Israel,
1351 1331 1571 1393 excepta
1600 1323 1736 1377 tribu
1768 1322 1915 1389 Levi,

329 1428 453 1481 qua:
487 1413 685 1481 templo
723 1413 1026 1478 serviebat;
1058 1429 1177 1468 cum
1217 1429 1278 1468 ea
1305 1414 1499 1483 quippe
1528 1412 1779 1467 tredecim
1807 1412 1921 1466 fue-

331 1514 494 1568 runt,
523 1520 642 1557 cum
674 1505 953 1560 duodecim
993 1506 1219 1561 fuissent.
1248 1505 1341 1560 ﬁlii
1364 1505 1545 1560 Jacob.
1579 1504 1730 1561 Unde
1760 1504 1917 1558 intel-

330 1593 516 1664 ligitur
546 1596 716 1651 Lucas
747 1607 946 1666 patrem
973 1597 1192 1666 Ioseph,
1228 1613 1334 1652 non
1363 1612 1391 1650 a
1418 1613 1522 1667 quo
1565 1597 1793 1667 genitus,
1824 1595 1919 1650 sed

329 1702 366 1740 a
399 1703 503 1757 quo
533 1688 701 1743 fuerat
727 1690 1027 1758 adoptatus,
1062 1691 1359 1760 suscepisse
1387 1690 1438 1744 in
1477 1689 1763 1759 Evangelio
1799 1704 1916 1753 suo,

332 1782 489 1849 cujus
534 1783 900 1852 progenitores
940 1801 1147 1839 sursum
1203 1800 1389 1840 versus
1437 1792 1916 1850 commemoraret,

337 1870 506 1927 donec
541 1874 714 1928 exiret
752 1874 814 1929 ad
850 1875 1033 1929 David.
1064 1876 1194 1930 Cum
1229 1875 1367 1931 enim
1409 1889 1626 1931 necesse
1654 1876 1741 1939 sit,
1772 1882 1919 1929 utro-

336 1979 441 2033 que
470 1966 795 2035 evangelista
824 1982 947 2022 vera
980 1978 1224 2023 narrante
1242 2010 1255 2032 ,
1290 1976 1343 2022 et
1368 1968 1612 2021 Matthazo
1641 1966 1841 2020 scilicet
1868 1975 1922 2021 et

336 2053 503 2123 Luca,
546 2066 602 2111 ut
644 2072 777 2112 unus
823 2073 1006 2114 eorum
1046 2060 1161 2129 ejus
1202 2060 1363 2128 patris
1399 2058 1654 2127 originem
1697 2058 1923 2112 tenuerit

338 2150 426 2219 qui
448 2159 725 2218 genuerat,
751 2152 883 2205 alter
905 2152 1018 2218 ejus
1047 2151 1133 2219 qui
1156 2148 1499 2218 adeptaverat
1521 2148 1739 2216 Joseph,
1765 2163 1922 2217 quem

336 2241 665 2310 probabilius
690 2242 1031 2311 intelligimus
1057 2241 1355 2309 adoptantis
1380 2240 1637 2307 originem
1665 2240 1918 2305 tenuisse,

334 2348 496 2403 quam
527 2349 648 2388 eum
678 2334 765 2403 qui
806 2332 976 2387 noluit
1014 2331 1212 2401 Joseph
1240 2331 1477 2400 genitum
1509 2330 1686 2383 dicere
1724 2330 1791 2382 ab
1832 2330 1923 2383 illo

338 2424 492 2492 cujus
518 2439 639 2478 eum
671 2423 832 2479 ﬁlium
863 2438 982 2479 esse
1008 2420 1293 2476 narrabat?
1317 2420 1660 2474 Commodius
1687 2421 1826 2473 enim
1860 2421 1923 2471 ﬁ-

337 2513 444 2567 lius
492 2515 607 2584 ejus
654 2515 824 2569 dictus
868 2524 969 2578 est,
1001 2529 1031 2567 a
1077 2528 1180 2582 quo
1224 2510 1396 2566 fuerat
1435 2511 1735 2579 adoptatus,
1765 2526 1920 2578 quam

337 2606 606 2662 diceretur
633 2609 700 2663 ab
738 2608 828 2662 illo
859 2608 1065 2678 genitus
1091 2606 1243 2673 cujus
1270 2620 1431 2661 carne
1457 2620 1561 2658 non
1595 2612 1711 2658 erat
1744 2611 1920 2658 natus.

339 2696 621 2752 Mattlneus
649 2707 825 2752 autem
857 2698 1058 2761 dicens,
1092 2697 1346 2749 Abraham
1374 2696 1541 2767 genuit
1571 2694 1740 2760 Isaac,
1773 2694 1924 2748 Isaac

340 2789 514 2859 genuit
538 2787 718 2853 Jacob,
752 2799 906 2857 atque
934 2788 1003 2841 ita
1034 2788 1086 2840 in
1114 2787 1214 2841 hoc
1240 2786 1404 2840 verbo
1432 2786 1571 2856 quod
1598 2795 1695 2847 est,
1731 2786 1921 2855 genuit,

343 2894 689 2949 perseverans
717 2879 887 2932 donec
916 2878 968 2931 in
998 2877 1183 2931 ultimo
1212 2877 1429 2940 diceret,
1461 2874 1621 2929 Jacob
1648 2883 1811 2928 autent
1836 2891 1923 2944 ge-

344 2972 453 3024 nuit
480 2970 671 3040 Joseph
694 2986 713 3034 ;
742 2971 869 3025 satis
908 2969 1171 3038 expressit
1198 2969 1263 3022 ad
1294 2984 1413 3023 eum
1458 2976 1661 3037 patrem
1703 2981 1760 3020 se
1803 2982 1926 3035 per-

344 3052 567 3119 duxisse~
601 3063 841 3118 ordinem
881 3063 898 3094 ¹
943 3061 1328 3132 generantium,
1370 3075 1399 3114 a
1441 3075 1546 3131 quo
1582 3058 1780 3129 Joseph
1821 3072 1926 3113 non

344 3155 646 3225 adoptatus,
677 3154 769 3208 sed
796 3153 1005 3224 genitus
1035 3161 1167 3208 erat.

417 3248 471 3301 6.
495 3246 802 3316 Quanquam
827 3245 871 3299 si
892 3244 1049 3299 etiam
1068 3243 1237 3298 Lucas
1257 3242 1490 3313 genitum
1511 3242 1708 3296 diceret
1730 3240 1928 3309 Joseph

346 3338 415 3391 ab
446 3337 583 3401 Heli,
617 3352 715 3391 nec
743 3336 820 3389 sic
852 3351 952 3390 nos
981 3336 1081 3390 hoc
1109 3334 1326 3389 verbum
1357 3320 1665 3403 perturbare
1690 3332 1927 3399 deberet,

347 3438 407 3482 ut
432 3428 572 3480 aliud
595 3426 935 3481 crederemus
958 3441 1112 3495 quam
1139 3425 1206 3479 ab
1236 3440 1341 3478 uno
1368 3423 1688 3493 evangelista
1712 3423 1933 3492 gignen-

349 3526 479 3580 tem,
512 3518 579 3571 ab
608 3518 774 3571 altero
800 3516 1139 3584 adoptantem
1182 3525 1384 3585 patrem
1413 3515 1577 3570 fuisse
1603 3530 1930 3570 commemo-

350 3617 544 3662 ratum.
594 3606 774 3677 Neque
835 3606 979 3662 enim
1030 3606 1259 3661 absurde
1318 3605 1543 3675 quisque
1590 3605 1781 3676 dicitur
1825 3621 1931 3660 non

351 3713 532 3763 carne,
573 3699 667 3754 sed
696 3698 953 3755 charitate
982 3696 1247 3768 genuisse,
1280 3712 1436 3766 quem
1479 3696 1643 3751 ﬁlium
1671 3697 1771 3751 sibi
1799 3697 1931 3751 ado-

351 3795 578 3864 ptaverit
602 3812 615 3847 :
647 3801 737 3846 aut
763 3806 888 3846 vero
914 3792 1073 3846 etiam
1104 3806 1201 3843 nos
1225 3790 1415 3860 quibus
1445 3789 1590 3844 dedit
1617 3790 1757 3843 Deus
1786 3800 1937 3859 pote-

354 3892 545 3939 statem
587 3883 723 3937 ﬁlios
765 3882 882 3951 ejus
923 3880 1071 3946 ﬁeri,
1111 3879 1178 3935 de
1220 3889 1405 3933 natura
1445 3888 1602 3949 atque
1642 3879 1935 3933 substantia

356 3990 451 4029 sua
478 3988 574 4027 nos
601 3973 806 4043 genuit,
839 3972 976 4027 sicut
1009 3970 1218 4025 unicum
1259 3969 1481 4035 Filium,
1512 3970 1621 4023 sed'
1645 3970 1823 4039 utique
1850 3969 1935 4023 di-

355 4065 583 4119 lectione
608 4062 893 4133 adOptavit.
917 4064 1033 4129 Quo
1060 4061 1223 4115 verbo
1254 4061 1538 4130 Apostolus
1564 4076 1704 4129 saepe
1729 4060 1802 4113 uti
1828 4075 1936 4114 non

359 4158 430 4212 ob
459 4156 599 4211 aliud
634 4155 941 4224 intelligitur
970 4151 1157 4222 (Rom.
1195 4167 1311 4219 VIII,
1344 4150 1429 4219 15,
1462 4161 1507 4205 et
1534 4166 1591 4215 II,
1621 4149 1711 4222 4),
1741 4150 1840 4203 nisi
1869 4150 1938 4205 ad

358 4248 767 4305 discernendum
815 4246 1155 4316 Unigenitum
1200 4255 1321 4300 ante
1361 4260 1570 4299 omnem
1619 4251 1936 4310 creaturam,

358 4358 455 4413 per
485 4338 641 4411 quem
671 4339 809 4397 facta
849 4349 973 4395 sunt
1005 4339 1179 4393 omnia
1199 4379 1214 4403 ,
1245 4337 1336 4407 qui
1364 4337 1511 4391 solus
1548 4336 1616 4390 de
1646 4335 1941 4389 substantia

270 4460 289 4471 κ
340 4435 533 4499 Patris
570 4444 724 4490 natus
769 4441 872 4499 est,
914 4429 1204 4486 secundum
1250 4428 1604 4498 aequalitatem
1653 4427 1943 4481 divinitatis

360 4510 464 4583 hoc
491 4526 708 4581 omnino
747 4522 886 4593 quod
914 4522 1106 4575 Pater:
1136 4535 1291 4590 quem
1322 4520 1539 4572 missum
1570 4517 1697 4571 dicit
1722 4518 1786 4571 ad
1817 4532 1941 4571 sus-

361 4618 658 4689 cipiendam
687 4630 902 4670 carnem
932 4628 998 4666 ex
1036 4613 1129 4665 illo
1166 4594 1382 4681 genere,
1409 4625 1512 4678 quo
1539 4618 1592 4664 et
1621 4624 1719 4663 nos
1747 4623 1942 4661 secun-

362 4711 491 4766 dum
539 4716 781 4763 naturam
826 4714 1060 4759 nostram
1103 4716 1305 4765 sumus,
1356 4709 1414 4753 ut
1458 4699 1548 4753 illo
1598 4699 1944 4767 participante

362 4801 737 4859 mortalitatem
769 4810 1002 4851 noswam
1035 4808 1131 4863 per
1171 4782 1530 4855 dilectionem,
1573 4805 1668 4843 nos
1709 4788 1946 4844 efficeret

362 4893 648 4965 participes
689 4887 981 4943 divinitatis
1016 4900 1124 4939 suae
1165 4898 1258 4951 per
1296 4881 1655 4950 ad0ptionem.
1689 4882 1760 4933 lta
1800 4881 1943 4935 enim

365 4986 493 5041 dicit
518 5002 530 5037 :
560 4982 687 5037 Cum
715 4991 882 5032 autem
919 4978 1049 5029 venit
1080 4973 1336 5046 plenitudo
1377 4973 1630 5041 temporis,
1646 4972 1779 5025 misit
1808 4971 1945 5026 Deus

367 5074 561 5130 Filium
589 5088 738 5126 suum
777 5074 967 5140 factum
1006 5083 1067 5121 ea:
1106 5065 1329 5128 muliere,
1360 5064 1547 5134 factum
1578 5066 1667 5117 sub
1697 5064 1861 5134 Lege,
1892 5072 1946 5118 ut

367 5185 452 5223 eos
469 5167 555 5239 qui
577 5164 667 5218 sub
693 5161 823 5231 Lege
846 5168 984 5213 erant
1004 5157 1283 5221 redimeret,
1307 5166 1360 5209 ut
1381 5156 1702 5237 adoptionem
1724 5157 1945 5224 ﬁliorum

366 5258 695 5327 reciperemus
715 5252 736 5282 '
758 5248 949 5320 (Galat.
974 5264 1050 5314 Iv,
1072 5249 1126 5313 4,
1148 5245 1226 5317 5).
1250 5246 1316 5299 Ει
1338 5255 1512 5300 tamen
1539 5245 1763 5299 dicimur
1786 5248 1947 5300 etiam

369 5349 480 5403 nati
522 5361 585 5401 ex
631 5344 761 5408 Deo,
795 5340 845 5394 id
890 5349 994 5404 est,
1022 5346 1235 5407 accepta
1283 5346 1545 5405 potestate
1593 5345 1649 5390 ut
1695 5338 1786 5391 filii
1834 5338 1949 5406 ejus

369 5438 698 5499 efﬁciamur,
727 5432 815 5502 qui
843 5432 949 5500 jam
993 5430 1233 5482 homines
1261 5442 1471 5481 eramus
1495 5444 1508 5481 :
1541 5426 1832 5482 efficiamur
1857 5444 1951 5481 au-

373 5540 480 5585 tem
510 5543 605 5598 per
626 5525 869 5596 gratiam,
898 5536 1002 5575 non
1033 5535 1125 5589 per
1152 5528 1412 5573 naturam.
1444 5518 1574 5572 Nam
1602 5520 1645 5572 si
1672 5534 1767 5588 per
1798 5528 1951 5573 natu-

373 5612 489 5677 ram
531 5619 627 5674 ﬁlii
673 5631 933 5679 essemus,
975 5605 1241 5683 nunquam
1286 5606 1428 5666 aliud
1475 5610 1776 5668 fuissemus.
1814 5609 1948 5668 Cum

440 5755 457 5785 ⁸
483 5753 557 5815 Sic
578 5752 627 5800 in
648 5757 754 5799 Mss.
782 5757 835 5799 Αι
856 5749 905 5815 iu
932 5746 1091 5815 editis,
1115 5741 1363 5814 originem.
1395 5803 1407 5815 .

440 5818 461 5851 ³
484 5812 707 5885 Plerique
731 5820 781 5863 et
802 5810 1096 5875 antiquiores
1112 5815 1238 5872 Mss,
1256 5810 1560 5873 recipimus.

1740 5869 1941 5895 *‘a’;"‘

1634 381 1838 437 LIBER
1874 376 2253 437 SECUNDUS.

3454 377 3595 446 1074

2023 515 2165 555 enIm
2190 501 2409 558 dixisset
2437 502 2688 569 Joannes,
2711 502 2863 558 Dedit
2891 503 2961 558 eis
2988 512 3277 575 potestatem
3311 503 3468 559 Filios
3501 504 3599 559 Dei

2025 595 2133 657 fieri
2153 636 2168 662 ,
2196 596 2259 648 iis
2287 596 2370 664 qui
2398 595 2601 649 credunt
2640 597 2691 649 in
2717 597 2913 649 nomine
2940 597 3086 665 ejus;
3124 605 3335 650 secutus
3365 596 3458 662 ait,
3496 595 3602 660 Qui

2022 703 2121 739 non
2148 703 2209 740 ea;
2231 687 2573 756 sanguinibus,
2607 703 2760 756 neque
2783 703 2846 741 ea:
2870 687 3123 740 voluntate
3151 687 3336 753 carnis,
3366 702 3520 754 neque
3540 703 3602 740 αι

2023 778 2273 831 voluntate
2298 778 2410 843 uiri,
2448 778 2534 832 sed
2571 794 2633 832 ea;
2659 777 2766 831 Dco
2794 779 2899 831 nati
2923 787 3059 832 sunt.
3092 778 3161 831 Ita
3190 793 3320 847 quos
3348 777 3480 831 dixit
3505 791 3599 831 ac-
3690 832 3693 835 η

2023 880 2173 939 cepta
2221 878 2478 937 potestate
2526 869 2691 923 factos
2740 868 2833 925 Dei
2881 869 3039 935 ﬁlios,
3071 868 3210 939 quod
3254 869 3343 923 illa
3388 869 3604 936 adoptio

2024 959 2282 1030 significat
2326 975 2481 1028 quam
2527 959 2718 1013 Paulus
2762 969 3161 1025 commemorat,
3202 960 3417 1014 eosdem
3467 959 3603 1013 dixit

2026 1061 2177 1106 natos
2206 1068 2269 1105 ex
2302 1052 2430 1106 Deo.
2471 1052 2642 1121 Atque
2669 1062 2725 1105 ut
2753 1052 2987 1121 apertius
3016 1051 3320 1105 ostenderet
3345 1066 3446 1120 qua
3476 1066 3601 1121 gra-

2026 1143 2095 1196 tia
2134 1142 2324 1196 factum
2353 1142 2443 1207 sit,
2475 1141 2537 1194 Et
2576 1140 2807 1205 Verbum,
2836 1143 3026 1211 inquit,
3054 1159 3170 1195 caro
3201 1143 3388 1211 factum
3417 1151 3509 1206 est,
3557 1151 3605 1198 ct

2026 1236 2262 1289 habitavit
2286 1236 2339 1288 in
2368 1238 2508 1289 nobis
2542 1235 2733 1305 (Joan.
2767 1253 2803 1301 I,
2837 1236 2991 1291 19-14
3016 1238 3033 1307 )
3061 1256 3071 1289 :
3103 1246 3350 1304 tanquam
3382 1237 3606 1303 diceret,

2010 1326 2160 1394 .Quid
2190 1327 2381 1382 mirum
2417 1328 2462 1381 si
2499 1328 2589 1382 filii
2631 1330 2723 1383 Dei
2767 1330 2889 1384 facti
2925 1340 3047 1385 sunt
3085 1346 3202 1386 eum
3241 1346 3366 1385 caro
3404 1339 3604 1396 essent,

2028 1429 2241 1488 propter
2284 1434 2416 1489 quos
2462 1420 2646 1474 unicus
2689 1435 2813 1475 caro
2853 1419 3022 1477 factus
3064 1430 3172 1488 est,
3213 1416 3331 1476 cum
3378 1422 3606 1477 Verbum

2025 1511 2211 1566 esset?
2236 1509 2343 1565 Hac
2367 1526 2495 1565 sane
2520 1526 2707 1580 magna
2744 1511 3011 1575 distantia,
3045 1511 3165 1580 quia
3198 1522 3302 1565 nos‘
3318 1511 3486 1566 effecti
3517 1512 3608 1565 ﬁlii

2027 1603 2119 1659 Dei
2164 1612 2430 1656 mutamur
2470 1602 2523 1656 in
2562 1602 2770 1664 melius,
2801 1602 2888 1656 ille
2924 1611 3097 1657 autem
3143 1600 3309 1657 Filius
3356 1602 3446 1657 Dei
3484 1616 3609 1656 cum

2026 1693 2165 1748 filius
2199 1695 2426 1748 hominis
2470 1693 2639 1749 factus
2664 1703 2826 1761 esset,
2858 1708 2962 1747 non
2993 1705 3073 1749 est
3102 1701 3332 1747 mutatus
3373 1694 3425 1746 in
3456 1692 3607 1746 dete-

2026 1787 2155 1854 rius,
2186 1788 2277 1842 sed
2309 1790 2595 1858 assumpsit
2619 1788 2760 1857 quod
2790 1797 2905 1843 erat
2930 1789 3166 1843 inferius.
3196 1788 3334 1843 Dicit
3362 1796 3414 1842 et
3447 1787 3606 1842 Jaco-

2026 1877 2125 1933 bus
2163 1896 2174 1931 :
2217 1877 2509 1933 Voluntaria
2550 1880 2715 1949 genuit
2754 1895 2843 1932 nos
2883 1880 3027 1933 verbo
3061 1881 3312 1943 veritatis,
3354 1887 3406 1931 ut
3443 1879 3603 1932 simus

2026 1968 2222 2021 initium
2246 1968 2452 2037 aliquod
2480 1979 2724 2023 creaturae
2747 1970 2854 2040 ejus
2884 1968 3079 2038 (Jacobi
3100 1986 3138 2036 ι,
3170 1968 3280 2039 18).
3306 1968 3385 2024 Ne
3406 1969 3612 2023 scilicet

2029 2059 2079 2112 in
2109 2075 2173 2114 eo
2201 2059 2341 2128 quod
2370 2059 2461 2120 ait,
2494 2060 2682 2128 genuit,
2722 2062 2824 2114 hoc
2866 2074 2964 2113 nos
2993 2060 3104 2114 ﬁeri
3134 2068 3438 2128 putaremus
3466 2056 3610 2127 quod

2030 2149 2141 2216 ipse
2168 2156 2265 2211 est,
2294 2149 2413 2202 ideo
2435 2149 2786 2218 principatum
2815 2149 3098 2219 quemdam
3120 2150 3170 2202 in
3191 2158 3435 2203 creatura
3457 2148 3611 2204 nobis

2028 2238 2126 2294 hac
2158 2239 2443 2306 ad0ptione
2472 2254 2784 2294 concessum
2813 2238 3224 2295 satis'ostendit.

2099 2329 2163 2381 7.‘
2180 2328 2292 2381 Non
2323 2344 2450 2397 ergo
2473 2330 2705 2383 alienum
2726 2340 2866 2384 esset
2887 2344 2916 2382 a
2940 2330 3183 2396 veritate,
3207 2330 3413 2384 etiamsi
3437 2329 3609 2384 Lucas

2028 2420 2096 2473 ab
2125 2419 2215 2474 illo
2236 2433 2351 2473 esse
2377 2419 2574 2489 Joseph
2598 2422 2832 2490 genitum
2859 2420 3080 2485 diceret,
3101 2436 3131 2474 a
3153 2437 3258 2491 quo
3288 2424 3455 2476 fuerat
3474 2421 3609 2475 ado-

2030 2519 2223 2579 ptatus.
2252 2511 2422 2564 Etiam
2450 2510 2528 2565 sic
2568 2512 2759 2580 quippe
2794 2512 2975 2581 genuit
3012 2528 3155 2578 eum,
3200 2529 3304 2566 non
3348 2522 3404 2565 ut
3448 2512 3608 2567 homo

2029 2611 2190 2664 esset,
2222 2603 2312 2657 sed
2345 2603 2579 2659 utﬁlius.
2600 2613 2740 2657 esset
2769 2622 2783 2658 :
2813 2606 2948 2658 sicut
2990 2620 3089 2659 nos
3129 2606 3308 2675 genuit
3351 2606 3520 2669 Deus,
3551 2611 3611 2658 ut

2032 2691 2123 2746 ﬁlii
2154 2692 2269 2760 ejus
2313 2693 2522 2771 simus,‘
2551 2708 2685 2763 quos
2723 2692 2920 2748 fecerat
2962 2706 3020 2748 ut
3060 2695 3302 2750 homines
3350 2710 3609 2750 essemus.

2029 2784 2255 2840 Unicum
2301 2793 2475 2838 autem
2510 2787 2734 2859 genuit,
2782 2801 2886 2840 non
2928 2789 3097 2841 solmn
3149 2798 3204 2841 ut
3248 2788 3412 2842 Filius
3448 2795 3610 2853 esset,

2030 2874 2170 2943 quod
2199 2875 2356 2929 Pater
2383 2890 2488 2929 non
2516 2885 2630 2941 est;
2663 2877 2754 2931 sed
2783 2878 2940 2932 etiam
2970 2887 3025 2931 ut
3049 2878 3186 2933 Deus
3210 2889 3371 2946 esset,
3400 2879 3539 2948 quod
3561 2888 3616 2933 et

2032 2968 2191 3023 Pater
2215 2978 2315 3023 est.
2343 2968 2444 3024 Sed
2472 2970 2627 3037 plane
2652 2970 2695 3023 si
2731 2969 2832 3025 hoc
2861 2971 3020 3024 verbo
3049 2971 3208 3026 etiam
3239 2972 3407 3026 Lucas
3432 2982 3612 3026 utere-

2034 3068 2137 3125 tur,
2188 3062 2332 3114 omni
2370 3060 2528 3115 modo
2553 3069 2695 3116 esset
2739 3062 3042 3130 ambiguum
3085 3064 3205 3131 quis
3251 3078 3435 3119 eorum
3479 3062 3613 3118 ado-

2036 3159 2291 3220 ptantem,
2347 3151 2467 3220 quis
2513 3166 2579 3206 ex
2608 3152 2817 3221 propria
2845 3168 3006 3207 carne
3050 3155 3350 3224 gignentem
3412 3164 3616 3224 patrem

2034 3252 2549 3298 commemorasset:
2592 3244 2859 3312 quomodo
2884 3246 2983 3299 etsi
3013 3254 3200 3299 neuter
3240 3261 3427 3301 eorum
3471 3247 3618 3301 dice-

2036 3343 2141 3401 ret,
2169 3335 2367 3405 genuit,
2400 3335 2493 3389 sed
2519 3345 2572 3389 et
2597 3336 2696 3389 iste
2726 3351 2847 3390 eum
2882 3336 3044 3389 ﬁlium
3074 3337 3247 3401 illius,
3278 3347 3330 3391 et
3358 3338 3446 3392 ille
3479 3337 3619 3392 illius

2036 3425 2269 3492 diceret,
2300 3426 2643 3481 nihilominus
2670 3436 2817 3483 esset
2846 3428 3147 3498 ambiguum
3184 3428 3303 3497 quis
3337 3443 3521 3482 eorum
3546 3428 3616 3481 il-

2037 3517 2145 3571 lum
2175 3516 2242 3572 de
2266 3532 2370 3587 quo
2400 3527 2554 3571 natus
2574 3559 2588 3580 ,
2621 3517 2741 3586 quis
2784 3519 2931 3571 illum
2958 3534 2989 3572 a
3033 3535 3138 3588 quo
3179 3520 3459 3590 adeptatus
3504 3528 3622 3575 erat

2037 3616 2524 3664 commemorasset.
2555 3607 2703 3683 Nunc
2731 3624 2859 3664 vero
2885 3626 3004 3664 cum
3028 3612 3161 3664 alter
3177 3611 3323 3677 dicit,
3342 3611 3501 3665 Jacob
3530 3628 3620 3682 ge-

2039 3700 2146 3754 nuit
2173 3698 2400 3767 Joseph;
2439 3698 2573 3752 alter
2595 3739 2610 3764 ,
2636 3697 2828 3769 Ioseph
2855 3700 2939 3769 qui
2979 3702 3073 3769 fuit
3101 3699 3240 3768 [ilius
3269 3699 3390 3754 Heli
3412 3717 3431 3755 :
3458 3701 3621 3755 etiam

2039 3792 2152 3860 ipsa
2197 3791 2479 3845 verborum
2526 3788 2821 3844 differentia
2868 3790 2992 3859 quid
3042 3790 3234 3860 singuli
3263 3792 3624 3860 suscepissent

2041 3884 2312 3953 eleganter
2332 3881 2728 3937 intimaverunt.
2755 3882 2861 3936 Sed
2890 3881 2991 3935 hoc
3030 3882 3181 3937 facile
3212 3898 3375 3950 sane,
3418 3894 3472 3937 ut
3492 3883 3623 3949 dixi,

2042 3983 2224 4045 poSset
2288 3988 2570 4041 occurrere
2622 3972 2822 4028 homini
2875 3975 3163 4044 religioso,
3211 3976 3301 4046 qui
3353 3976 3626 4046 quodlibet

2043 4064 2184 4119 aliud
2218 4063 2563 4133 quazrendum
2601 4065 2777 4135 potius
2822 4064 3104 4133 judicaret,
3145 4082 3301 4135 quam
3360 4066 3630 4137 evangeli-

2046 4165 2185 4211 stam
2208 4154 2453 4210 crederet
2482 4169 2600 4210 esse
2630 4157 2937 4220 mentitum;
2968 4155 3140 4223 facile,
3174 4158 3409 4227 inquam,
3439 4172 3629 4212 occur-

2048 4257 2213 4312 reret,
2243 4255 2301 4301 ut
2323 4246 2532 4301 videret
2555 4245 2747 4316 quibus
2788 4248 2962 4301 causis
3004 4262 3139 4301 unus
3167 4247 3328 4301 homo
3373 4248 3506 4303 duos
3536 4263 3630 4316 pa—

2049 4347 2157 4393 tres
2183 4338 2382 4393 habere
2404 4340 2636 4407 potuerit
2668 4356 2681 4392 :
2712 4338 2815 4392 hoc
2840 4349 2893 4391 et
2923 4339 3027 4393 illis
3057 4340 3396 4395 calumniosis
3439 4355 3630 4396 occur-

2047 4438 2212 4493 reret,
2241 4428 2340 4483 nisi
2370 4428 2574 4497 litigare
2613 4443 2785 4496 quam.
2800 4428 3136 4483 considerare
3168 4431 3493 4487 maluissent.

2049 4518 2272 4575 CAPUT
2302 4518 2389 4571 ιν.
2418 4548 2488 4559 --
2515 4518 2684 4581 Quare
2716 4518 3050 4587 quadraginta
3086 4522 3457 4587 generationes,
3481 4538 3629 4578 exce-

2121 4618 2206 4678 pto
2247 4609 2358 4678 ipso
2382 4606 2603 4675 Christo,
2632 4608 2949 4661 inveniuntur
2976 4609 3114 4677 apud
3158 4610 3476 4680 Matt/neum,
3516 4629 3632 4668 cum

2120 4696 2500 4769 quatuordecim
2522 4697 2756 4766 triplicet.

2120 4789 2173 4844 8.
2207 4788 2337 4842 Illud
2365 4797 2541 4843 autem
2570 4789 2709 4858 quod
2738 4789 2988 4859 deinceps
3016 4790 3389 4847 insinuandum
3416 4803 3518 4861 est,
3544 4811 3634 4852 re-

2050 4896 2176 4936 vera
2202 4889 2259 4934 ut
2287 4879 2490 4934 adverti
2536 4888 2592 4934 et
2620 4880 2785 4934 videri
2827 4889 3025 4950 posset,
3057 4881 3305 4937 lectorem
3337 4887 3634 4940 attentissi-

2051 4988 2195 5027 mum
2244 4980 2299 5025 et
2339 4970 2799 5040 diligentissimum
2848 4971 3169 5039 requirebat.
3220 4976 3392 5028 Acute
3439 4975 3636 5044 quippe

2052 5061 2478 5118 animadversum
2507 5070 2608 5124 est,
2639 5060 2963 5125 MattlIazunI,
2995 5064 3081 5132 qui
3114 5064 3312 5134 regiam
3342 5066 3392 5118 in
3419 5064 3637 5122 Christo

2054 5154 2358 5207 instituerat
2383 5152 2653 5206 insinuare
2679 5167 2981 5221 personam,
3003 5166 3231 5224 excepto
3263 5156 3377 5224 ipso
3398 5155 3633 5223 Christo,

2054 5249 2397 5319 quadraginta
2451 5250 2692 5303 homines
2740 5250 2791 5302 in
2826 5252 3225 5318 generationum
3273 5254 3410 5308 serie
3458 5255 3633 5307 nomi-

2054 5354 2229 5395 nasse.
2283 5340 2545 5394 Numerus
2573 5326 2751 5393 autem
2792 5340 2893 5395 iste
2941 5341 3067 5395 illud
3098 5352 3303 5411 tempus
3350 5344 3631 5413 signiﬁcat,

2055 5448 2162 5501 quo
2208 5433 2259 5485 in
2287 5431 2389 5485 hoc
2413 5431 2609 5485 szeculo
2638 5440 2693 5485 et
2720 5431 2772 5484 in
2805 5430 2903 5485 hac
2931 5442 3069 5486 terra
3098 5434 3210 5503 regi
3242 5449 3339 5487 nos
3366 5442 3576 5505 oportet
3602 5450 3633 5489 a

2055 5522 2267 5576 Christo
2293 5522 2579 5576 secundum
2596 5522 2926 5591 disciplinam
2953 5523 3293 5593 laboriosam,
3328 5541 3427 5595 qua
3454 5526 3635 5596 ﬂagel-

2057 5616 2126 5670 lat
2148 5615 2305 5680 Deus,
2338 5624 2395 5668 ut
2421 5614 2673 5683 scriptum
2711 5624 2812 5681 est,
2845 5632 3039 5669 omnem
3068 5616 3231 5685 ﬁlium
3271 5635 3418 5687 quem
3459 5619 3635 5689 recrpit

2059 5707 2242 5784 (Hebr.
2275 5725 2371 5774 XII,
2403 5709 2456 5779 6)
2485 5726 2498 5762 :
2523 5709 2588 5762 de
2608 5723 2709 5777 qua
2734 5708 2861 5762 dicit
2887 5710 3194 5779 Apostolus,
3218 5727 3312 5781 per
3339 5712 3633 5768 tribulatio.

2060 5816 2183 5859 nem
2211 5808 2457 5874 oportere
2505 5815 2603 5855 nos
2631 5800 2829 5857 intrare
2864 5800 2917 5858 in
2952 5815 3173 5873 regnum
3214 5802 3308 5861 Dei
3345 5800 3477 5875 (Act.
3518 5817 3630 5870 XIV,
