4074 6354
487 326 628 394 ιω

484 444 600 514 Si).
625 443 795 512 Quam
819 441 1080 514 signiﬁcat
1113 439 1275 497 etiam
1311 440 1398 496 illa
1432 439 1582 510 virga
1620 438 1824 505 ferrea,
1864 437 1934 493 de
1957 450 2059 508 qua

485 534 540 598 in
567 534 783 598 Pssimo
803 534 1016 605 legitur,
1043 533 1202 602 Reges
1225 547 1308 588 eos
1333 532 1390 586 in
1425 532 1567 602 virgo
1599 535 1801 603 ferreo;
1825 544 1946 590 cum
1971 541 2064 584 su-

487 627 668 698 perius
691 625 937 690 dixisset,
968 624 1080 696 Ego
1103 633 1273 680 autem
1302 624 1600 680 constitutus
1624 639 1735 684 sum
1775 638 1869 676 rex
1902 621 1965 676 ab
2003 636 2061 675 eo

484 735 638 789 super
666 717 794 778 Sion
813 725 1032 772 montem
1046 727 1272 772 sanctum
1292 716 1420 786 ejus.
1448 715 1720 786 Reguntur
1738 714 1880 770 enim
1900 713 2060 769 etiam

483 810 613 870 boni
640 809 692 868 in
722 809 867 880 virga
894 809 1089 873 ferrea,
1121 807 1188 863 de
1215 807 1406 877 quibus
1427 806 1639 872 dicitur,
1674 805 1892 878 Tempus
1915 814 2062 859 estut

485 901 730 968 iudicium
745 899 958 970 incipiat
981 915 1015 955 ιι
1037 898 1188 954 domo
1215 898 1420 953 Domini
1447 913 1464 963 ;
1490 908 1536 954 et
1564 899 1608 953 si
1631 898 1832 954 initium
1850 913 1882 949 a
1897 896 2057 964 nobis,

453 987 456 992 ’
489 993 648 1065 "alia
675 992 792 1062 ﬁnis
806 991 898 1048 erit
918 990 989 1047 eis
1012 991 1099 1061 qui
1137 999 1238 1046 non
1263 991 1470 1046 credunt
1489 988 1587 1044 Dei
1615 987 1892 1058 Evangelia
1907 989 1933 1042 1
1951 995 1998 1042 et
2017 986 2062 1040 si

473 1085 646 1154 justus
666 1083 752 1140 vis
785 1082 953 1138 salvus
984 1082 1112 1146 erit;
1155 1090 1386 1150 peccator
1409 1087 1457 1135 et
1486 1080 1676 1150 impius
1699 1078 1787 1133 ubi
1815 1078 2062 1150 parebunt

483 1153 528 1248 ιι
555 1173 698 1234 Petr.
729 1188 805 1240 tv,
834 1173 922 1236 i7,
953 1172 1043 1244 ιε)
1064 1172 1088 1226 ι
1114 1171 1194 1230 Ad
1213 1187 1346 1243 quos
1375 1171 1603 1243 pertinet
1627 1169 1770 1241 quod
1789 1169 2056 1240 sequitur:

475 1264 745 1338 Tanquam
771 1281 858 1326 vas
883 1264 1030 1336 ﬁguli
1062 1273 1287 1324 conteres
1331 1280 1414 1318 eos
1441 1262 1616 1336 (Paul.
1642 1278 1699 1328 ιι,
1743 1261 1818 1334 9).
1848 1263 2062 1333 Regnu-

477 1369 569 1422 tur
594 1359 736 1422 enim
766 1360 890 1420 boni
921 1374 1015 1428 per
1042 1359 1179 1416 hanc
1208 1356 1540 1426 disciplinam
1569 1372 1586 1418 ;
1614 1356 1738 1410 mali
1764 1369 1892 1412 vero
1914 1370 2062 1412 com-

477 1453 794 1512 minuuntur
819 1471 834 1510 :
861 1452 952 1524 qui
975 1459 1228 1522 tanquam
1257 1449 1418 1505 iidem
1449 1449 1549 1520 ipsi
1577 1458 2062 1505 wmmemorantttr

478 1553 699 1617 propter
723 1559 826 1600 una
851 1551 1012 1614 atque
1035 1542 1222 1598 eadem
1249 1547 1586 1606 sacramenta
1629 1539 1670 1607 ⁸,
1715 1553 1836 1610 quae
1863 1539 2062 1594 habent

473 1637 782 1694 communia
811 1633 937 1691 mali
957 1648 1078 1690 cum
1103 1633 1279 1690 bonis.

549 1729 608 1788 ο.
636 1729 768 1799 Quia
791 1743 918 1801 ergo
945 1741 1200 1784 numerus
1221 1726 1325 1782 iste
1346 1722 1599 1780 laboriosi
1622 1721 1782 1793 hujus
1807 1721 2063 1792 temporis

476 1832 870 1882 sacramentum
915 1828 1036 1888 est,
1080 1833 1188 1889 quo
1227 1817 1329 1874 sub
1357 1815 1636 1887 disciplina
1679 1815 1820 1886 regis
1861 1813 2060 1870 Christi

475 1913 736 1970 adversus
762 1910 1030 1968 diabolum
1059 1909 1380 1978 dimicamus
1397 1949 1412 1974 ,
1454 1907 1615 1963 etiam
1646 1905 1775 1962 illud
1800 1905 2056 1972 declarat,

475 2005 618 2077 quod
645 1985 992 2076 quadraginta
1011 2002 1220 2058 dierum
1261 1999 1544 2070 jejunium,
1571 1999 1676 2060 hoc
1702 2007 1786 2053 est
1815 1996 2064 2052 humilia-

477 2098 680 2152 tionem
707 2096 898 2152 animat
917 2135 932 2161 ,
958 2092 1294 2154 consecravit
1315 2101 1372 2146 et
1411 2090 1521 2146 Lex
1562 2097 1618 2144 et
1661 2088 1942 2159 Propheta:
1969 2102 2064 2158 per

475 2185 694 2260 Moysen
723 2196 778 2242 et
805 2185 996 2252 Ellam,
1043 2184 1133 2254 qui
1169 2181 1524 2254 quadragenis
1559 2180 1752 2237 diebus
1781 2179 2060 2252 ieiunave-

475 2285 669 2336 veruu‘t
689 2275 882 2347 (Exod.
904 2290 1094 2342 nuv,
1119 2273 1210 2338 28,
1233 2281 1288 2329 et
1305 2272 1372 2328 lli
1402 2273 1530 2343 Reg.
1555 2286 1673 2340 xu,
1700 2269 1780 2344 8);
1809 2279 1867 2328 et
1883 2269 2060 2326 Evan-

474 2369 674 2442 gelium
709 2381 806 2440 per
847 2367 1012 2437 ipsius
1055 2365 1265 2420 Domini
1307 2361 1588 2435 jejunium,
1635 2363 1828 2433 quibus
1871 2361 2060 2418 diebus

475 2457 823 2534 quadraginta
843 2457 1003 2513 etiam
1017 2456 1319 2512 tentabatur
1333 2470 1363 2510 a
1375 2455 1586 2514 diabolo
1598 2451 1812 2525 (Matth.
1829 2469 1902 2519 tv,
1923 2450 2059 2524 ιβ),

478 2550 606 2623 quid
633 2549 773 2607 aliud
799 2564 956 2620 quam
982 2563 1079 2620 per
1106 2562 1266 2603 omne
1305 2546 1465 2617 hujus
1505 2545 1686 2601 saeculi
1715 2555 1923 2618 tempus
1951 2554 2064 2600 tert-

477 2644 736 2700 tationem
765 2649 1002 2699 nostram
1029 2641 1082 2696 in
1107 2654 1272 2696 carne
1291 2654 1408 2706 sua,
1439 2653 1598 2710 quam
1622 2637 1690 2693 de
1714 2646 1894 2692 nostra
1918 2652 2065 2692 mor-

476 2736 686 2798 talitate
709 2749 983 2792 assumere
1011 2733 1257 2805 dignatus
1285 2740 1389 2798 est,
1421 2731 1803 2802 praetigurans?
1833 2731 1960 2786 POSI.
1977 2747 2064 2788 re-

481 2827 868 2885 surrectionem
899 2839 1108 2896 quoque
1135 2839 1241 2879 non
1263 2823 1490 2894 amplius
1512 2835 1669 2894 quam
1697 2823 1813 2879 dies
1837 2823 2065 2893 quadra-

476 2921 626 2992 ginta
643 2933 765 2976 cum
779 2916 1056 2988 discipulis
1076 2917 1130 2972 in
1151 2918 1250 2972 hac
1269 2924 1409 2973 terra
1435 2927 1556 2972 esse
1577 2913 1742 2971 voluit
1771 2915 1907 2985 (Act.
1923 2929 1961 2981 ι,
1981 2915 2060 2987 3),

477 3010 606 3076 huic
632 3025 818 3067 eorum
855 3009 979 3064 vita
1006 3007 1180 3063 adhuc
1217 3007 1448 3062 humana
1484 3005 1886 3062 conversatione
1915 3017 2064 3062 coms

475 3103 694 3168 mixtus,
718 3108 774 3158 et
789 3115 913 3157 eum
938 3099 1046 3164 illis
1065 3099 1316 3154 alimenta
1342 3098 1668 3164 mortalium,
1691 3098 2060 3169 quamvisjam

475 3207 587 3252 non
613 3187 921 3260 moriturus,
967 3188 1236 3260 accipiens
1269 3206 1285 3244 τ
1329 3197 1390 3245 ιιι
1418 3201 1517 3260 per
1544 3189 1690 3260 ipsos
1717 3188 2062 3260 quadraginta

477 3284 595 3346 dies
617 3282 961 3356 significaret,
991 3295 1054 3340 se
1083 3282 1289 3338 occulta
1321 3283 1603 3352 prmaentia
1631 3280 1772 3351 quod
1802 3281 2062 3351 promisco

475 3381 562 3432 rat
585 3375 947 3446 impleturum,
980 3371 1192 3445 quando
1218 3372 1326 3441 ait,
1371 3370 1506 3426 Ecce
1541 3385 1631 3443 ego
1661 3369 1913 3426 vobiscum
1948 3381 2062 3426 tum

476 3483 638 3542 atque
661 3467 718 3523 in
753 3466 1231 3522 consummationem
1257 3461 1431 3520 sectili
1463 3461 1677 3538 (Matth.
1716 3475 1880 3518 nvut
1899 3504 1913 3528 ,
1943 3463 2057 3534 90).

479 3561 588 3619 Cur
611 3569 791 3618 autem
813 3560 916 3616 iste
941 3571 1198 3615 numerus
1219 3556 1360 3613 hanc
1377 3556 1728 3628 temporalem
1755 3555 1918 3610 vitam
1945 3560 2056 3610 ter-

479 3667 771 3723 renamque
797 3650 1058 3723 signiticet
1079 3689 1094 3717 ,
1127 3649 1216 3706 illa
1244 3648 1460 3706 interim
1501 3655 1663 3704 causa
1707 3646 1776 3702 de
1817 3644 2061 3716 proximo

479 3743 733 3809 ouem-rit,
759 3742 999 3814 quamvis
1023 3741 1093 3797 sit
1117 3739 1219 3799 alia
1253 3739 1482 3795 fortasse
1514 3737 1771 3794 secretior
1789 3776 1805 3804 ,
1835 3736 1976 3807 quod
2004 3745 2060 3792 et

482 3843 722 3906 tempora
745 3849 1007 3890 annorum
1048 3831 1449 3904 quadripartitls
1473 3830 1678 3886 vicibus
1719 3833 1977 3897 currunt,
2003 3836 2060 3886 et

482 3923 715 3982 mundus
737 3922 853 3994 ipsa
885 3931 1110 3994 quatuor
1135 3921 1374 3992 partibus
1399 3921 1749 3986 terminatur,
1793 3931 1922 3989 quas
1955 3919 2059 3974 ali-

479 4015 694 4090 quando
715 4021 992 4072 ventorum
1021 4013 1236 4069 nomine
1258 4011 1530 4082 Scriptura
1557 4017 1959 4076 commemorat,
1991 4010 2060 4067 ab

478 4107 695 4166 Oriente
709 4104 1080 4174 stOceidente,
1096 4103 1357 4174 Aquilone
1366 4113 1421 4158 et
1436 4101 1653 4157 Meridie
1665 4101 1844 4173 (Zach.
1858 4102 2030 4173 nni)
2040 4142 2054 4157 .

478 4200 834 4274 Quadraginta
861 4195 1059 4266 autem,
1083 4205 1274 4268 quater
1304 4193 1502 4250 habent
1519 4193 1728 4250 decem.
1753 4193 1922 4249 Porro
1941 4194 2057 4264 ipsa

475 4293 661 4350 decem
683 4292 752 4348 ab
773 4291 884 4347 uno
901 4303 1070 4362 usque
1088 4286 1159 4344 ad
1181 4294 1408 4360 quatuor
1431 4284 1805 4358 progrediente
1832 4299 2057 4341 numero

474 4389 930 4443 consummantur;

547 4474 637 4532 to.
663 4473 746 4530 Ad
771 4473 911 4530 hunc
934 4471 1095 4544 igitur
1111 4468 1389 4535 mundum,
1429 4475 1486 4524 et
1509 4463 1576 4522 ad
1603 4467 1757 4522 istam
1788 4476 2054 4524 terrenam

473 4565 860 4636 mertalemque
897 4562 1058 4618 vitam
1105 4562 1401 4628 hominum,
1445 4559 1514 4614 ad
1560 4571 1657 4614 nos
1694 4558 1956 4629 regendos
1997 4558 2054 4614 in

474 4656 768 4715 tentatione
809 4653 1148 4719 laborantes,
1203 4651 1504 4707 venientem
1549 4657 1729 4720 regem
1781 4648 2054 4704 Christum

476 4745 758 4807 Ilatthteus
797 4741 1114 4815 suscipiens,
1163 4753 1386 4800 exorsus
1432 4749 1515 4798 est
1558 4741 1626 4796 ab
1659 4739 1952 4809 Abraham,
1999 4749 2056 4796 et

473 4838 809 4898 enumeravit
833 4836 1180 4909 quadraginta
1208 4835 1470 4890 homines.
1496 4835 1578 4890 Ah
1599 4835 1710 4906 ipsa
1732 4835 1872 4890 enim
1894 4841 2054 4905 gente

473 4931 856 4997 Bebratorum,
886 4943 1003 5000 quin
1029 4943 1060 4983 a
1088 4927 1298 4982 steteris
1337 4927 1578 4997 gentibus
1612 4936 1663 4981 ut
1697 4925 2052 4997 distinguere-

473 5033 582 5090 tur,
610 5023 752 5079 Deus
776 5020 847 5079 de
871 5028 1010 5078 terra
1054 5033 1148 5074 sua
1179 5024 1233 5073 et
1258 5017 1327 5073 de
1355 5003 1669 5088 cognatione
1705 5019 1800 5072 ‘sua
1831 5031 2049 5086 separa-

471 5115 550 5172 vit
574 5112 841 5171 Abraham
869 5109 1020 5186 (Gott.
1040 5125 1140 5177 an,
1167 5111 1222 5177 Ι,
1249 5109 1329 5182 2),
1357 5108 1601 5165 Christus
1628 5107 1770 5163 venit
1793 5109 1847 5163 in
1865 5123 2048 5174 carne;

469 5213 534 5264 ut
561 5215 618 5263 et
643 5202 748 5260 hoc
771 5201 840 5258 ad
882 5216 1002 5258 eum
1029 5199 1329 5258 distinctius
1365 5198 1789 5272 prophetandum
1833 5207 1887 5254 et
1915 5215 2052 5271 pra:-

469 5295 822 5355 nantiandum
849 5293 1081 5352 maxime
1119 5293 1442 5363 pertineret,
1470 5289 1610 5362 quod
1650 5290 2053 5360 promittebatur

471 5403 540 5446 ea
557 5403 660 5460 qua
697 5393 842 5452 esset
864 5391 1022 5456 gente
1062 5392 1341 5440 venturus.
1369 5382 1499 5439 Cum
1529 5382 1670 5437 enim
1696 5381 2050 5452 quaterdenas

470 5479 842 5552 generationes
881 5475 1053 5532 tribus
1095 5473 1426 5531 distinxisse!
1469 5471 1726 5538 articulis,
1759 5473 1940 5530 dicens
1981 5471 2050 5531 ab

471 5567 737 5624 Abraham
760 5580 930 5638 usque
953 5564 1020 5622 ad
1066 5565 1232 5622 David
1260 5566 1628 5638 generationes
1649 5579 1769 5621 esse
1793 5573 2048 5637 quatuor-

505 5695 554 5774 ;.'
578 5705 686 5774 90°.
694 5705 800 5752 ωδε-
820 5695 1047 5774 Vesana
1064 5693 1663 5774 montemmontem.
1685 5702 1881 5764 propter

469 5762 618 5817 idem
637 5765 774 5824 atque
793 5759 964 5812 eadm:

1241 323 1331 380 DE
1373 321 1722 381 CONSENSU
1775 317 2424 392 EVANGELISTARUM,
2461 322 2520 379 S.
2559 321 2928 382 AUGUSTINI

3609 328 3750 386 1076

2170 434 2362 504 decim,
2396 444 2450 494 et
2489 452 2521 494 a
2548 437 2714 495 David
2740 451 2912 512 usque
2947 441 3012 498 ad
3040 443 3557 516 transmigrationem
3577 441 3750 521 Baby.

2166 526 2324 584 lonia:
2347 528 2480 586 alias
2505 531 2905 602 quatuordec‘im
2929 575 2944 600 ,
2976 535 3300 607 totidemque
3324 539 3458 602 alias
3486 554 3656 612 usque
3680 542 3747 610 ad

2167 621 2496 680 nativitatem
2537 615 2738 681 Christi
2776 625 2988 700 (Matth.
3032 643 3070 696 ι,
3120 629 3241 701 l7);
3291 643 3397 686 non
3440 627 3620 706 tamen
3659 649 3749 691 eas

2166 711 2316 768 duxit
2343 714 2395 768 in
2426 729 2688 771 summam
2736 727 2792 773 ιιι
2817 718 3035 787 diceret,
3083 721 3242 778 Fiunt
3283 737 3469 788 omnes
3515 726 3746 798 quadra-

2164 803 2309 874 ginta
2337 803 2476 860 dnte.
2499 805 2646 862 Unus
2666 809 2862 879 quippe
2901 811 2952 864 in
2985 811 3092 866 illis
3131 817 3636 885 progeneratoribus
3667 819 3747 892 bis

2165 891 2506 962 numeratur,
2532 896 2585 952 id
2615 907 2695 953 est
2714 899 3014 969 Jechonias,
3043 917 3072 956 a
3101 917 3210 974 quo
3236 901 3370 982 facta
3398 913 3480 962 est
3505 909 3747 986 quaedam

2165 985 2220 1041 in
2245 987 2524 1044 extraneas
2562 997 2748 1060 gentes
2783 991 3010 1048 deﬂexio
3029 1035 3044 1060 ,
3066 996 3280 1066 quando
3322 987 3377 1053 in
3405 995 3748 1072 Babiloniam

2165 1080 2598 1152 transmigratum
2625 1091 2726 1138 est.
2748 1083 2850 1166 Ubi
2877 1094 3051 1160 autem
3077 1087 3210 1145 ordo
3239 1105 3267 1144 a
3296 1091 3620 1166 rectitudine
3651 1095 3749 1151 ile-

2165 1170 2361 1239 etitur,
2401 1183 2560 1244 atque
2584 1180 2642 1229 ut
2680 1185 2767 1230 eat
2803 1161 2860 1231 in
2901 1177 3189 1246 diversum,
3220 1161 3471 1254 tanquam
3499 1186 3749 1259 angulum

2165 1255 2321 1330 facit;
2355 1263 2484 1319 illud
2510 1265 2650 1335 quod
2676 1265 2728 1321 in
2757 1268 2951 1340 angulo
2980 1278 3081 1338 est,
3111 1269 3192 1328 bis
3209 1283 3539 1344 numeratur,
3570 1255 3624 1332 in
3648 1279 3752 1336 (ine

2164 1353 2366 1410 scilicet
2387 1355 2578 1423 prioris
2605 1357 2828 1426 ordinis,
2852 1367 2905 1415 et
2931 1361 2983 1415 in
3011 1347 3183 1432 capite
3219 1364 3386 1436 ipsius
3413 1365 3751 1424 deﬂexionis.

2166 1444 2232 1500 Et
2259 1445 2360 1501 hoc
2390 1446 2562 1516 ipsum
2579 1448 2690 1519 jam
2720 1452 3091 1526 prmfigurabat
3113 1449 3380 1513 Christum
3408 1474 3438 1514 a
3463 1460 3752 1518 circumci-

2163 1539 2318 1596 sione
2359 1538 2425 1594 ad
2469 1543 2784 1614 prmputium
2810 1586 2826 1611 ,
2858 1554 3108 1616 tanquam
3139 1548 3206 1604 ab
3225 1549 3523 1622 Jerusalem
3551 1553 3620 1609 ad
3647 1555 3752 1609 Ba-

2163 1627 2434 1700 byloniam
2481 1633 2874 1704 quodammodo
2915 1635 3286 1710 migraturum,
3316 1651 3372 1700 et
3416 1642 3543 1716 hinc
3591 1655 3755 1718 atque

2166 1719 2291 1776 hinc
2319 1722 2561 1796 utrisque
2579 1725 2634 1780 in
2662 1737 2724 1781 se
2759 1726 3102 1786 credentibus
3127 1739 3376 1804 tanquam
3399 1733 3632 1808 lapidem
3658 1754 3754 1796 an-

2165 1811 2404 1882 gularem
2456 1812 2712 1870 futurum.
2766 1816 2892 1874 Haec
2931 1828 3058 1876 tunc
3101 1821 3153 1876 in
3202 1822 3364 1894 ﬁgura
3418 1817 3753 1898 prmparabat

2165 1902 2308 1958 Deus
2327 1904 2488 1960 rebus
2523 1905 2579 1961 in
2607 1907 2834 1963 veritate
2858 1914 3114 1967 venturis.
3159 1907 3294 1970 Nam
3333 1925 3388 1971 et
3420 1903 3534 1988 ipse
3557 1917 3754 1976 Jecho-

2167 1994 2306 2061 nias,
2342 1996 2431 2052 ubi
2459 1997 2680 2079 angulus
2718 1997 2818 2055 iste
2853 2001 3222 2074 prteiiguratus
3247 2013 3347 2071 est,
3373 2006 3754 2079 interpretatur

2166 2085 2495 2158 Praeparatio
2523 2075 2642 2145 Dei.
2674 2087 2765 2146 Sic
2797 2105 2926 2162 ergo
2947 2092 3056 2163 jam
3083 2109 3192 2150 non
3229 2075 3576 2169 quadraginta
3610 2101 3751 2170 dum,

2167 2177 2310 2248 quod
2337 2177 2536 2235 faciunt
2567 2187 2647 2236 ter
2664 2183 3087 2252 quatuordecim,
3119 2185 3214 2242 sed
3243 2177 3459 2260 propter
3484 2206 3650 2246 unum
3671 2192 3754 2248 bis

2168 2277 2528 2338 numeratum,
2551 2271 2897 2344 quadraginta
2919 2289 3020 2330 una
3046 2263 3416 2346 generaiiones
3441 2279 3596 2349 ilunt,
3631 2281 3678 2338 si
3703 2292 3758 2340 et

2167 2359 2343 2432 ipsum
2386 2362 2654 2420 Christum
2697 2380 3112 2425 annumeremus
3137 2411 3154 2437 ,
3201 2371 3292 2443 qui
3335 2371 3459 2430 huic
3497 2376 3788 2447 regendas'

2167 2453 2292 2510 vitae
2317 2461 2515 2512 nostrae
2555 2460 2830 2530 temporali
2861 2469 3029 2534 atque
3075 2471 3302 2521 terrena:
3325 2507 3342 2536 ,
3370 2475 3626 2542 tanquam
3656 2487 3756 2528 nu-

2167 2559 2319 2601 mero
2343 2547 2764 2620 quadragenario
2792 2551 3040 2623 regaliter
3067 2555 3335 2625 praesidet.

2240 2629 2330 2691 li.
2360 2635 2529 2704 Quem
2573 2640 2641 2695 ad
2681 2640 2838 2697 istam
2882 2644 3261 2702 mortalitatem
3286 2647 3562 2706 nobiscum
3594 2653 3758 2723 parti-

2167 2727 2449 2800 cipandam
2477 2731 2601 2804 quia
2629 2733 3045 2792 descendentem
3074 2737 3242 2794 voluit
3283 2740 3580 2812 signiﬁcare
3625 2745 3758 2801 Mat-

2167 2818 2364 2889 thzeus,
2409 2822 2531 2878 ideo
2560 2831 2614 2879 et
2638 2825 2781 2895 ipsas
2808 2829 3179 2897 generationes
3201 2829 3267 2884 ab
3292 2831 3558 2902 Abraham
3587 2852 3757 2908 usque

2167 2911 2236 2966 ad
2263 2911 2466 2984 Joseph
2491 2921 2544 2970 et
2569 2930 2737 2986 usque
2763 2917 2830 2972 ad
2859 2917 3024 2988 ipsius
3050 2919 3248 2977 Christi
3278 2923 3629 2993 nativitatem,
3659 2926 3756 2984 de-

2167 3004 2475 3060 scendendo
2512 3010 2951 3065 commemoravit
2999 3009 3069 3067 ab
3113 3013 3266 3069 initio
3308 3015 3582 3088 Evangelii
3621 3021 3708 3076 sui
3740 3037 3755 3075 :

2167 3093 2340 3150 Lucas
2362 3104 2540 3153 autem
2586 3115 2692 3155 non
2716 3101 2784 3156 ab
2808 3102 2960 3158 initio
2989 3104 3259 3178 Evangelii
3277 3108 3381 3178 sui,
3407 3110 3500 3165 sed
3525 3126 3555 3165 a
3581 3111 3758 3186 bapti-

2166 3193 2286 3239 smo
2308 3184 2530 3254 Christi,
2559 3191 2931 3259 generationes
2964 3205 3199 3265 enarrat,
3227 3213 3328 3256 nec
3355 3184 3756 3272 descendendo,

2165 3274 2262 3330 sed
2307 3277 2667 3356 ascendendo,
2715 3290 2964 3354 tanquam
3015 3287 3350 3344 sacerdotem
3391 3291 3443 3346 in
3473 3294 3757 3365 expiandis

2164 3365 2401 3434 peccatis
2442 3369 2609 3440 magis
2633 3372 2946 3443 assignans;
2973 3375 3064 3431 ubi
3107 3393 3230 3434 eum
3270 3396 3373 3437 vox
3403 3382 3468 3439 de
3493 3385 3632 3441 caelo
3659 3387 3758 3446 de-

2163 3455 2409 3526 claravit,
2439 3458 2529 3514 ubi
2560 3461 2922 3520 testimonium
2949 3463 3182 3524 Joannes
3227 3471 3326 3542 ipsi
3352 3473 3638 3554 perhibuit,
3669 3478 3756 3534 di-

2163 3564 2314 3620 cens,
2367 3551 2500 3644 Ecce
2533 3556 2622 3625 qui
2667 3555 2802 3612 tollit
2847 3567 3050 3628 peccata
3098 3564 3278 3619 mundi
3325 3563 3502 3639 (Ioan.
3549 3551 3590 3636 ι,
3633 3571 3754 3644 29).

2165 3643 2524 3701 Ascendendc
2565 3658 2741 3703 autem
2789 3651 2981 3706 transit
3007 3659 3059 3707 et
3085 3653 3376 3723 Abraham,
3407 3665 3464 3714 et
3509 3643 3758 3729 pervenit

2165 3734 2231 3788 ad
2259 3735 2427 3790 Deum
2453 3778 2468 3802 ,
2497 3737 2582 3792 cui
2613 3739 2854 3794 mundati
2881 3749 2936 3798 et
2967 3744 3166 3818 expiati
3191 3747 3614 3808 reconciliamur.
3647 3753 3756 3810 Me-

2166 3825 2272 3880 rito
2307 3833 2360 3881 et
2399 3823 2703 3897 adoptionis
2742 3831 3002 3903 originem
3043 3834 3158 3906 ipse
3197 3839 3448 3910 suscepit,
3492 3841 3617 3912 quia
3663 3861 3760 3916 per

2165 3915 2514 3989 adoptionem
2528 3917 2793 3978 eﬂiclmur
2814 3923 2906 3978 lilii
2932 3925 3046 4010 Dei,
3071 3927 3340 4008 credendo
3359 3919 3418 3986 in
3444 3931 3611 4000 lilium
3636 3915 3754 3994 Dei.

2164 4008 2268 4066 Per
2305 4013 2574 4070 carnalem
2624 4029 2755 4071 vero
2805 4008 3200 4088 generationem
3231 4021 3398 4080 Filius
3435 4027 3532 4084 Dei
3578 4029 3758 4100 potius

2163 4113 2384 4174 propter
2407 4121 2505 4161 nos
2531 4105 2672 4162 illius
2699 4107 2931 4167 hominis
2955 4111 3125 4170 factus
3148 4125 3249 4170 est.
3281 4115 3422 4176 Satis
3446 4129 3638 4178 autem.
3657 4121 3756 4180 de-

2161 4199 2478 4250 monstravit
2506 4213 2610 4252 non
2643 4213 2700 4254 se
2738 4199 2861 4255 ideo
2905 4202 3103 4260 dixisse
3126 4247 3141 4270 ,
3171 4201 3368 4278 Ioseph
3417 4209 3582 4267 lilium
3614 4213 3750 4288 lleli,

2161 4286 2300 4356 Quod
2325 4285 2392 4343 de
2411 4285 2502 4343 illo
2519 4289 2752 4360 genitus,
2771 4291 2863 4346 sed
2881 4292 3020 4364 quod
3037 4295 3103 4351 ab
3126 4295 3214 4376 illo
3241 4295 3414 4354 fuerat
3438 4285 3751 4374 adeptatus;

2159 4392 2281 4433 cum
2302 4388 2356 4434 et
2381 4379 2553 4450 ipsum
2581 4381 2749 4437 Adam
2784 4383 2945 4439 lilium
2975 4385 3068 4442 Dei
3098 4388 3251 4458 dixit,
3283 4407 3402 4446 cum
3429 4392 3495 4447 sit
3525 4393 3696 4450 factus
3721 4413 3754 4456 a

2159 4471 2302 4539 Deo,
2331 4473 2427 4529 sed
2456 4489 2553 4544 per
2574 4475 2798 4546 gratiam
2841 4495 3000 4550 quam
3027 4494 3211 4552 postea
3239 4471 3509 4555 peccando
3547 4492 3751 4564 amisit,

2159 4572 2412 4636 tanquam
2441 4565 2580 4622 ﬁlius
2605 4567 2656 4624 in
2685 4569 2932 4639 paradiso
2957 4563 3276 4630 constitutus
3301 4578 3386 4632 sit.
3587 4563 3612 4572 ”
3739 4575 3742 4578 ’

2229 4655 2318 4712 12.
2341 4659 2676 4730 QuaprOpter
2705 4661 2757 4714 in
2785 4653 3216 4743 generationibus
3245 4667 3495 4734 Matthmi,
3545 4671 3752 4746 signiﬁ-

2157 4757 2309 4804 catur
2358 4759 2662 4806 nostrorum
2711 4739 2981 4832 susceptio
3039 4768 3376 4828 peccatorum
3425 4775 3454 4815 a
3518 4739 3750 4836 animi.)

2157 4837 2369 4895 Christo
2403 4860 2417 4896 :
2463 4843 2516 4896 itt
2543 4841 2976 4912 generationibus
3005 4855 3181 4902 autem
3208 4848 3384 4916 Luem,
3416 4851 3752 4932 signiﬁcatur

2156 4927 2376 4984 abolitio
2424 4939 2730 4986 nostrorum
2781 4945 3118 5003 peccatorum
3164 4953 3194 4992 a
3241 4925 3746 5012 Domitio-‘Christo.

2157 5017 2284 5073 ideo
2331 5034 2422 5075 eas
2473 5020 2561 5077 ille
2594 5021 2936 5100 descendens
2981 5036 3236 5094 enarrat,
3281 5029 3380 5085 iste
3419 5033 3746 5104 ascendens.

2155 5109 2306 5178 Quod
2338 5111 2479 5165 enim
2509 5109 2635 5167 dicit
2655 5113 2974 5186 Apostolus,
3021 5116 3161 5172 Misit
3201 5117 3341 5176 Deus
3381 5115 3571 5186 Filium
3597 5141 3749 5189 suum

2155 5203 2209 5257 in
2229 5202 2607 5258 similitudinem
2641 5207 2810 5260 carnis
2834 5209 3024 5280 peccati
3034 5225 3055 5292 ς
3083 5205 3198 5266 haec
3225 5220 3307 5267 est
3331 5197 3600 5300 susceptio
3623 5233 3748 5292 pec-

2155 5303 2392 5349 catorum
2423 5309 2436 5346 :
2468 5293 2608 5364 quod
2636 5303 2814 5352 autem
2845 5285 3126 5368 addit,'Ut
3155 5299 3217 5356 de
3245 5315 3447 5378 peccato
3478 5285 3747 5370 damnaret

2156 5388 2414 5457 peccatum
2447 5386 2501 5440 in
2543 5403 2695 5442 carne
2734 5389 2910 5462 (Rom.
2943 5409 3052 5462 vm,
3083 5393 3181 5466 3);
3227 5397 3339 5450 haec
3383 5407 3466 5456 est
3507 5401 3745 5482 egpiatin

2153 5487 2512 5551 peccatorum.
2544 5479 2774 5538 Proinde
2799 5481 3075 5540 Matthmus
3100 5488 3168 5543 ab
3194 5489 3309 5558 ipso
3333 5489 3500 5545 David
3532 5479 3630 5572 per
3654 5494 3746 5556 Sa-

2155 5569 2423 5625 lomonem
2451 5567 2764 5640 descendit,
2813 5575 2865 5628 in
2903 5577 3056 5645 cujus
3089 5588 3258 5634 matre
3287 5580 3375 5635 ille
3404 5567 3642 5650 peccavit
3671 5583 3740 5656 (ll

2154 5659 2286 5732 Reg.
2311 5676 2387 5728 ιι,
2414 5662 2470 5733 4)
2507 5679 2521 5716 :
2553 5661 2722 5718 Lucas
2746 5679 2877 5732 vero
2903 5667 2971 5722 ad
3006 5669 3178 5738 ipsum
3211 5671 3376 5727 David
3407 5687 3502 5742 per
3521 5673 3736 5732 Natltan

2155 5751 2429 5819 ascendit;
2471 5767 2568 5823 per
2591 5767 2748 5824 quem
2779 5757 3089 5828 prephetam
3124 5759 3263 5816 Deus
3289 5772 3563 5831 peccatum
3592 5763 3741 5824 illius
