4082 6496
365 434 504 492 1077

361 567 596 639 expiavit
614 565 834 638 (lIQReg.
873 575 966 628 xu,
1011 560 1164 633 1-H)
1189 557 1286 646 (α).
1312 558 1428 630 ipse
1447 569 1659 628 quoque
1696 568 1950 624 numerus

362 674 525 731 quem
549 658 720 712 Lucas
749 653 1055 725 exsequitur
1072 651 1415 718 ,-certissime
1442 663 1666 720 prorsus
1707 646 1952 701 abolitio-

361 767 490 808 nem
531 749 726 805 indicat
767 753 1120 818 peccatorum.
1162 743 1294 812 Quia
1343 744 1485 798 enim
1531 739 1729 798 Christi
1776 738 1950 810 aliqua

368 842 624 914 iniquitas
641 883 656 908 ,
687 841 776 912 qui
803 839 1006 894 nullam
1032 837 1253 914 habuit,
1281 850 1387 890 non
1411 843 1493 890 est
1520 834 1705 904 utique
1732 832 1953 902 conjun-

366 944 456 990 cta
486 932 853 1003 iniquitatibus
880 930 1152 984 hominum
1173 971 1186 993 ,
1216 942 1350 999 quas
1377 927 1430 982 in
1461 942 1556 982 sua
1583 941 1743 982 carne
1768 939 1952 979 susce-

368 1029 484 1099 pit;
511 1028 629 1082 ideo
656 1039 909 1080 numerus
941 1037 1105 1093 penes
1134 1021 1456 1086 Matthazum,
1483 1029 1705 1090 excepto
1721 1015 1951 1082 Christo,

366 1130 452 1178 est
478 1119 950 1191 quadragenariae.
992 1117 1127 1186 Quia
1151 1131 1278 1171 vero
1303 1113 1522 1186 justitize
1544 1129 1653 1168 sua:
1679 1112 1955 1184 Patrisque

367 1227 467 1266 nos
497 1211 738 1282 expiatos
766 1209 833 1265 ab
859 1209 1005 1263 omni
1033 1213 1252 1278 peccato
1281 1213 1635 1276 purgatosque
1661 1202 1952 1271 conjungit,

366 1315 427 1360 ut
451 1303 545 1359 ﬂat
573 1303 712 1375 quod
739 1303 813 1357 ait
841 1302 1160 1372 Apostolus,
1199 1291 1298 1368 Qui
1333 1311 1499 1370 autem
1530 1297 1750 1352 adliceret
1784 1295 1956 1350 Domi-

367 1415 454 1462 no,
487 1413 619 1452 unus
646 1396 854 1467 spiritus
893 1404 964 1450 est
996 1394 1038 1467 (ι
1077 1392 1195 1449 Cor.
1227 1409 1298 1460 vr,
1345 1393 1473 1464 i7);
1520 1390 1641 1446 ideo
1667 1391 1718 1445 in
1750 1405 1816 1446 eo
1855 1405 1956 1444 nu-

367 1505 523 1548 mero
551 1491 636 1558 qui
660 1497 744 1544 est
768 1503 936 1565 penes
959 1487 1182 1554 Lucam,
1213 1495 1266 1542 et
1289 1486 1402 1557 ipse
1433 1485 1677 1540 Christus
1696 1499 1727 1539 a
1750 1497 1855 1558 quo
1879 1482 1960 1540 in-

367 1584 496 1653 cipit
522 1583 871 1650 enumeratio,
905 1590 959 1636 et
983 1583 1124 1636 Deus
1149 1579 1214 1635 ad
1261 1594 1418 1651 quem
1461 1580 1727 1650 pervenit,
1753 1592 1958 1632 connu-

369 1687 662 1741 merautur,
692 1685 742 1731 et
775 1675 834 1730 lit
859 1687 1112 1730 numerus
1155 1671 1487 1743 septuaginta
1515 1668 1741 1742 septem,
1770 1685 1875 1740 quo
1896 1669 1961 1724 si-

369 1768 652 1839 gniﬁcatur
679 1766 914 1821 omnium
959 1778 1179 1837 prorsus
1205 1764 1450 1819 remissio
1489 1771 1547 1818 et
1585 1760 1807 1820 abolitio
1839 1776 1963 1833 pec-

371 1869 633 1915 catorum.
679 1857 848 1927 Quam
877 1857 1036 1912 etiam
1085 1857 1200 1930 ipse
1246 1854 1502 1911 Dominus
1539 1869 1634 1925 per
1663 1853 1822 1924 hujus
1860 1869 1960 1910 nu-

373 1951 510 2007 meri
553 1949 864 2023 mysterium
893 1948 1167 2003 evidenter
1214 1949 1500 2020 expressit,
1550 1947 1736 2010 dicens
1780 1946 1962 2016 remit-

373 2042 592 2100 tendum
631 2057 751 2097 esse
782 2041 1040 2112 pcceanti,
1085 2055 1192 2094 non
1223 2039 1396 2094 solum
1429 2039 1648 2110 septies,
1678 2037 1773 2108 sed
1804 2038 1963 2094 etiam

373 2134 675 2206 septuagics
701 2132 896 2205 septies
937 2130 1149 2206 (Matth.
1180 2147 1329 2195 xvut,
1359 2130 1478 2202 9.2).

448 2228 536 2283 15.
559 2225 667 2281 Nec
688 2223 879 2280 frustra
899 2223 996 2279 iste
1017 2238 1272 2278 numerus
1288 2221 1353 2280 ad
1373 2207 1706 2298 peccatorum
1728 2221 1965 2292 omnium

375 2319 606 2390 pertinet
644 2313 1045 2388 mundationem
1068 2358 1081 2381 ,
1111 2315 1153 2370 si
1182 2314 1484 2386 diligentius
1514 2313 1828 2392 inquiratur.
1862 2312 1966 2368 De-

375 2409 560 2465 narius
601 2407 796 2478 quippe
833 2415 1079 2476 tanquam
1119 2403 1339 2474 justitia:
1380 2417 1632 2471 numerus
1679 2403 1728 2480 ip
1781 2402 1966 2470 decem

375 2500 659 2572 pneceptis
686 2497 841 2568 Legis
871 2497 1186 2552 ostenditur.
1216 2495 1385 2549 Porro
1414 2504 1685 2564 peccatum
1704 2503 1786 2550 est
1814 2494 1970 2566 Legis

377 2589 772 2662 transgressio;
816 2596 871 2643 et
911 2587 1091 2656 utique
1130 2585 1481 2658 transgressio
1521 2583 1724 2660 denarii
1763 2584 1970 2658 numeri

376 2690 733 2754 congruenter
773 2673 1062 2738 undenario
1095 2677 1354 2752 figuratur
1387 2695 1402 2732 :
1432 2676 1573 2742 unde
1613 2685 1667 2734 et
1704 2678 1817 2748 vela
1852 2677 1970 2732 cili-

377 2775 797 2846 eina.jubentur
837 2776 890 2827 in
943 2770 1284 2842 tabernaculo
1323 2769 1568 2840 undecim
1605 2768 1719 2844 ﬁeri
1759 2771 1780 2840 (
1802 2767 1968 2834 Exod.

377 2884 529 2932 xxvr,
557 2867 588 2922 7
614 2867 672 2940 );
703 2865 823 2936 quis
855 2873 1032 2920 autem
1071 2861 1276 2918 dubitet
1302 2861 1365 2916 ad
1396 2861 1597 2931 peccati
1627 2860 1972 2931 signiﬁcatio-

380 2975 508 3016 nem
538 2958 765 3014 cilicium
807 2954 1118 3027 pertinere?
1156 2953 1234 3008 Ae
1267 2969 1363 3030 per
1391 2953 1493 3007 hoc
1521 2952 1644 3023 quia
1671 2953 1974 3010 universum

380 3064 591 3124 tempus
625 3048 928 3121 septenario
959 3048 1170 3108 dierum
1211 3060 1435 3118 numero
1471 3045 1734 3114 volvitur,
1775 3061 1975 3110 conve-

381 3147 598 3202 nienter
631 3141 924 3200 undenario
960 3142 1161 3219 septies
1196 3140 1544 3211 multiplicato
1587 3139 1655 3196 ad
1697 3156 1977 3208 numerum

381 3237 828 3310 septmgesimum
847 3243 902 3293 et
916 3235 1195 3310 septimum
1209 3244 1396 3292 cuncta
1415 3243 1626 3306 peccata
1642 3236 1976 3308 perveniunt.

384 3331 443 3387 in
471 3345 576 3400 quo
613 3344 838 3384 numero
879 3328 1038 3383 etiam
1072 3327 1130 3396 tit
1160 3327 1312 3398 plena
1341 3327 1586 3390 remissio
1617 3338 1976 3400 peccatorum,

384 3421 633 3496 expiante
663 3407 760 3476 nos
791 3435 951 3476 carne
981 3418 1272 3474 sacerdotis
1302 3418 1499 3490 nostri,
1525 3433 1555 3474 a
1583 3433 1688 3490 quo
1715 3434 1856 3482 nunc
1880 3420 1979 3484 iste

385 3503 642 3569 ntinerus
681 3509 905 3582 incipit;
935 3521 988 3566 et
1023 3507 1400 3576 reconCiliante
1438 3525 1537 3570 nos
1564 3511 1693 3576 Deo,
1726 3511 1793 3570 ad
1822 3526 1979 3584 quem

386 3618 532 3659 nunc
569 3603 668 3658 iste
708 3589 966 3662 numerus
1004 3600 1248 3671 pervenit
1283 3615 1382 3670 per
1419 3600 1674 3674 Spiritum
1714 3610 1975 3669 sanetum,

386 3697 478 3767 qui
505 3699 558 3766 in
588 3693 848 3750 columbae
873 3693 1052 3764 specie
1080 3693 1264 3748 inhoe
1289 3693 1575 3774 baptismo,
1606 3693 1695 3766 ubi
1726 3709 1982 3760 numerus

387 3787 492 3843 iste
520 3795 990 3851 commemoratur,
1019 3785 1261 3858 apparuit
1294 3783 1440 3856 (Luc.
1473 3799 1552 3862 ut,
1576 3782 1692 3856 2‘2).

387 3878 617 3937 CAPUT
643 3879 708 3934 V.
740 3907 811 3920 -—-
843 3876 1104 3944 Quomodo
1134 3875 1364 3946 Matt/tari
1397 3876 1564 3940 ordini
1590 3885 1835 3952 congruat
1860 3875 1984 3948 ordo

463 3971 618 4026 Lacte
654 3971 705 4024 in
733 3970 811 4025 his
846 3953 959 4039 qua:
987 3968 1049 4022 de
1078 3978 1320 4038 conceptu
1346 3977 1392 4021 et
1421 3968 1483 4022 de
1515 3968 1733 4040 infantia
1761 3969 1836 4040 uel
1864 3985 1987 4038 pue-

463 4061 584 4117 ritia
609 4060 798 4130 Christi
827 4060 958 4113 alius
985 4057 1319 4130 praetermittit
1338 4099 1352 4123 ,
1381 4057 1511 4110 alius
1537 4043 1911 4134 commemorat.

471 4151 560 4208 14.
619 4149 748 4222 Post
792 4158 1128 4218 enumeratas
1175 4148 1548 4224 generationes
1590 4148 1868 4226 Mattlimus
1914 4151 1986 4222 ita

395 4246 672 4317 sequitur:
705 4241 893 4300 Christi
935 4252 1101 4295 autent
1141 4241 1393 4312 generatio
1424 4241 1494 4296 sic
1530 4251 1658 4316 erat.
1697 4242 1824 4316 (lum
1863 4253 1988 4312 esset

394 4337 699 4410 desponsata
738 4344 895 4402 mater
933 4333 1040 4404 ejus
1074 4331 1240 4404 Maria
1267 4331 1482 4404 Joseph,
1516 4343 1780 4408 antequam
1813 4351 1991 4406 conpe-

395 4430 582 4493 nirent,
617 4428 816 4498 inventa
859 4433 930 4480 est
966 4424 1018 4478 in
1050 4434 1188 4478 utero
1228 4423 1414 4478 habens
1453 4423 1516 4478 de
1554 4423 1756 4506 Spiritu
1792 4435 1984 4494 sancto.

394 4518 512 4576 Hoc
532 4515 976 4592 quemadmodum
1003 4514 1194 4570 factum
1218 4515 1305 4584 sit,
1356 4515 1498 4586 quod
1521 4515 1606 4574 hic
1627 4516 1984 4594 prmteruiisit,

394 4609 570 4666 Lucas
591 4608 834 4679 exposuit
855 4613 974 4677 post
992 4615 1466 4662 commemoratum
1488 4614 1802 4676 conceptum
1825 4607 1989 4672 Joan-

395 4704 503 4770 nis,
533 4703 602 4758 ita
641 4715 899 4774 narrans:
933 4694 997 4753 In
1026 4715 1192 4753 mense
1218 4706 1384 4752 autem
1410 4707 1550 4756 sexto
1587 4698 1768 4768 missus
1795 4708 1867 4770 est
1893 4716 1990 4754 an-

395 4799 543 4871 gelus
578 4789 780 4852 Gabriel
819 4812 851 4850 a
895 4793 999 4848 Deo
1040 4797 1092 4864 in
1136 4791 1383 4845 civitatem
1425 4789 1671 4858 Galilwte,
1701 4793 1782 4850 cui
1811 4807 1992 4862 nomen

399 4889 683 4951 Nazareth,
707 4888 774 4941 ad
798 4885 1038 4958 virginem
1064 4883 1419 4952 desponsatam
1444 4880 1549 4960 viro
1578 4883 1660 4940 cui
1681 4899 1860 4954 nomen
1887 4893 1992 4952 erat

397 4981 617 5054 Ioseph,
653 4979 714 5034 de
743 4980 890 5033 domo
920 4976 1130 5042 David;
1161 4984 1207 5029 et
1247 4991 1426 5032 nomen
1456 4974 1661 5047 virginis
1702 4973 1889 5050 Maria.
1925 4975 1994 5047 Et

397 5075 656 5145 ingressus
685 5070 892 5142 angelus
919 5069 985 5123 ad
1016 5085 1124 5123 eam
1151 5066 1277 5120 dixit
1300 5081 1320 5120 :
1344 5065 1465 5135 Ave,
1488 5067 1651 5140 gratia
1678 5067 1862 5140 plena;
1890 5065 1994 5136 Do-

400 5168 570 5234 minus
598 5174 777 5229 tecum,
811 5163 1065 5218 benedicta
1095 5169 1148 5214 tu
1175 5161 1228 5214 in
1255 5159 1568 5218 mulieribus.
1610 5161 1734 5232 Qua!
1763 5177 1876 5226 cum
1915 5161 1992 5216 υί-

404 5258 558 5315 dissct
588 5259 629 5325 ¹,
658 5255 855 5312 turbata
885 5265 954 5310 est
982 5255 1033 5310 in
1063 5268 1288 5308 sermone
1318 5251 1447 5330 ejus,
1474 5260 1520 5308 et
1547 5253 1795 5324 cogitabat
1829 5253 1994 5323 qualis

403 5358 533 5405 esset
561 5350 658 5403 ista
687 5345 946 5403 salutatio.
977 5343 1040 5398 Et
1071 5343 1139 5397 ait
1171 5343 1379 5414 angelus
1410 5343 1454 5397 ei
1477 5357 1496 5396 :
1524 5341 1608 5398 Ne
1634 5343 1840 5420 timeas,
1873 5341 1996 5410 Ma-

403 5445 524 5510 ria;
553 5441 788 5498 invenisti
811 5439 942 5494 enim
968 5438 1182 5510 gratiam
1210 5435 1350 5508 apud
1373 5434 1577 5491 Deum:
1606 5451 1717 5511 ecce
1749 5436 1997 5506 concipias

403 5540 459 5592 in
491 5546 655 5602 utero,
683 5543 732 5589 et
757 5533 921 5605 paries
951 5532 1129 5601 ﬁlium,
1155 5539 1201 5583 et
1226 5527 1422 5583 vocabis
1446 5544 1626 5584 nomen
1650 5529 1758 5602 eius
1783 5526 1820 5582 Ι
1823 5544 1956 5588 esum
1977 5545 1997 5584 .°

472 5649 490 5681 ι
516 5647 638 5696 Editi
659 5646 737 5696 hic
761 5651 812 5696 et
834 5642 974 5700 intra,
999 5640 1228 5703 audisset.
1254 5646 1309 5692 At
1325 5640 1550 5703 plerique
1569 5646 1620 5692 et
1642 5638 1858 5692 melioris
1871 5647 1998 5691 noue

406 5717 516 5762 uss.
543 5714 821 5758 constanter
841 5705 1058 5767 habent,
1100 5701 1340 5764 vidisset,’
1364 5701 1502 5768 juxta
1538 5714 1750 5766 meum
1788 5709 1995 5766 textum,

407 5773 439 5827 δ
459 5771 524 5825 de
543 5769 732 5822 δασεῖαι.

475 5833 552 5898 la)
584 5840 620 5882 tl
656 5838 861 5885 Retract.
886 5842 992 5898 cap.
1028 5827 1106 5880 16.

1658 413 1862 476 LIBER
1898 413 2274 474 SECUNDUS.

3501 430 3522 485 1
3533 429 3638 487 0'78

2056 552 2137 606 hic
2165 554 2257 608 erit
2289 571 2520 627 magnus,
2551 567 2596 612 et
2633 559 2771 640 (ilius
2813 560 3057 638 4ltissimi
3095 565 3390 630 vocabitur;
3418 575 3464 620 et
3499 567 3640 622 dabit

2055 645 2132 700 illi
2157 646 2404 702 Dominus
2433 649 2567 724 Deus
2591 651 2758 705 sedem
2795 652 2960 706 David
2987 656 3144 724 patris
3172 657 3300 726 ejus,
3338 666 3384 718 et
3410 659 3639 728 regnabit

2056 739 2109 792 in
2131 740 2278 795 domo
2306 741 2463 796 Jacob
2493 744 2544 797 in
2572 753 2836 810 (sternunt,
2877 755 2922 802 et
2950 748 3088 818 regni
3117 749 3224 818 ejus
3255 766 3356 808 non
3382 751 3473 808 erit
3501 752 3639 819 ﬁnis.

2057 829 2201 886 Dixit
2239 846 2406 888 autem
2446 835 2614 892 Maria
2652 838 2718 897 ad
2746 839 3023 910 angelum:
3051 841 3314 906 Quomodo
3353 844 3437 911 ﬁet
3479 844 3639 909 istud,

2058 930 2290 994 quoniam
2329 931 2487 982 virum
2517 947 2616 986 non
2646 933 2929 1002 cognosco?
2958 932 3024 986 Et
3063 935 3371 1004 respondens
3408 938 3638 1007 angelus,

2060 1018 2188 1073 dixit
2227 1021 2271 1074 ei
2295 1037 2312 1074 :
2340 1022 2561 1092 Spiritus
2604 1035 2805 1096 sanctus
2843 1029 3154 1098 superveniet
3185 1029 3238 1083 in
3273 1038 3339 1096 te,
3377 1040 3424 1084 st
3476 1030 3642 1085 Virtus

2060 1110 2308 1170 Altisslmi
2356 1112 2661 1170 obumbrabit
2707 1117 2844 1184 tibi;
2895 1119 3102 1190 ideoque
3143 1128 3190 1174 et
3231 1121 3366 1190 quod
3411 1133 3646 1176 nascetur

2060 1213 2288 1258 sanctum
2317 1206 2356 1272 ί,
2383 1209 2636 1262 vocabitur
2665 1209 2711 1262 F
2715 1209 2830 1270 ilius
2858 1209 2956 1272 Dei
2981 1227 2998 1265 :
3024 1221 3079 1276 et
3109 1220 3319 1277 cratera,
3346 1230 3463 1284 qua:
3489 1215 3554 1270 ad
3593 1215 3643 1269 id

2061 1295 2201 1366 quod
2236 1312 2374 1352 nunc
2397 1299 2568 1368 agitur
2605 1316 2709 1356 non
2739 1303 3020 1372 pertinent.
3056 1305 3166 1360 lloc
3203 1319 3332 1376 ergo
3367 1305 3646 1361 Matthmus

2061 1393 2497 1447 commemoravit
2521 1381 2706 1456 dicens,
2745 1394 2810 1451 de
2847 1395 3026 1464 Maria,
3053 1395 3264 1456 Inuenta
3301 1407 3373 1453 est
3410 1400 3465 1454 in
3506 1407 3646 1453 utero

2063 1484 2249 1542 habens
2294 1485 2354 1540 de
2400 1485 2599 1557 Spiritu
2644 1499 2865 1560 sancto:
2899 1505 2996 1546 nec
3035 1494 3356 1546 contrarium
3400 1500 3483 1547 est
3524 1492 3645 1561 quia

2063 1575 2234 1634 Lucas
2274 1579 2516 1648 exposuit
2555 1579 2604 1634 id
2645 1581 2782 1652 quod
2813 1581 3085 1642 Matth-aius
3116 1583 3449 1651 praetermisit
3477 1599 3490 1649 ;
3524 1597 3646 1638 cum

2065 1667 2132 1724 de
2155 1669 2351 1744 Spiritu
2379 1679 2559 1725 sancto
2582 1671 2797 1728 Mariam
2822 1674 3128 1742 concepisse
3152 1683 3370 1744 uterque
3393 1683 3645 1729 testetur:

2066 1761 2201 1816 sicut
2221 1779 2324 1822 non
2347 1773 2428 1818 est
2450 1762 2772 1818 contrarium
2796 1765 2916 1834 quia
2951 1765 3227 1820 Matthccus
3247 1765 3497 1836 deinceps
3517 1781 3649 1822 con-

2066 1857 2230 1917 nectit
2277 1857 2416 1926 quod
2466 1857 2636 1912 Lucas
2681 1858 3053 1926 praetermittit.
3101 1857 3351 1927 Sequitur
3392 1847 3557 1926 enim,
3597 1868 3652 1913 ct

2065 1947 2195 2006 dicit
2214 1949 2491 2026 hiattltaaus
2517 1967 2530 2002 :
2557 1948 2750 2021 Ioseph
2769 1960 2935 2003 autent
2956 1950 3030 2003 vir
3052 1951 3160 2020 ejus
3183 1967 3296 2004 cum
3319 1958 3442 2004 esset
3452 1951 3645 2022 justus,

2066 2049 2113 2104 et
2150 2040 2305 2094 nollet
2340 2057 2450 2094 eam
2489 2039 2772 2102 traducere,
2815 2041 2968 2094 voluit
3005 2041 3198 2095 occulte
3234 2043 3483 2096 dimittere
3515 2059 3646 2113 eam.

2071 2130 2196 2194 [iazc
2223 2140 2387 2190 autem
2414 2147 2469 2185 eo
2496 2133 2760 2202 cogitante,
2787 2148 2896 2186 ecce
2920 2131 3129 2204 angelus
3157 2132 3363 2186 Domini
3387 2134 3439 2188 in
3463 2136 3652 2204 somnis

2068 2227 2306 2295 apparuit
2333 2225 2396 2288 ei,
2431 2227 2601 2279 dicens
2623 2241 2642 2280 :
2667 2224 2879 2296 Ioseph,
2914 2227 2991 2295 [ili
3016 2226 3200 2302 David,
3233 2226 3336 2282 noli
3367 2227 3539 2282 timere
3561 2243 3653 2282 ac-

2049 2319 2236 2394 _cipere
2256 2318 2478 2378 Mariam
2510 2319 2774 2390 coniugem
2807 2329 2942 2372 tuam
2963 2336 2980 2384 ;
3001 2320 3136 2389 quod
3165 2320 3294 2374 enim
3319 2321 3371 2374 in
3395 2336 3455 2374 ea
3479 2329 3655 2374 natum

2071 2420 2164 2476 est.
2187 2410 2250 2473 dc
2270 2409 2467 2479 Spiritu
2492 2420 2662 2464 sancto
2679 2420 2770 2465 est.
2800 2409 2969 2464 Pariet
2993 2420 3156 2464 autent
3181 2411 3362 2479 ﬁlium,
3387 2420 3432 2464 et
3461 2409 3657 2471 vocabis

2072 2519 2252 2566 nomen
2281 2504 2391 2573 ejus
2431 2502 2650 2557 Jesum:
2679 2503 2787 2571 ipse
2824 2503 2955 2555 enim
2993 2501 3188 2556 salvum
3223 2501 3371 2571 faciet
3414 2501 3657 2571 populum

2071 2611 2219 2656 suum
2243 2610 2274 2662 ᾳ
2299 2594 2512 2661 peccatis
2536 2609 2727 2647 eorum.
2752 2592 2866 2646 Hoc
2891 2603 3056 2646 autem
3082 2579 3240 2646 totum
3269 2593 3460 2662 factum
3482 2601 3576 2656 est,
3600 2601 3656 2646 ut

2073 2686 2366 2757 impleretur
2399 2686 2532 2756 quod
2577 2685 2763 2739 dictum
2807 2695 2879 2744 est
2919 2703 2951 2740 a
2992 2686 3206 2739 Domino
3243 2702 3331 2755 per
3360 2685 3658 2757 prophetam

2076 2778 2344 2844 dicentem,
2379 2775 2509 2831 Ecce
2535 2777 2672 2848 virgo
2701 2778 2752 2831 in
2781 2786 2924 2831 utero
2953 2776 3169 2844 habebit,
3197 2785 3246 2831 et
3271 2778 3433 2849 pariet
3468 2775 3658 2846 ﬁlium,

2077 2877 2122 2938 et
2138 2869 2394 2932 vocabitur
2421 2871 2439 2902 ³
2471 2885 2648 2922 nomen
2675 2870 2786 2938 ejus
2812 2869 3126 2934 Emmanuel,
3152 2871 3284 2940 quod
3311 2879 3384 2925 est
3406 2870 3657 2942 interpre-

2079 2969 2260 3027 tatum,
2312 2958 2590 3019 Nobiscum
2641 2959 2800 3013 Deus.
2849 2960 3140 3032 Exsurgens
3181 2970 3346 3015 autem
3388 2959 3582 3032 Joseph
3630 2978 3664 3016 a

2077 3066 2276 3116 somno,
2304 3051 2418 3120 fecit
2451 3051 2579 3108 sicut
2611 3051 2846 3120 prwcepit
2873 3051 2917 3104 ei
2943 3051 3151 3121 angelus
3177 3049 3418 3116 Domini;
3445 3061 3492 3105 et
3517 3067 3662 3108 acce-

2080 3143 2152 3214 pit
2180 3143 2444 3213 coniugem
2470 3159 2613 3198 suam
2639 3159 2652 3195 :
2681 3153 2724 3196 et
2754 3158 2855 3196 non
2878 3142 3202 3214 cognoscebat
3228 3160 3356 3210 eam,
3385 3143 3542 3197 donec
3571 3159 3664 3215 pe-

2081 3235 2206 3305 perit
2236 3233 2401 3302 ﬁlium
2428 3250 2577 3288 suum
2603 3234 3030 3304 primogenitum;
3055 3241 3101 3287 et
3129 3235 3320 3288 vocavit
3348 3250 3526 3288 nomen
3555 3234 3666 3304 ejus

2080 3325 2276 3392 .lesum.
2311 3326 2433 3386 Cum
2459 3342 2576 3396 ergo
2594 3336 2740 3379 natus
2767 3335 2891 3380 esset
2917 3324 2948 3379 J
2956 3343 3069 3381 esus
3089 3327 3141 3380 in
3157 3325 3411 3381 Bethleem
3435 3325 3588 3382 Judte
3612 3327 3666 3382 in

2083 3418 2254 3484 diebus
2279 3417 2502 3488 Herodis
2526 3419 2679 3490 regis,
2704 3427 2757 3472 et
2786 3428 2997 3474 cmtcra.

2155 3511 2242 3572 15.
2286 3511 2362 3568 De
2385 3511 2596 3566 civitate
2621 3510 2897 3572 Bethleem
2928 3510 3205 3566 hiatthznus
3236 3511 3506 3582 Lucasque
3534 3526 3666 3568 cono

2082 3603 2351 3666 sentiunt:
2382 3602 2474 3658 sed
2498 3603 2765 3673 quomodo
2791 3611 2845 3658 et
2871 3617 2974 3673 qua
3000 3618 3157 3657 causa
3183 3603 3250 3658 ad
3279 3618 3396 3658 eam
3427 3603 3672 3661 venerint

2082 3696 2284 3770 Ioseph
2322 3704 2378 3752 et
2418 3696 2613 3763 Maria,
2652 3696 2822 3751 Lucas
2855 3697 3102 3766 exponit,
3129 3695 3408 3750 Matthaeus
3451 3705 3671 3766 praeter-

2083 3788 2264 3854 mittit.
2295 3787 2510 3854 Contra,
2541 3787 2609 3842 de
2651 3787 2815 3857 Magis
2851 3787 2919 3841 ab
2961 3787 3175 3842 Oriente
3204 3787 3539 3842 venientibus
3567 3787 3673 3842 Lu-

2085 3892 2176 3938 cas
2212 3886 2370 3943 tacet,
2405 3877 2683 3947 Matthaeus
2711 3877 2873 3944 dicit,
2906 3879 2975 3932 ita
3005 3887 3336 3933 contexens:
3374 3877 3503 3932 Ecce
3530 3877 3674 3950 Magi

2085 3971 2149 4039 ab
2181 3969 2382 4031 Oriente
2409 3979 2642 4026 venerunt
2665 3969 3054 4041 Jerosolgmam,
3081 3971 3297 4024 dicentes
3319 3985 3339 4024 :
3367 3968 3465 4025 Ubi
3489 3977 3560 4024 est
3588 3969 3676 4040 qui

2088 4072 2236 4128 natus
2263 4071 2334 4122 est
2374 4078 2466 4120 rex
2491 4061 2830 4116 Iudaeorum?
2855 4062 3069 4116 uidimus
3096 4063 3229 4116 enim
3261 4062 3456 4116 stellam
3489 4061 3597 4132 ejus
3621 4061 3676 4116 in

2092 4151 2315 4221 Qriente,
2344 4162 2389 4212 et
2413 4153 2636 4206 uenimus
2661 4151 2876 4206 adorare
2897 4169 3030 4206 eum.
3067 4151 3290 4206 Audiens
3315 4161 3483 4206 autem
3509 4149 3677 4206 Hero-

2089 4248 2175 4303 des
2204 4265 2294 4302 rea;
2324 4248 2550 4301 turbatus
2573 4255 2676 4310 est;
2702 4255 2756 4300 et
2780 4257 2995 4312 caetera,
3023 4261 3191 4315 usque
3229 4245 3294 4298 ad
3318 4259 3440 4299 eum
3472 4245 3672 4310 locum,

2089 4340 2179 4404 ubi
2205 4340 2461 4410 scriptum
2485 4347 2566 4394 est
2591 4338 2656 4392 de
2685 4338 2816 4408 ipsis
2844 4337 3008 4406 Magis
3031 4336 3172 4406 quod
3197 4352 3436 4407 responso
3469 4347 3672 4410 accepto

2089 4431 2144 4498 in
2171 4431 2380 4495 somnis,-
2413 4446 2474 4484 nc
2497 4430 2716 4483 redirent
2743 4429 2809 4480 ad
2845 4426 3121 4492 Herodem,
3149 4445 3239 4498 per
3263 4427 3418 4481 aliam
3443 4430 3575 4482 viam
3597 4446 3679 4485 re-

2089 4523 2218 4582 uersi
2241 4530 2358 4582 sunt
2387 4523 2439 4579 in
2467 4522 2720 4593 regionem
2744 4537 2908 4575 suanu
2933 4520 3046 4575 Hoc
3071 4530 3236 4576 totum
3256 4521 3431 4577 Lucas
3454 4531 3680 4595 praeter-

2091 4616 2274 4683 mittit,
2301 4616 2441 4672 sicut
2476 4613 2754 4670 Matthmus
2780 4629 2888 4668 non
2930 4615 3162 4670 narravit
3189 4615 3329 4686 quod
3357 4615 3528 4673 Lucas
3557 4632 3681 4673 nar-

2092 4720 2196 4778 rat,
2221 4711 2272 4766 iu
2295 4711 2516 4780 prmsepi
2540 4709 2766 4780 positum
2790 4709 3108 4776 Dominum;
3135 4719 3187 4765 et
3211 4709 3351 4781 quod
3379 4711 3681 4781 pastoribus

2093 4818 2216 4872 eum
2261 4812 2440 4859 natum
2482 4801 2702 4873 sngelus
2730 4802 3090 4869 nuntiaverit;
3120 4813 3175 4858 et
3215 4803 3355 4874 quod
3386 4795 3679 4868 multitudo

2095 4895 2299 4968 militiae
2342 4894 2576 4950 omlestis
2624 4892 2762 4949 facta
2805 4903 2887 4950 est
2936 4909 3056 4950 eum
3104 4892 3294 4966 an‘gelo
3352 4895 3678 4956 laudantium

2096 4990 2262 5050 Deum
2287 5005 2302 5055 ;
2330 4998 2383 5044 et
2407 4987 2548 5059 quod
2572 4996 2834 5044 venerunt
2862 4997 3120 5058 pastores,
3147 4999 3200 5044 et
3225 4988 3468 5044 viderunt
3495 5005 3680 5060 verum

2095 5095 2218 5138 esse
2243 5079 2386 5149 quod
2421 5079 2501 5134 eis
2529 5079 2747 5149 angelus
2777 5079 3148 5145 nuntiaverat;
3183 5087 3236 5134 et
3264 5079 3404 5152 quod
3444 5078 3531 5136 die
3572 5079 3681 5136 cir-

2095 5174 2440 5231 eumcisionis
2481 5189 2594 5230 sua:
2635 5188 2828 5228 nomen
2871 5173 3173 5242 acceperit;
3204 5181 3257 5228 et
3284 5187 3404 5245 quae
3433 5181 3552 5244 post
3580 5175 3696 5230 im-'
3743 5187 3750 5198 ‘

2097 5269 2268 5340 pletos
2309 5267 2424 5322 dies
2476 5266 2803 5337 purgationis
2851 5265 3024 5320 Maria:
3067 5263 3208 5320 idem
3255 5267 3423 5322 Lucas
3465 5274 3683 5338 narrat,

2097 5360 2239 5433 quod
2264 5359 2542 5415 attulerint
2568 5373 2690 5413 eum
2718 5356 2784 5412 ad
2809 5356 3128 5425 Jerusalem,
3151 5367 3204 5413 et
3227 5357 3295 5414 de
3321 5357 3571 5414 Simeone
3596 5341 3684 5416 vel

2163 5520 2180 5548 ι
2205 5521 2255 5564 In
2281 5513 2456 5573 editis,
2479 5525 2544 5562 ea:
2575 5516 2621 5573 te
2649 5517 2882 5573 sanctum.
2909 5513 3082 5572 Abest,
3103 5524 3170 5565 ea:
3201 5518 3278 5573 te,
3311 5525 3342 5564 ι
3371 5513 3529 5564 tribus
3551 5521 3690 5566 vsu-

2100 5580 2234 5629 canis
2254 5581 2360 5626 Mss.
2389 5571 2490 5626 eta
2511 5571 2764 5625 Gallicanis
2787 5571 2938 5640 pleris
2956 5590 3054 5639 pie,
3069 5571 3174 5626 nec
3197 5577 3244 5632 in
3265 5571 3428 5640 graeco
3447 5584 3591 5628 textu
3629 5577 3687 5630 hi

2099 5641 2342 5764 militioni,
2366 5697 2625 5764 vocabitur.
2639 5706 2704 5764 at
2719 5707 2843 5760 διες..
2865 5697 3126 5755 vocabunt:
3143 5707 3351 5764 excepto
3365 5699 3691 5764 Audoenensl,

2101 5763 2186 5830 qui
2204 5762 2369 5820 habet,
2388 5759 2590 5830 vocabis.
2606 5763 2680 5830 sic
2693 5763 2744 5812 in
2765 5763 2939 5826 grtecis
2957 5759 3316 5828 exemplaribus
3331 5765 3466 5818 varie
3487 5759 3692 5830 legituri

2397 5830 2450 5873 et
2473 5819 2692 5876 kaleseis.
