4082 6462
494 382 631 440 1079
718 458 720 460 τ

489 477 662 564 Anna,
704 513 820 570 qua:
857 497 1091 554 dixerint
1126 496 1195 552 de
1231 494 1325 550 illo
1365 495 1416 548 in
1458 493 1683 562 templo,
1722 502 2069 564 posteaquam

490 603 850 662 cognoverunt
887 608 1008 646 eum
1039 589 1240 660 impleti
1266 587 1462 659 Spiritu
1503 599 1722 641 sancto:
1754 587 1928 641 omnia
1956 586 2069 642 haec

491 694 629 739 tacet
651 685 946 739 Matthmus.

561 774 648 829 16.
693 774 842 831 Unde
869 775 1056 826 merito
1083 771 1342 841 quaeritur
1379 769 1590 839 quando
1621 769 1751 822 facta
1781 769 1920 834 sint,
1953 769 2069 822 sive

487 883 606 936 qua:
633 865 908 920 Matthqu
938 862 1291 932 prtetermittit
1331 868 1384 914 et
1429 861 1598 914 Lucas
1627 860 1781 921 dicit,
1811 859 1922 912 sive
1951 874 2068 927 qua:

487 957 658 1011 Lucas
684 954 1037 1025 praztermittit
1075 963 1126 1006 et
1154 951 1432 1006 Mattlneus
1455 951 1600 1004 dicit.
1631 950 2066 1018 Quandoquidem

486 1049 780 1110 Matthmns,
811 1047 1070 1115 regressis
1099 1047 1150 1100 in
1181 1046 1451 1115 regionem
1489 1061 1638 1100 suam
1679 1045 1839 1113 Magis
1864 1045 1953 1114 qui
1980 1060 2067 1108 ve-

486 1151 676 1197 nerant
700 1141 767 1196 ab
791 1140 1009 1196 Oriente
1032 1182 1045 1203 ,
1075 1141 1313 1210 sequitur
1337 1148 1390 1193 et
1416 1149 1624 1201 narrat.
1657 1139 1854 1208 10seph
1881 1139 1946 1192 ab
1971 1154 2067 1192 an-

483 1236 603 1305 gelo
627 1233 954 1288 admonitum
985 1243 1041 1286 ut
1070 1248 1188 1286 cum
1213 1230 1408 1284 infante
1440 1231 1490 1283 in
1527 1229 1808 1300 .Egyptmn
1841 1230 2063 1313 fugeret,

481 1340 551 1379 ne
593 1325 660 1378 ab
703 1323 908 1378 Herode
943 1321 1491 1384 necaretur;'deinde
1535 1320 1797 1373 Herodem
1834 1319 1922 1372 illo
1963 1333 2069 1372 non

424 1440 441 1454 η·
482 1417 718 1478 invento,
741 1432 771 1470 a
803 1416 1000 1470 bimatu
1029 1425 1082 1468 et
1112 1413 1243 1468 inira
1272 1427 1466 1482 pueros
1490 1413 1747 1466 occidisse
1775 1429 1786 1464 :
1817 1411 2069 1466 defuncto

481 1517 658 1562 autem
700 1507 908 1562 Herode
953 1506 1174 1560 rediisse
1216 1508 1284 1558 ab
1327 1503 1577 1576 eEavp'to,
1608 1512 1660 1555 et
1701 1503 1883 1556 audito
1928 1501 2067 1571 quod

437 1625 447 1651 ε
481 1599 772 1654 Archelaus
803 1599 856 1652 in
895 1596 1074 1652 Judzea
1107 1605 1351 1665 regnaret
1391 1610 1490 1664 pro
1532 1594 1739 1648 Herode
1770 1602 1917 1662 patre
1947 1607 2064 1659 suo,

482 1688 755 1742 habitasse
792 1703 910 1740 cum
958 1701 1124 1750 puero
1157 1686 1207 1739 in
1247 1685 1481 1739 Galilaéaz
1520 1685 1736 1740 civitate
1766 1682 2065 1741 Nazareth:

475 1772 596 1828 qua:
623 1758 801 1812 omnia
845 1757 1016 1813 Lucas
1047 1768 1201 1812 tacet.
1247 1758 1356 1812 Nec
1395 1759 1516 1813 ideo
1539 1769 1863 1812 contrarium
1894 1759 2066 1812 videri

475 1857 671 1920 potest,
715 1849 858 1919 quod
904 1849 988 1904 vel
1020 1849 1108 1904 hic
1146 1849 1276 1904 dicit
1303 1866 1424 1919 qua:
1453 1850 1544 1905 ille
1569 1849 1957 1918 praetermittit,
1987 1851 2069 1904 vel

473 1923 980 2009 illecommemorat
1012 1957 1131 2011 qua:
1162 1942 1261 1996 iste
1315 1957 1420 1996 non
1465 1941 1611 1996 dicit.
1660 1941 1766 1996 Sed
1815 1943 2070 2012 quaeritur

478 2033 693 2103 quando
725 2033 842 2088 ﬁeri
872 2033 1140 2102 potuerint
1162 2049 1280 2103 qua:
1306 2034 1540 2087 contexit
1560 2032 1835 2086 Matthaeus
1853 2033 1920 2088 de
1948 2027 2070 2102 pro-

476 2121 708 2178 lectione
745 2124 798 2178 in
842 2123 1132 2193 [Egyptum
1181 2133 1341 2192 atque
1391 2123 1514 2178 inde
1567 2125 1898 2192 regressione
1949 2131 2070 2193 post

475 2215 704 2272 Herodis
726 2223 951 2270 mortem
972 2255 988 2282 ,
1021 2202 1078 2268 ut
1098 2215 1210 2284 jam
1237 2215 1290 2270 in
1328 2216 1540 2271 civitate
1565 2215 1825 2270 Nazaretli
1864 2216 2070 2270 habita-

475 2289 616 2372 rent,
643 2322 748 2383 quo
777 2320 870 2362 eos
891 2305 1060 2377 Lucas
1079 2348 1094 2372 ,
1125 2316 1466 2377 posteaquam
1487 2305 1834 2377 perfecerunt
1857 2309 1909 2363 in
1937 2317 2070 2364 tem-

477 2401 568 2471 plo
603 2401 745 2456 circa
773 2416 996 2471 puerum
1025 2401 1203 2456 omnia
1253 2401 1546 2457 secundum
1597 2402 1790 2472 Legem
1822 2403 2065 2469 Domini,

477 2509 723 2565 reversos
756 2508 874 2548 esse
916 2503 1318 2549 commemorat.
1353 2495 1448 2549 llic
1493 2496 1711 2564 proinde
1737 2511 2066 2566 cognoscen-

479 2585 606 2641 dum
634 2592 718 2640 est
745 2584 886 2655 quod
915 2585 1168 2655 deinceps
1192 2586 1259 2640 ad
1299 2595 1489 2641 caetera
1517 2586 1636 2641 talia
1666 2588 1868 2657 valeat,
1901 2605 1967 2644 ne
1994 2591 2069 2644 si-

431 2707 435 2711 -
477 2677 674 2733 militer
716 2686 965 2732 moveant
1004 2679 1344 2748 animumque
1389 2680 1743 2747 conturbent,
1775 2681 1854 2737 sic
1881 2698 2071 2737 unum-

479 2783 745 2838 quemque
772 2769 1163 2837 Evangelistam
1188 2779 1475 2825 contexere
1505 2773 1860 2826 narrationem
1892 2780 2064 2841 suam,

481 2868 538 2914 ut
567 2868 814 2930 tanquam
847 2859 978 2914 nihil
1008 2861 1458 2929 praetermittentis
1480 2863 1645 2917 series
1671 2863 1873 2934 digesta
1899 2865 2069 2920 videa-

479 2953 802 3006 turztaeitis
843 2953 984 3007 enim
1033 2967 1152 3023 quae
1196 2968 1302 3008 non
1347 2953 1456 3008 vult
1500 2953 1706 3019 dicere,
1739 2956 1815 3011 sic
1852 2971 1914 3013 ea
1950 2973 2068 3028 quae

479 3042 806 3108 vultdicere,
826 3043 932 3098 illis
949 3059 1068 3113 qua:
1089 3043 1298 3099 dicebat
1317 3045 1577 3116 adjungit,
1601 3057 1656 3100 ut
1676 3048 1788 3115 ipsa
1817 3049 2069 3105 continuo

477 3134 629 3203 sequi
653 3133 963 3188 videantur:
991 3134 1084 3189 sed
1113 3150 1233 3190 cum
1260 3135 1394 3190 alter
1419 3151 1480 3190 ea
1517 3136 1642 3191 dicit
1672 3153 1792 3208 qua:
1818 3137 1954 3193 alter
1985 3147 2068 3193 ta-

479 3224 611 3292 cuit,
640 3223 921 3293 diligenter
948 3223 1080 3280 ordo
1112 3225 1479 3281 consideratus
1523 3226 1720 3282 indicat
1758 3229 1933 3284 locum
1980 3230 2068 3284 ubi

478 3330 542 3370 ea
571 3317 818 3384 potuerit,
851 3331 880 3368 a
911 3331 1016 3385 quo
1045 3318 1402 3385 praetermissa
1429 3326 1585 3385 sunt,
1618 3320 1898 3386 transilire,
1931 3330 2069 3379 utea

476 3420 597 3476 qua:
625 3404 804 3460 dicere
830 3407 1126 3462 intenderat
1146 3408 1218 3461 ita
1238 3408 1600 3477 superioribus
1626 3411 1916 3480 copularet.
1947 3419 2066 3467 tan-

476 3510 636 3566 quam
667 3496 777 3566 ipsa
801 3497 960 3552 nullis
990 3498 1314 3568 interpositis
1344 3509 1710 3570 sequerentur.
1735 3503 1811 3556 Ae
1841 3519 1936 3573 per
1967 3503 2069 3560 hoc

474 3585 789 3657 intelligitur
808 3587 1104 3654 Matllucus,
1132 3589 1220 3643 ubi
1243 3589 1315 3644 ait
1342 3592 1550 3646 somnio
1570 3591 1871 3648 admonitos
1891 3594 2068 3665 Magos

475 3693 549 3736 ne
577 3679 817 3735 redirent
845 3681 912 3735 ad
941 3681 1226 3749 Herodem,
1256 3690 1310 3737 et
1329 3698 1424 3752 per
1447 3683 1602 3738 aliam
1633 3685 1770 3738 viam
1797 3702 2069 3758 regressos

472 3763 546 3824 in
582 3771 852 3840 regionem
897 3787 1086 3839 suam;
1138 3773 1246 3828 illic
1294 3777 1700 3845 pranermisisse
1739 3794 1856 3848 quae
1895 3779 2068 3835 Lucas

473 3863 710 3916 narravit
747 3873 893 3931 gesta
933 3864 1070 3917 circa
1102 3864 1383 3919 Dominum
1425 3867 1479 3920 in
1527 3869 1752 3938 templo,
1785 3878 1840 3924 et
1865 3869 2005 3926 dicta
2031 3887 2062 3924 a

476 3955 729 4011 Simeone
768 3967 821 4010 et
866 3957 1169 4012 Annambi
1210 3974 1393 4014 rursus
1438 3959 1606 4015 Lucas
1655 3964 2066 4030 praetermittens

473 4045 858 4117 profectionem
903 4049 953 4101 in
979 4047 1263 4120 [Egyptutn
1285 4091 1299 4114 ,
1327 4066 1483 4119 quam
1533 4062 1709 4106 narrat
1747 4053 2024 4110 Mattltaaus
2048 4095 2064 4122 ,

473 4146 728 4208 tanquam
769 4138 1074 4194 continuam
1119 4142 1394 4196 contexuit
1429 4144 1814 4212 regressionem
1839 4145 1906 4200 ad
1933 4146 2067 4203 civi—

476 4237 638 4286 tatem
667 4231 950 4287 Nazareth.

547 4325 635 4381 17.
658 4324 714 4381 Si
741 4323 860 4396 quis
881 4334 1060 4381 autem
1081 4325 1208 4380 velit
1228 4341 1385 4380 unam
1411 4328 1771 4384 narrationem
1795 4345 1861 4386 ex
1882 4330 2063 4385 omni-

477 4417 600 4486 bus,
626 4432 744 4491 quae
771 4416 838 4472 de
857 4417 1056 4471 Christi
1081 4418 1355 4473 nativitate
1389 4427 1442 4472 et
1481 4417 1700 4474 infantia
1729 4421 1812 4476 vel
1843 4421 2067 4491 pueritia

476 4511 536 4568 in
576 4511 850 4580 utriusque
873 4510 1180 4564 narratione
1204 4510 1272 4565 ab
1298 4509 1553 4565 alterutro
1579 4526 1670 4566 seu
1696 4511 1944 4568 dicuntur
1971 4527 2068 4570 seu

470 4601 970 4674 prxterniittuntur,
1012 4601 1259 4656 ordinare
1304 4603 1383 4656 sic
1428 4611 1602 4671 potest
1629 4608 1648 4656 :'
1674 4603 1861 4658 Christi
1902 4615 2070 4681 autem

471 4695 728 4768 generatio
753 4695 824 4748 sic
850 4705 955 4748 erat
982 4693 1193 4766 (Matth.
1219 4709 1265 4760 ι,
1289 4697 1400 4766 18).
1421 4694 1542 4750 Fuit
1567 4697 1621 4751 in
1647 4697 1834 4753 diebus.
1851 4696 2068 4754 Herodis

471 4787 606 4858 regis
642 4785 843 4840 Iudtete
885 4787 1118 4840 sacerdos
1161 4787 1367 4857 quidam
1411 4789 1613 4842 nomine
1655 4788 1966 4860 Zacharias,
2006 4793 2070 4848 de

471 4881 581 4935 vice
605 4880 731 4934 Abia
749 4896 769 4935 :
793 4890 838 4933 et
865 4896 995 4933 uxor
1018 4880 1095 4933 illi
1124 4879 1185 4932 de
1209 4880 1410 4948 filiabus
1441 4882 1638 4948 Aaron,
1665 4892 1712 4937 et
1742 4901 1919 4939 nomen
1958 4887 2070 4956 ejus

388 4989 402 5020 μ
471 4967 757 5026 Elisabeth.
792 4969 954 5024 Erant
1001 4981 1167 5023 autem
1201 4971 1331 5042 justi
1377 4971 1522 5026 ambo
1564 4983 1680 5027 ante
1708 4974 1899 5041 Deum,
1929 4979 2068 5032 ince-

473 5061 648 5118 dentes
689 5063 744 5116 in
785 5061 1012 5116 omnibus
1057 5063 1306 5116 mandatis
1335 5072 1380 5116 et
1394 5064 1840 5135 justiﬁcationibus
1868 5066 2069 5122 Domini

384 5178 395 5228 ς
473 5157 584 5212 sine
609 5156 830 5228 querela.
858 5155 922 5208 Et
949 5172 1050 5209 non
1078 5164 1182 5208 erat
1211 5155 1314 5209 illis
1337 5157 1505 5224 ﬁlius,
1534 5173 1592 5210 eo
1628 5158 1763 5226 quod
1805 5167 1928 5212 esset
1959 5159 2071 5213 Eli-

389 5259 396 5266 ‘
473 5249 650 5306 sabetlt
692 5247 912 5312 sterilis,
953 5259 999 5301 et
1045 5248 1189 5302 ambo
1234 5249 1586 5316 processissent
1633 5250 1685 5302 in
1729 5250 1899 5304 diebus
1941 5252 2066 5306 suis.

478 5340 696 5397 Factum
723 5351 794 5395 est
819 5349 986 5394 autent
1012 5357 1128 5395 cttm
1155 5340 1432 5395 sacerdotio
1474 5345 1766 5411 fungeretur
1805 5343 1858 5396 in
1895 5343 2070 5398 ordine

479 5434 598 5487 vicis
640 5448 749 5487 sua:
800 5442 917 5486 ante
971 5431 1166 5497 Deum,
1217 5430 1491 5484 secundum
1535 5435 1942 5487 consuetudinem
1987 5451 2071 5488 sa-

476 5525 717 5590 cerdotii,
749 5537 882 5578 sorte
926 5525 1043 5578 exiit
1087 5534 1139 5576 ut
1183 5526 1438 5577 incensum
1484 5534 1688 5593 poneret
1728 5527 1980 5596 ingressus
2017 5528 2070 5580 in

479 5616 720 5687 templum
746 5615 948 5669 Domini
972 5631 990 5669 :
1011 5625 1057 5669 et
1086 5615 1248 5668 omnis
1273 5615 1538 5668 multitudo
1568 5619 1740 5686 populi
1775 5628 1881 5670 erat
1920 5635 2071 5673 orans

480 5707 608 5778 faris
637 5707 759 5759 llOl'tt
785 5707 992 5760 incensi.
1027 5708 1279 5777 Apparuit
1305 5715 1470 5759 autem
1496 5707 1568 5759 illi
1597 5708 1803 5777 angelus
1829 5707 2065 5775 Domini,

481 5807 621 5856 stans
654 5814 685 5855 tt
723 5798 912 5856 dextris
949 5799 1124 5855 altaris
1156 5798 1344 5854 incensi
1377 5815 1393 5854 .'
1437 5808 1483 5862 et
1525 5797 1800 5857 Zacharias
1844 5800 2071 5862 turbatus

1247 378 1338 435 DE
1375 376 1724 434 CONSENSU
1768 373 2407 444 EVANGELISTARUM,
2445 376 2504 434 S.
2544 375 2904 436 AUGUSTINI

3581 367 3705 425 1080

2176 505 2247 548 est
2272 496 2460 561 videns,
2487 505 2535 550 et
2559 493 2707 549 timor
2725 496 2870 549 irruit
2893 511 3042 562 super
3063 511 3192 550 eum.
3213 495 3300 550 Ait
3319 502 3484 552 autem
3505 493 3576 549 ad
3599 495 3742 550 illum

2174 586 2380 654 angelus
2425 599 2444 639 :
2482 584 2564 638 Ne
2602 587 2796 651 timeas,
2825 584 3091 651 Zacharia,
3119 587 3354 655 quoniam
3400 584 3634 638 exaudita
3675 594 3745 636 est

2175 661 2455 746 deprecatio
2480 686 2586 741 tua,
2623 690 2668 730 et
2698 693 2828 730 uxor
2856 687 2942 728 tua
2968 675 3222 730 Elisabeth
3249 676 3408 746 pariet
3442 674 3530 727 tibi
3561 674 3742 742 filiam,

2177 779 2220 822 et
2261 753 2454 822 vocabis
2481 785 2660 823 nomen
2699 771 2806 839 ejus
2842 767 3135 822 Joannem:
3166 777 3212 821 et
3245 769 3337 820 erit
3369 767 3608 838 gaudium
3633 767 3739 829 tibi,

2173 872 2221 916 et
2259 863 2541 926 exsultatio,
2566 871 2613 916 et
2640 862 2782 916 multi
2807 862 2858 914 in
2884 861 3136 914 nativitate
3174 861 3282 932 ejus
3305 859 3584 931 gaudebunt
3616 873 3633 910 :
3657 857 3745 909 erit

2175 956 2303 1007 enim
2343 971 2551 1024 magnus
2579 971 2745 1007 coram
2774 953 2994 1008 Domino
3025 971 3044 1008 :
3070 963 3117 1007 ct
3141 954 3312 1006 vinum
3337 962 3384 1006 et
3413 954 3619 1005 siceram
3651 967 3748 1003 non

2179 1046 2338 1108 bibet;
2363 1045 2635 1115 etlSpiritu
2675 1055 2847 1099 sancto
2879 1045 3151 1112 replebitur
3187 1043 3353 1096 adhuc
3384 1059 3446 1096 ex
3476 1053 3615 1095 utero
3635 1059 3748 1093 ma-

2177 1139 2266 1192 tris
2302 1154 2405 1191 sua:
2429 1154 2448 1191 :
2475 1149 2519 1192 et
2546 1138 2727 1192 nmltos
2763 1138 2985 1206 filiorum
3019 1136 3184 1190 Israel
3209 1145 3455 1190 convertet
3481 1136 3547 1187 ad
3581 1134 3753 1187 [lanti-

2177 1244 2296 1280 nam
2333 1227 2497 1281 Deum
2524 1229 2749 1298 ipsarum
2778 1245 2796 1282 :
2833 1239 2880 1283 et
2918 1229 3024 1298 ipse
3071 1228 3314 1298 prxcedet
3361 1215 3477 1282 ante
3513 1227 3657 1279 illum
3703 1227 3753 1279 in

2173 1308 2353 1388 spiritu
2383 1330 2429 1374 et
2477 1321 2654 1374 virtute
2692 1319 2842 1384 Elite,
2875 1330 2929 1374 ut
2966 1330 3216 1375 convertat
3257 1321 3409 1374 corda
3458 1329 3656 1388 patrum
3702 1319 3754 1370 in

2177 1412 2329 1479 filios,
2360 1422 2404 1463 et
2448 1411 2730 1466 incredulos
2767 1411 2836 1464 ad
2888 1411 3204 1480 prudentiam
3242 1411 3519 1482 jnstornm,
3572 1423 3756 1478 parare

2175 1499 2393 1554 Domino
2421 1502 2608 1570 plebem
2654 1506 2941 1572 perfectam.
2984 1501 3051 1555 Et
3102 1503 3226 1556 dixit
3261 1501 3537 1554 Zacharias
3564 1500 3631 1552 ad
3662 1516 3759 1551 an-

2175 1592 2340 1660 gelum
2362 1607 2381 1644 :
2414 1590 2561 1646 Unde
2589 1593 2680 1647 hoc
2709 1594 2901 1648 sciam?
2921 1611 3010 1664 ego
3047 1595 3178 1648 enim
3215 1610 3326 1648 sum
3355 1609 3522 1656 senex,
3555 1601 3603 1645 et
3630 1607 3760 1644 uxor

2177 1698 2285 1736 mea
2325 1684 2564 1752 processit
2607 1685 2659 1737 in
2685 1684 2859 1738 diebus
2901 1686 3028 1739 suis.
3079 1685 3142 1738 Et
3192 1686 3496 1754 respondens
3549 1683 3760 1754 angelus

2181 1760 2304 1811 dixit
2348 1762 2391 1813 ei
2415 1763 2565 1832 :Ego
2591 1759 2722 1816 sum
2763 1765 2965 1820 Gabriel
3005 1769 3092 1838 qui
3133 1771 3276 1824 adsto
3315 1784 3430 1827 ante
3473 1773 3666 1838 Deum,
3722 1788 3769 1830 et

2182 1851 2360 1903 missus
2399 1867 2510 1904 sum
2549 1854 2684 1924 loqui
2727 1857 2794 1909 ad
2836 1868 2911 1922 te,
2959 1869 3004 1912 et
3042 1859 3148 1914 htec
3192 1863 3280 1916 tibi
3312 1867 3654 1935 evangelisare
3679 1884 3700 1922 :
3722 1878 3771 1922 et

2177 1955 2289 1994 ecce
2313 1941 2410 1995 eris
2436 1951 2602 1997 tacens
2620 1987 2634 2010 ,
2657 1955 2705 1999 et
2730 1964 2828 2000 non
2856 1952 3041 2018 poteris
3067 1951 3206 2022 loqui
3241 1969 3398 2025 usque
3420 1957 3472 2009 in
3500 1957 3631 2010 diem
3666 1975 3771 2029 quo

2179 2031 2285 2086 haec
2305 2033 2429 2101 ﬁant
2447 2075 2461 2098 ,
2495 2053 2587 2105 pro
2611 2053 2668 2090 eo
2697 2040 2831 2109 quod
2869 2057 2969 2094 non
3003 2044 3261 2098 credidisti
3289 2049 3448 2102 verbis
3473 2051 3594 2103 meis
3613 2092 3627 2114 ,
3653 2068 3772 2120 qua

2177 2124 2512 2192 implebantur
2552 2130 2605 2182 in
2647 2139 2866 2201 tempore
2902 2151 3014 2189 suo.
3053 2135 3119 2189 Et
3159 2148 3264 2192 erat
3303 2140 3439 2208 plebs
3475 2155 3773 2213 exspectans

2177 2214 2513 2284 Zachariam,
2541 2229 2588 2272 et
2614 2221 2928 2278 mirabantur
2967 2227 3102 2295 quod
3139 2230 3361 2284 tardaret
3401 2232 3512 2301 ipse
3552 2235 3604 2287 in
3644 2244 3774 2288 tem-

2179 2307 2284 2376 plo.
2313 2307 2560 2380 Egressus
2581 2321 2747 2366 autem
2768 2330 2867 2368 non
2889 2325 3080 2384 poterat
3107 2317 3242 2390 loqui
3260 2321 3328 2373 ad
3348 2323 3483 2390 illos,
3507 2327 3771 2397 et’cogno-

2176 2412 2349 2453 verunt
2392 2401 2526 2473 quod
2569 2403 2806 2458 visionem
2847 2407 3044 2462 vidisset
3078 2410 3129 2463 in
3177 2411 3381 2482 templo.
3415 2412 3482 2467 Et
3520 2417 3628 2486 ipse
3659 2428 3777 2472 erat

2176 2489 2388 2544 innuens
2435 2493 2574 2558 illis,
2606 2503 2653 2547 et
2696 2498 2967 2565 permansit
2998 2509 3186 2554 mutus.
3228 2501 3295 2555 Et
3330 2505 3524 2572 factum
3563 2518 3672 2574 est,
3713 2519 3776 2563 ut

2175 2580 2372 2651 impleti
2418 2593 2537 2637 sunt
2575 2585 2681 2638 dies
2723 2585 2870 2655 ofﬁcii
2909 2588 3047 2658 ejus,
3087 2590 3208 2644 abiit
3249 2593 3301 2645 in
3343 2594 3547 2648 domum
3601 2613 3771 2652 suam.

2178 2669 2306 2726 Post
2345 2672 2437 2727 hos
2477 2683 2642 2728 autem
2682 2675 2788 2728 dies
2833 2680 3055 2748 concepit
3095 2679 3352 2736 Elisabetlt
3396 2701 3527 2738 uxor
3554 2687 3696 2754 eius,
3721 2697 3778 2743 et

2177 2765 2454 2818 occultabat
2478 2783 2531 2821 se
2561 2768 2810 2822 mensibus
2853 2772 3100 2842 quinque,
3129 2775 3298 2830 dicens
3317 2792 3338 2830 :
3367 2777 3497 2844 Quia
3535 2780 3608 2833 sic
3647 2783 3778 2837 mihi

2177 2856 2292 2924 fecit
2318 2855 2567 2912 Dominus
2595 2859 2648 2912 in
2677 2859 2849 2913 diebus
2867 2902 2881 2926 ,
2909 2862 3087 2931 quibus
3112 2867 3326 2936 respexit
3355 2874 3556 2937 auferre
3583 2887 3776 2941 appro.

2177 2945 2340 3000 brium
2386 2965 2551 3003 meum
2594 2951 2725 3005 inter
2763 2952 3005 3008 homines.
3051 2954 3118 3009 In
3164 2973 3332 3013 mense
3379 2970 3546 3016 autem
3584 2975 3723 3018 sexto
3752 3007 3770 3031 ,

2176 3040 2362 3094 missus
2389 3051 2460 3095 est
2488 3043 2698 3110 angelus
2727 3043 2931 3099 Gabriel
2954 3063 2985 3098 a
3010 3045 3118 3100 Deo
3153 3049 3206 3102 in
3243 3051 3489 3104 civitatem
3519 3051 3770 3123 Galilaue,

2176 3130 2260 3184 cui
2287 3146 2466 3185 nomen
2492 3131 2752 3189 Nazareth
2772 3176 2788 3203 ,
2814 3136 2882 3189 ad
2906 3139 3146 3208 virginem
3168 3139 3524 3212 desponsatam
3550 3147 3658 3200 viro
3687 3150 3775 3202 cui

2175 3234 2358 3274 nomen
2379 3230 2487 3274 erat
2504 3221 2728 3292 Ioseph,
2767 3225 2830 3279 de
2866 3225 3015 3280 domo
3046 3227 3249 3296 David;
3272 3242 3320 3285 et
3348 3249 3526 3287 nomen
3564 3237 3775 3307 virginis

2177 3311 2369 3368 Maria.
2400 3313 2467 3367 Et
2496 3315 2750 3386 ingressus
2785 3321 2996 3390 angelus
3025 3321 3092 3374 ad
3119 3339 3232 3376 eam
3259 3325 3427 3380 dixit:
3447 3327 3577 3393 Ave,
3605 3329 3776 3399 gratia

2177 3407 2360 3476 plena;
2409 3407 2658 3463 Dominus
2702 3420 2900 3478 tecum,
2947 3411 3203 3468 benedicta
3249 3427 3304 3469 tu
3346 3417 3400 3471 in
3454 3420 3773 3474 mulieribus.

2180 3496 2308 3564 Quae
2334 3515 2450 3552 cum
2477 3499 2700 3568 vidisset,
2733 3503 2931 3556 turbata
2957 3513 3028 3557 est
3055 3505 3108 3558 in
3133 3521 3360 3562 sermone
3387 3509 3517 3578 ejus,
3549 3519 3598 3564 et
3622 3511 3770 3581 cogi-

2177 3589 2311 3644 tabat
2349 3594 2512 3663 qualis
2555 3605 2682 3648 esset
2723 3596 2820 3650 ista
2859 3597 3116 3652 salutatio.
3147 3598 3214 3652 Et
3237 3601 3308 3654 ait
3333 3602 3544 3671 angelus
3571 3603 3618 3656 ei
3643 3618 3664 3656 :
3689 3602 3779 3659 Ne

2175 3685 2380 3752 timeas,
2431 3685 2632 3752 Maria,
2685 3688 2915 3742 invenisti
2966 3691 3097 3744 enim
3138 3695 3354 3761 gratiam
3397 3693 3536 3762 apud
3561 3692 3729 3749 Deum
3753 3712 3777 3750 :

2175 3793 2286 3832 ecce
2312 3779 2561 3848 concipies
2586 3781 2638 3834 in
2669 3791 2830 3848 utero,
2857 3791 2902 3836 et
2932 3783 3097 3852 paries
3118 3785 3312 3853 ﬁlium,
3355 3793 3404 3840 et
3441 3787 3638 3841 vocabis
3676 3804 3776 3842 no-

2175 3885 2287 3924 men
2327 3871 2438 3941 ejus
2473 3871 2649 3924 Iesum
2674 3887 2694 3926 :
2719 3873 2800 3926 hic
2844 3873 2937 3926 erit
2979 3891 3190 3945 magnus
3213 3917 3227 3940 ,
3260 3885 3305 3930 et
3346 3877 3483 3946 ﬁlius
3527 3878 3776 3949 Altissim.

2173 3962 2472 4027 vocabitur;
2510 3973 2557 4018 et
2596 3963 2734 4017 dabit
2782 3965 2860 4018 illi
2905 3963 3157 4021 Dominus
3203 3966 3346 4022 Deus
3391 3968 3558 4024 sedem
3605 3969 3777 4025 David

2172 4057 2335 4126 patris
2363 4057 2477 4128 ejus
2495 4097 2510 4122 ,
2536 4066 2582 4112 et
2606 4057 2832 4128 regnabit
2884 4059 2938 4112 in
2979 4059 3128 4115 domo
3155 4059 3316 4115 Iacob
3343 4062 3398 4114 in
3419 4071 3664 4117 aeternum
3682 4105 3699 4127 ,
3727 4073 3778 4119 es

2176 4148 2320 4218 regni
2351 4150 2462 4218 ejus
2489 4165 2589 4202 non
2611 4149 2704 4203 erit
2727 4149 2862 4218 ﬁnis.
2893 4149 3038 4205 Dixit
3081 4161 3249 4206 autem
3288 4151 3460 4208 Maria
3504 4155 3572 4208 ad
3615 4173 3775 4228 ange-

2175 4237 2283 4292 lum
2305 4255 2325 4292 :
2355 4237 2621 4306 Quomodo
2646 4240 2731 4308 fiet
2762 4240 2924 4306 istud,
2954 4243 3190 4310 quoniam
3233 4244 3399 4297 virum
3441 4261 3544 4299 non
3585 4262 3775 4316 cogno-

2179 4329 2305 4384 sco!
2345 4327 2410 4382 Et
2433 4329 2743 4401 respondens
2785 4331 2993 4401 angelus
3019 4332 3146 4386 dixit
3179 4334 3224 4387 ei
3247 4349 3267 4387 :
3295 4334 3522 4403 Spiritus
3567 4346 3775 4392 sanctus

2173 4420 2486 4490 superveniet
2523 4421 2577 4475 in
2620 4431 2698 4487 te,
2735 4430 2784 4475 et
2825 4421 2982 4476 virtus
3029 4422 3276 4476 Altissimi
3307 4424 3618 4480 obumbrabit
3644 4428 3769 4492 tibi;

2175 4511 2391 4583 ideoque
2430 4523 2477 4567 et
2519 4514 2653 4582 quod
2701 4522 2933 4567 nascetur
2977 4523 3205 4568 sanctum
3229 4557 3243 4579 ,
3285 4517 3543 4570 vocabitur
3590 4517 3763 4573 Filius

2178 4601 2271 4656 Dei
2295 4618 2315 4658 :
2345 4610 2392 4656 et
2416 4617 2531 4656 ecce
2575 4601 2834 4656 Elisabeth
2878 4613 3093 4672 cognata
3136 4615 3256 4670 tua,
3299 4615 3345 4659 et
3393 4607 3504 4676 ipsa
3545 4608 3774 4676 concepit

2175 4691 2338 4762 ﬁlium
2365 4693 2417 4746 in
2447 4702 2695 4747 senectute
2719 4709 2812 4748 sua
2837 4710 2856 4760 ;
2885 4703 2929 4747 et
2955 4694 3036 4749 hic
3063 4697 3245 4750 mensis
3270 4706 3342 4752 est
3364 4705 3530 4752 sextus
3558 4699 3637 4752 illi
3661 4715 3774 4768 qua

2174 4797 2383 4840 vocatur
2405 4785 2588 4840 sterilis
2613 4802 2632 4840 :
2660 4787 2778 4856 quia
2815 4769 2918 4841 non
2969 4788 3061 4842 erit
3105 4789 3415 4859 impossibile
3440 4791 3576 4861 apud
3603 4790 3770 4846 Deum

2174 4892 2322 4932 omne
2363 4879 2583 4932 verbum.
2633 4878 2776 4934 Dixit
2812 4890 2977 4934 autem
3015 4879 3224 4938 Maria:
3258 4882 3391 4937 Ecce
3433 4884 3622 4937 ancilla
3667 4884 3774 4938 Do-

2175 4971 2332 5037 mini,
2356 4971 2446 5038 ﬁat
2476 4970 2598 5023 mihi
2622 4970 2896 5024 secundum
2941 4971 3143 5026 verbum
3164 4983 3325 5026 tuum.
3352 4972 3420 5026 Et
3451 4975 3678 5030 discessit
3708 4977 3770 5030 ab

2174 5058 2268 5114 illa
2309 5059 2537 5129 angelus.
2567 5059 2860 5131 Exsurgens
2903 5072 3071 5115 autem
3106 5061 3275 5116 Maria
3317 5069 3370 5117 in
3413 5065 3587 5120 diebus
3627 5067 3767 5132 illis,

2173 5151 2296 5204 abiit
2321 5151 2376 5204 in
2403 5161 2644 5204 montana
2671 5167 2784 5204 cum
2815 5153 3132 5222 festinatione
3155 5155 3208 5206 in
3233 5155 3480 5208 civitatem
3513 5155 3654 5210 Iuda
3679 5173 3697 5210 :
3723 5166 3771 5211 et

2174 5241 2376 5295 intravit
2399 5241 2452 5295 in
2477 5241 2681 5295 domum
2709 5241 3002 5308 Zachariae,
3035 5254 3080 5298 et
3118 5245 3351 5298 salutavit
3392 5246 3667 5302 Elisabeth.
3703 5248 3768 5302 Et

2174 5338 2365 5406 factum
2408 5342 2512 5399 est,
2550 5343 2604 5387 ut
2647 5335 2839 5388 audivit
2884 5337 3234 5394 salutationem
3264 5337 3448 5392 Maria:
3487 5339 3760 5405 Elisabeth,

2175 5427 2437 5482 exsultavit
2483 5427 2652 5496 infans
2697 5428 2752 5480 in
2795 5439 2934 5481 utero
2982 5431 3126 5500 ejus;
3151 5440 3196 5484 et
3237 5432 3426 5500 repleta
3460 5441 3530 5486 est
3569 5433 3766 5503 Spiritu

2175 5529 2350 5573 sancto
2376 5518 2633 5573 Elisabeth
2654 5561 2668 5585 ,
2703 5528 2747 5572 et
2785 5521 3078 5574 exclamavit
3118 5538 3233 5575 voce
3267 5539 3482 5593 magna,
3513 5533 3559 5576 et
3597 5526 3769 5580 dixit:

2175 5607 2446 5664 Benedicta
2489 5623 2542 5664 tu
2582 5612 2710 5664 inter
2740 5612 3002 5676 mulieres,
3034 5623 3080 5668 et
3111 5614 3393 5668 benedictus
3423 5619 3618 5686 fructus
3647 5634 3761 5671 ven-

2177 5701 2265 5754 tris
2297 5703 2386 5754 tni.
2421 5702 2483 5756 Et
2516 5704 2645 5757 unde
2670 5705 2765 5758 hoc
2792 5705 2913 5757 mihi
2931 5745 2948 5771 ,
2979 5714 3031 5758 ut
3057 5707 3220 5760 veniat
3248 5717 3402 5760 mater
3433 5706 3636 5761 Domini
3670 5727 3764 5764 mer

2175 5795 2243 5850 ad
2266 5797 2378 5853 me?
2401 5796 2528 5853 Ecce
2563 5799 2692 5853 enim
2733 5809 2786 5854 ut
2823 5799 2962 5869 facta
3005 5812 3074 5856 est
3111 5816 3206 5858 vox
3242 5803 3558 5860 salutationis
3583 5812 3683 5860 tute
3709 5804 3762 5862 in
