4082 6452
306 408 444 467 1081

305 526 515 583 auribus
541 521 683 589 meis,
710 516 973 576 exsultavit
994 516 1048 571 in
1072 515 1256 588 gaudio
1282 515 1455 586 infans
1482 512 1538 565 in
1563 520 1704 565 utero
1731 524 1839 562 meo
1864 522 1884 562 :

307 630 356 675 et
404 619 550 673 beata
594 629 707 685 qua:
748 609 1024 676 credidisti,
1067 608 1302 679 quoniam
1347 604 1663 675 perﬁcientur
1693 618 1749 654 ea
1777 615 1889 671 qua!

308 712 443 765 dicta
484 714 598 763 sunt
642 703 786 757 tibia
820 701 1052 755 Domino.
1081 697 1147 754 Et
1194 700 1263 752 ait
1311 697 1478 751 Maria
1523 712 1542 749 :
1589 693 1889 764 Magniﬁcat

307 804 479 858 anima
518 816 627 852 mea
671 796 962 850 Dominum.
997 791 1065 848 Et
1105 792 1369 848 exsultavit
1410 790 1614 858 spiritus
1653 804 1790 842 meus
1834 786 1888 840 in

306 900 420 955 Deo
460 896 672 953 salutari
712 908 839 947 meo.
889 890 1021 956 Quia
1062 888 1277 960 respexit
1323 887 1654 941 humilitatem
1690 882 1890 936 ancillae

306 1007 443 1053 sum;
477 1005 586 1042 ecce
623 986 755 1040 enim
799 1000 862 1038 ex
885 983 978 1037 hoc
1005 980 1201 1035 beatam
1234 994 1312 1033 me
1346 978 1509 1031 dicent
1539 991 1705 1029 omnes
1742 990 1889 1045 gene-

307 1084 547 1136 rationes.
582 1078 711 1143 Quia
740 1076 856 1144 fecit
883 1073 1005 1126 mihi
1034 1088 1216 1141 magna
1248 1072 1331 1139 qui
1377 1078 1548 1137 potens
1576 1078 1666 1131 est,
1699 1074 1743 1119 et
1772 1057 1889 1119 san;

308 1185 443 1229 ctum
494 1172 671 1226 nomen
726 1169 856 1237 ejus.
904 1163 973 1219 Et
1018 1161 1361 1217 misericordia
1389 1162 1495 1227 eius
1536 1160 1588 1212 in
1635 1157 1890 1228 progenies

306 1273 356 1319 et
386 1264 643 1335 progenies
664 1259 948 1313 timentibus
976 1272 1109 1309 eum.
1143 1252 1285 1307 Fecit
1305 1253 1575 1321 potentiam
1605 1250 1659 1303 in
1688 1249 1890 1303 brachio

304 1372 419 1420 suo,
459 1353 689 1422 dispersit
730 1346 968 1418 superbos
1008 1354 1167 1399 mente
1190 1343 1356 1396 cordis
1389 1343 1485 1396 sui.
1516 1340 1758 1407 Deposuit
1802 1357 1891 1410 po-

308 1448 464 1502 tentes
484 1446 547 1499 de
573 1444 705 1507 sede,
738 1452 783 1495 et
812 1440 1048 1495 exaltavit
1091 1433 1320 1491 humiles.
1352 1432 1641 1487 Esurientes
1671 1433 1892 1502 implevit

305 1540 470 1605 bonis,
493 1547 539 1593 et
569 1536 743 1589 divites
782 1532 971 1586 dimisit
999 1532 1195 1584 inanes.
1227 1526 1457 1595 Suscepit
1481 1523 1645 1578 Israel
1680 1539 1891 1595 puerum

210 1636 221 1646 ’
306 1648 474 1695 suum,
498 1626 764 1683 memorari
787 1621 1144 1677 misericordia:
1169 1604 1305 1688 suae:
1330 1618 1475 1672 Sicut
1510 1616 1701 1670 locutus
1726 1622 1796 1668 est
1824 1613 1892 1667 ad

308 1736 476 1795 patres
518 1718 745 1783 nostros,
792 1714 1047 1770 Abraham
1096 1721 1141 1766 et
1188 1710 1364 1765 semini
1408 1710 1515 1781 ejus
1566 1708 1621 1761 in
1682 1706 1888 1760 stecula.

309 1815 504 1870 Mansit
531 1820 697 1865 autem
746 1806 913 1859 Maria
953 1820 1065 1857 cum
1108 1801 1199 1856 illa
1239 1799 1382 1870 quasi
1422 1797 1671 1852 mensibus
1712 1795 1885 1862 tribus,

307 1916 353 1962 et
396 1920 591 1959 reversa
629 1908 700 1955 est
744 1900 797 1951 in
841 1896 1044 1949 domum
1081 1910 1224 1948 suam
1250 1890 1397 1964 (Luc.
1428 1906 1464 1955 ι,
1505 1889 1654 1960 5,56)
1686 1904 1698 1941 :
1729 1897 1782 1942 et
1809 1887 1891 1941 in-

307 2006 452 2053 senta
500 2003 571 2048 est
616 1994 667 2045 in
709 1998 848 2043 utero
890 1986 1074 2040 habens
1115 1984 1179 2037 de
1221 1982 1417 2052 Spiritu
1461 1989 1658 2036 sancto.
1701 1978 1893 2049 Ioseph

307 2092 475 2145 autem
503 2090 577 2143 vir
604 2089 733 2159 ejus,
781 2098 894 2137 cum
935 2088 1061 2135 esset
1090 2079 1280 2149 justus,
1314 2086 1358 2129 et
1397 2073 1553 2129 nollet
1585 2089 1695 2127 eam
1719 2072 1895 2151 tradu-

307 2199 441 2248 cere,
470 2181 624 2235 voluit
655 2174 846 2231 occulte
870 2171 1117 2225 dimittere
1153 2184 1284 2222 eam.
1320 2165 1445 2220 Htec
1472 2175 1637 2218 autem
1667 2180 1723 2217 eo
1751 2163 1892 2234 cogi-

309 2284 463 2339 tante,
487 2288 596 2327 ecce
615 2268 820 2339 angelus
846 2263 1054 2320 Domini
1078 2263 1129 2315 in
1151 2259 1338 2314 somnis
1355 2259 1592 2327 apparuit
1622 2255 1667 2309 ei
1687 2255 1856 2309 dicens
1872 2269 1892 2310 :

306 2364 521 2434 Ioseph,
564 2363 638 2430 ﬁli
685 2358 869 2422 David,
900 2358 1005 2412 noli
1055 2356 1227 2409 timere
1262 2352 1488 2420 accipere
1518 2348 1740 2402 Mariam
1767 2365 1890 2402 con-

309 2459 477 2528 iugem
524 2466 663 2508 tuam
709 2468 728 2507 :
767 2451 901 2523 quod
943 2452 1074 2504 enim
1117 2450 1169 2501 in
1197 2464 1254 2501 ea
1283 2454 1455 2499 natum
1482 2453 1574 2510 est,
1606 2442 1668 2496 de
1698 2442 1893 2512 Spiritu

306 2561 481 2606 sancto
516 2559 607 2602 est.
639 2546 812 2599 Pariet
851 2553 1017 2598 autem
1055 2542 1237 2610 filium,
1267 2548 1311 2592 et
1341 2537 1536 2591 vocabis
1574 2551 1753 2589 nomen
1783 2535 1893 2603 ejus

304 2643 481 2698 Iesum
509 2657 527 2695 :
553 2642 659 2712 ipse
701 2639 831 2692 enim
862 2637 1057 2691 salvum
1087 2634 1232 2703 faciet
1271 2630 1511 2702 populum
1540 2645 1686 2683 suum
1722 2644 1753 2681 a
1779 2642 1895 2695 pec-

306 2737 433 2790 catis
458 2702 649 2789 eoru'm.
680 2728 792 2784 Hoc
829 2739 997 2783 autem
1022 2702 1181 2780 totum
1206 2726 1397 2796 factum
1433 2730 1525 2788 est,
1556 2730 1612 2773 ut
1641 2702 1890 2789 adimple-

304 2839 445 2882 retur
473 2825 607 2897 quod
642 2825 829 2879 dictum
859 2831 928 2877 est
957 2839 987 2874 a
1016 2820 1232 2873 Domino
1274 2833 1364 2888 per
1392 2815 1685 2887 praphetam
1724 2812 1895 2867 dicen-

307 2929 406 2975 tem
433 2935 451 2974 :
475 2917 605 2972 Ecce
647 2915 796 2986 Virgo
837 2917 889 2968 in
932 2924 1071 2967 utero
1118 2909 1313 2965 habebit
1360 2919 1404 2964 et
1453 2910 1608 2978 pariet
1634 2907 1817 2975 ﬁlium,
1848 2914 1892 2959 et

288 2994 559 3065 vocabitur
587 3023 767 3062 nomen
805 3007 915 3077 ejus
956 3001 1279 3069 Emmanuel,
1314 3000 1450 3071 quod
1492 3008 1562 3054 est
1597 3000 1895 3067 interpreta-

307 3112 433 3167 tum,
460 3098 734 3153 Nobiscum
757 3096 909 3149 Deus.
934 3093 1225 3164 Exsurgens
1246 3103 1411 3145 autem
1431 3089 1624 3158 Ioseph
1644 3108 1677 3143 a
1692 3106 1890 3154 somno,

306 3194 424 3265 fecit
466 3193 592 3246 sicut
640 3189 874 3261 precepit
909 3187 952 3241 ei
992 3186 1200 3255 angelus
1235 3184 1461 3249 Domini,
1485 3191 1531 3238 et
1555 3184 1745 3252 accepit
1769 3198 1892 3235 con-

306 3288 476 3356 iugem
502 3299 645 3336 suout
688 3298 706 3335 :
748 3290 796 3335 et
835 3296 935 3333 non
974 3278 1297 3347 cognoscebat
1338 3293 1449 3331 eam
1487 3276 1694 3345 (Matth.
1728 3274 1893 3339 1,18-

306 3376 424 3446 25).
454 3373 711 3429 Elisabeth
741 3380 909 3424 autem
944 3370 1206 3439 impletum
1248 3376 1320 3421 est
1347 3376 1541 3436 tempus
1569 3366 1819 3436 pariendi,
1847 3373 1895 3418 et

310 3469 502 3539 peperit
531 3467 710 3535 ﬁlium.
739 3461 807 3517 Et
845 3462 1114 3517 audierunt
1154 3461 1303 3513 vicini
1330 3469 1376 3513 et
1399 3461 1596 3529 cognati
1617 3461 1745 3528 ejus,
1777 3458 1895 3528 quia

309 3550 648 3621 magniﬁcavit
673 3548 923 3602 Dominus
960 3544 1355 3599 misericordiam
1385 3559 1528 3596 suam
1558 3560 1672 3595 cum
1710 3543 1821 3606 illa,
1850 3551 1895 3594 et

308 3639 791 3712 congratulabantur
815 3639 882 3693 ei.
911 3637 977 3692 Et
1004 3640 1195 3707 factum
1233 3643 1305 3688 est
1331 3635 1384 3687 in
1422 3633 1503 3687 die
1526 3643 1719 3698 octavo,
1748 3649 1894 3686 vene-

308 3740 428 3786 runt
453 3728 806 3784 circmncidere
843 3743 1070 3797 puerum,
1106 3734 1150 3779 et
1172 3725 1411 3777 vocabant
1440 3740 1554 3777 eum
1574 3723 1774 3777 nomine
1801 3738 1896 3790 pa-

311 3823 403 3876 tris
442 3824 549 3894 ejus
572 3819 893 3875 Zachariam.
927 3815 994 3870 Et
1022 3816 1325 3887 respondens
1368 3824 1524 3867 mater
1555 3815 1684 3884 ejus,
1726 3813 1898 3868 dixit:

312 3911 666 3984 Nequaquam,
722 3910 808 3964 sed
852 3909 1109 3962 vocabitur
1153 3907 1398 3961 Ioannes.
1444 3904 1513 3959 Et
1558 3907 1788 3959 dixerunt
1831 3905 1897 3958 ad

310 4005 456 4059 illaut
484 4020 503 4056 :
536 4002 665 4068 Quia
694 4017 837 4055 nemo
866 4008 937 4053 est
957 4001 1006 4052 in
1033 3999 1327 4068 cognatione
1356 4008 1440 4051 tua
1467 3997 1553 4065 qui
1578 4006 1777 4049 vocetur
1804 3996 1898 4049 hoc

312 4095 534 4149 nomine.
565 4091 849 4147 Innuebant
883 4099 1046 4143 autem
1074 4090 1205 4158 patri
1230 4090 1337 4158 ejus
1374 4105 1516 4157 quem
1544 4087 1687 4142 vellet
1730 4088 1899 4141 vocari

312 4203 448 4242 sum.
480 4183 548 4238 Et
591 4185 848 4256 postulans
891 4180 1191 4253 pugillarem
1236 4182 1455 4250 scripsit,
1496 4181 1662 4235 dicens
1689 4197 1708 4235 :
1732 4181 1897 4235 Ioan-

312 4294 402 4332 nes
430 4286 502 4331 est
546 4292 722 4329 nomen
768 4275 899 4345 ejus.
934 4272 1002 4327 Et
1046 4274 1215 4326 mirati
1243 4282 1360 4326 sunt
1394 4272 1625 4327 universi.
1658 4274 1900 4345 Apertum

312 4377 387 4423 est
430 4376 595 4421 autem
631 4367 767 4419 illico
815 4382 869 4418 os
917 4366 1025 4434 ejus
1071 4373 1115 4417 et
1158 4364 1332 4434 lingua
1370 4365 1497 4435 ejus,
1528 4375 1572 4418 et
1610 4365 1901 4435 loquebatur

312 4460 606 4514 benedicens
658 4456 843 4510 Deum.
893 4453 960 4508 Et
1014 4459 1178 4525 factus
1228 4463 1297 4508 est
1350 4454 1499 4508 timor
1541 4471 1690 4524 super
1731 4472 1900 4509 omnes

311 4552 501 4607 vicinos
527 4563 736 4611 eorum;
776 4556 823 4601 et
859 4563 1010 4616 super
1046 4546 1214 4599 omnia
1251 4555 1489 4598 montana
1515 4543 1715 4598 Judtea:
1739 4544 1902 4598 divul-

312 4644 563 4714 gabantur
608 4642 776 4694 omnia
822 4638 968 4691 verba
1014 4638 1140 4690 hwc.
1189 4634 1257 4691 Et
1302 4644 1575 4707 posuerunt
1624 4653 1792 4689 omnes
1817 4638 1902 4705 qui

311 4734 576 4789 audierant
605 4732 655 4784 in
684 4729 833 4783 corde
858 4744 971 4792 suo,
998 4727 1214 4780 dicentes
1239 4741 1260 4779 :
1290 4726 1423 4791 Quid
1440 4726 1456 4757 ¹
1487 4736 1633 4796 putas
1662 4742 1783 4795 puer
1812 4726 1903 4779 iste

312 4825 445 4879 erit?
471 4822 669 4876 Etenim
704 4836 881 4875 manus
913 4818 1118 4873 Domini
1170 4828 1275 4871 erat
1315 4833 1429 4870 cum
1463 4817 1573 4870 illo.
1598 4812 1665 4869 Et
1703 4815 1903 4870 Zacha-

310 4915 417 4970 rias
447 4923 586 4983 pater
614 4914 721 4980 eius
758 4912 996 4981 impletus
1040 4918 1110 4962 est
1143 4907 1340 4977 Spiritu
1383 4916 1576 4972 sancto,
1609 4914 1655 4959 et
1682 4906 1900 4977 prophe-

310 5011 455 5072 tavit,
494 5009 664 5062 dicens
692 5024 711 5061 :
736 5006 1035 5060 Benedictus
1077 5002 1344 5065 Dominus,
1388 4999 1526 5055 Deus
1567 4998 1752 5066 Israel,
1787 5002 1903 5069 quia

312 5100 524 5155 visitavit
564 5112 611 5153 et
666 5099 781 5169 fecit
826 5095 1218 5165 redemptionem
1269 5091 1425 5161 plebis
1466 5107 1591 5146 suta.
1637 5089 1705 5145 Et
1749 5093 1902 5145 erexit

312 5207 472 5244 cornu
510 5189 688 5244 salutis
739 5187 899 5251 nobis,
947 5188 1000 5239 in
1043 5185 1191 5238 domo
1230 5182 1394 5236 David
1441 5185 1583 5253 pueri
1631 5184 1727 5237 sui.
1757 5182 1903 5238 Sicut

314 5286 512 5338 locutus
551 5291 620 5337 est
652 5297 739 5351 per
773 5297 829 5333 os
869 5290 1175 5343 sanctorum,
1207 5277 1292 5347 qui
1327 5294 1359 5329 a
1387 5278 1570 5330 steculo
1599 5286 1735 5341 sunt,
1766 5274 1902 5329 Pro-

313 5381 583 5450 phetarum
609 5379 736 5447 ejus.
769 5375 998 5430 Salutem
1025 5388 1086 5425 ex
1110 5371 1326 5424 inimicis
1359 5371 1559 5437 nostris,
1593 5379 1639 5424 et
1668 5371 1731 5423 de
1750 5387 1903 5424 manu

316 5472 542 5525 omnium
582 5470 667 5538 qui
704 5468 917 5521 oderunt
946 5479 1055 5517 nos.
1084 5460 1164 5515 Ad
1188 5460 1470 5530 faciendam
1508 5461 1903 5515 misericordiam

317 5581 430 5617 cum
474 5562 699 5635 patribus
740 5560 944 5625 nostris,
989 5567 1034 5611 et
1074 5556 1340 5609 memorari
1376 5555 1655 5608 testamenti
1682 5555 1760 5608 sui
1787 5571 1905 5608 san-

381 5682 398 5711 ι
428 5687 554 5727 Unus
577 5692 605 5727 e
626 5674 914 5725 Colhertinis
950 5680 1054 5721 uss.
1079 5667 1261 5729 :(mis?
1300 5669 1381 5717 Alii
1418 5669 1609 5718 codices
1626 5704 1640 5729 ,
1664 5669 1785 5729 Quid
1810 5683 1828 5721 :
1854 5679 1905 5722 et

314 5741 456 5790 sicin
480 5740 689 5803 antiquis
710 5734 1035 5803 corbmibliis;
1062 5745 1237 5803 nempe
1260 5735 1371 5803 quis
1382 5744 1541 5803 graece
1559 5739 1651 5793 est,
1665 5732 1717 5793 ti,
1731 5741 1905 5784 neutro

312 5795 836 5932 Ξέἰὲἕῗᾶἓοὴουιιααυε
866 5810 976 5851 cum
1012 5808 1150 5861 voce,
1197 5801 1244 5848 to
1277 5795 1504 5864 paidion,
1545 5808 1655 5862 quae
1700 5809 1906 5862 puerum

1626 390 1832 451 LIBER
1866 388 2242 454 SECUNDUS.

3420 398 3560 458 1082

1990 511 2076 565 cti.
2108 510 2482 583 Jusjurandum
2513 514 2649 588 quod
2660 513 2852 585 juravit
2875 512 2944 567 ad
2966 512 3220 569 Abraham
3241 522 3434 583 patrem
3459 532 3555 570 no-

1990 613 2168 668 strum,
2205 605 2439 659 daturum
2478 623 2533 662 se
2566 606 2727 661 nobis.
2762 606 2828 662 Ut
2856 608 2962 663 sine
2989 608 3162 660 timore
3188 606 3249 661 de
3272 594 3425 659 manu
3462 606 3565 660 ini-

1991 695 2233 749 micorum
2259 707 2546 752 nostrorum
2579 699 2773 753 liberati
2806 700 3075 753 serviamus
3102 698 3199 764 illi,
3226 698 3279 751 in
3305 699 3565 751 sanctitate

1991 794 2037 839 et
2056 787 2260 857 justitia
2294 805 2465 842 coram
2509 788 2640 857 ipso,
2670 790 2895 844 omnibus
2926 788 3100 843 diebus
3139 789 3341 842 nostris.
3388 786 3455 840 Et
3491 797 3564 850 tu,

1991 893 2135 947 puer,
2164 875 2425 948 Propheta
2452 877 2696 933 Altissimi
2728 880 2977 934 vocaberis
3007 894 3026 933 :
3058 879 3255 949 prteibis
3292 879 3422 933 enim
3451 887 3568 932 ante

1992 970 2169 1039 faciem
2199 968 2400 1023 Domini
2431 987 2613 1042 parare
2644 972 2750 1025 vias
2788 972 2918 1042 ejus,
2960 972 3025 1025 ad
3054 971 3274 1024 dandam
3312 972 3568 1025 scientiam

1991 1060 2168 1114 salutis
2207 1059 2336 1129 plebi
2380 1063 2489 1132 ejus
2531 1063 2584 1117 in
2626 1063 2964 1117 remissionem
3014 1073 3326 1130 peccatorum
3376 1079 3566 1115 eorum.

1993 1151 2099 1206 Per
2124 1153 2311 1206 viscera
2344 1154 2697 1209 misericordiae
2735 1155 2830 1209 Dei
2868 1156 3022 1209 nostri
3062 1157 3113 1209 in
3153 1156 3329 1224 quibus
3358 1156 3569 1208 risitavit

1992 1259 2083 1297 nos
2126 1242 2304 1299 Oriens
2348 1261 2413 1299 ea:
2448 1246 2569 1299 alto.
2598 1244 2900 1300 Illuminare
2924 1247 2986 1301 iis
3019 1247 3103 1316 qui
3131 1247 3183 1299 in
3209 1247 3417 1299 tenebris
3444 1256 3488 1299 et
3518 1246 3570 1299 in

1992 1336 2170 1389 umbra
2212 1336 2386 1388 mortis
2422 1336 2612 1401 sedent,
2644 1337 2711 1391 ad
2757 1338 3042 1407 dirigendos
3090 1336 3237 1407 pedes
3282 1347 3476 1390 nostros
3518 1338 3572 1389 in

1993 1428 2124 1482 viam
2169 1430 2327 1500 pacis.
2388 1427 2527 1483 Puer
2574 1438 2739 1483 autem
2786 1432 3050 1497 crescebat,
3105 1438 3151 1483 et
3192 1425 3572 1499 confortabatur

1992 1522 2282 1591 spiritu;et
2324 1532 2430 1577 erat
2477 1523 2530 1576 in
2576 1522 2781 1577 desertis
2829 1540 2981 1592 usque
3023 1524 3075 1576 in
3114 1523 3243 1575 diem
3278 1521 3573 1576 ostensionis

1992 1630 2100 1667 sute
2124 1613 2190 1665 ad
2213 1610 2395 1667 Israel.
2430 1611 2646 1667 Factum
2687 1622 2758 1668 est
2798 1623 2966 1668 autem
3008 1614 3060 1666 in
3097 1613 3269 1667 diebus
3309 1613 3431 1676 illis,
3455 1612 3572 1665 exiit

1993 1707 2210 1762 edictum
2249 1724 2278 1759 a
2323 1706 2520 1761 Caesare
2555 1707 2800 1778 Augusto,
2842 1715 2896 1759 ut
2934 1705 3291 1760 describeretur
3316 1704 3572 1757 universus

1995 1800 2146 1852 orbis.
2192 1797 2315 1851 Haec
2352 1797 2615 1867 descriptio
2654 1797 2818 1867 prima
2856 1799 2991 1867 facta
3021 1804 3093 1849 est
3116 1795 3330 1865 prteside
3357 1795 3373 1826 ¹
3405 1793 3574 1864 Syria:

1997 1888 2206 1961 Syrino.
2239 1889 2304 1944 Et
2332 1889 2469 1942 ibant
2496 1905 2666 1943 omnes
2694 1897 2747 1941 ut
2776 1889 3128 1958 proﬁterentur
3152 1886 3336 1954 singuli
3355 1887 3407 1938 in
3427 1900 3572 1938 suam

1994 1983 2259 2037 civitatem.
2292 1982 2528 2035 Ascendit
2571 1990 2737 2034 autem
2779 1990 2824 2035 et
2847 1978 3038 2050 Ioseph
3064 1996 3096 2033 a
3121 1977 3333 2033 Galiltea
3359 1977 3422 2031 de
3446 1978 3571 2033 civi-

1996 2084 2097 2129 tate
2122 2073 2380 2127 Nazareth
2404 2073 2457 2126 in
2481 2071 2718 2126 Iudteam
2744 2071 2988 2125 civitatem
3017 2070 3203 2132 David,
3241 2086 3353 2137 qua:
3371 2079 3576 2123 vocatur

1994 2165 2265 2230 Bethleem,
2304 2180 2360 2218 eo
2399 2162 2533 2234 quod
2565 2172 2691 2217 esset
2716 2162 2779 2216 de
2814 2162 2963 2215 domo
3001 2170 3047 2214 et
3076 2160 3273 2233 familia
3304 2159 3487 2225 David,
3519 2165 3575 2212 ut

1996 2260 2313 2331 proﬁteretur
2363 2271 2475 2309 cum
2521 2254 2690 2308 Maria
2735 2255 3034 2324 desponsata
3094 2251 3188 2305 sibi
3238 2266 3394 2305 uxore
3439 2264 3573 2320 prte-

1995 2359 2199 2422 gnante.
2231 2348 2449 2404 Factum
2476 2358 2548 2403 est
2581 2357 2747 2403 autem
2785 2363 2900 2400 cum
2924 2353 3083 2400 essent
3118 2343 3207 2409 ibi,
3242 2343 3435 2414 impleti
3459 2349 3577 2396 sunt

1996 2443 2102 2498 dies
2128 2444 2407 2512 ut’pareret
2433 2457 2452 2496 :
2482 2449 2527 2496 et
2569 2440 2759 2511 peperit
2787 2438 2950 2507 ﬁlium
2992 2455 3139 2492 suum
3168 2437 3572 2509 primogenitum,

1995 2544 2042 2591 et
2069 2536 2251 2606 pannis
2280 2552 2404 2589 «eum
2441 2534 2673 2600 involvit;
2711 2540 2759 2585 et
2784 2531 3041 2585 reclinavit
3084 2546 3196 2583 eum
3220 2529 3273 2582 in
3299 2527 3577 2599 prtesepio;

1995 2628 2111 2698 quia
2141 2644 2242 2681 non
2270 2634 2378 2682 erat
2406 2627 2476 2680 eis
2499 2625 2637 2680 locus
2666 2625 2717 2678 in
2760 2623 3050 2677 diversoria.
3087 2619 3156 2674 Et
3185 2629 3407 2692 pastores
3433 2624 3577 2673 erant

1994 2719 2048 2772 in
2074 2717 2244 2771 eadem
2273 2717 2475 2788 regione
2518 2715 2776 2786 vigilantes
2812 2723 2858 2768 et
2898 2712 3226 2767 custodientes
3264 2710 3460 2780 vigilias
3485 2724 3576 2762 no-

1997 2809 2087 2862 ctis
2111 2824 2267 2877 supra
2293 2823 2492 2878 gregem
2529 2821 2676 2860 suum
2704 2820 2723 2858 :
2753 2812 2797 2857 et
2822 2819 2934 2858 ecce
2962 2801 3171 2872 angelus
3210 2799 3416 2854 Domini
3443 2798 3576 2854 stetit

1987 2905 2140 2975 juxta
2168 2902 2304 2967 illos,
2336 2911 2381 2955 et
2425 2900 2629 2953 claritas
2674 2896 2765 2950 Dei
2814 2895 3142 2964 circumfulsit
3186 2892 3320 2958 illos,
3348 2900 3394 2947 et
3424 2891 3577 2945 timu-

1995 3005 2143 3051 erunt
2190 2996 2368 3048 timore
2410 3008 2613 3063 magno.
2670 2989 2737 3043 Et
2788 2989 2914 3043 dixit
2960 2987 3064 3041 illis
3114 2985 3322 3057 angelus
3357 2999 3378 3038 :
3406 2982 3577 3037 Nolite

1997 3090 2169 3142 timere
2192 3104 2212 3143 .'
2240 3103 2350 3140 ecce
2384 3085 2514 3139 enim
2552 3081 2834 3149 evangeliea
2864 3079 2997 3133 vobis
3040 3078 3280 3148 gaudium
3303 3091 3575 3147 magnum,

1997 3181 2131 3250 quod
2154 3179 2246 3233 erit
2275 3176 2412 3231 omni
2437 3174 2658 3246 populo;
2695 3172 2814 3239 quia
2843 3180 2989 3224 natus
3016 3177 3085 3222 est
3114 3167 3250 3221 vobis
3276 3165 3424 3219 hodie
3452 3164 3574 3218 Sal-

1997 3281 2157 3337 vator,
2190 3268 2274 3337 qui
2310 3277 2380 3321 est
2421 3264 2650 3322 Christus
2679 3262 2944 3325 Dominus,
2984 3259 3037 3311 in
3072 3258 3266 3311 civitate
3290 3254 3476 3308 David.
3510 3252 3578 3308 Et

2000 3362 2094 3415 hoc
2132 3359 2267 3415 vobis
2293 3360 2539 3428 signum:
2578 3352 2834 3408 invenietis
2874 3352 3119 3420 infantem
3165 3348 3344 3418 pannis
3382 3345 3577 3399 involu-

1999 3463 2123 3517 tum,
2161 3460 2208 3506 et
2247 3451 2464 3521 positum
2509 3448 2561 3501 in
2606 3445 2867 3516 prwsepio.
2910 3440 2974 3496 Et
3003 3441 3166 3494 subito
3205 3443 3339 3510 facta
3367 3446 3438 3491 est
3464 3453 3577 3491 cum

2000 3543 2177 3614 angelo
2217 3540 2483 3595 multitudo
2531 3538 2724 3592 militiae
2771 3534 2999 3595 caelestis,
3052 3530 3366 3584 laudantium
3411 3526 3577 3581 Deum

2001 3648 2047 3692 et
2076 3637 2343 3690 dicentium
2373 3649 2393 3688 :
2425 3630 2599 3687 Gloria
2636 3630 2687 3683 in
2724 3627 2984 3682 altissimis
3005 3624 3133 3690 Deo,
3165 3633 3210 3676 et
3231 3623 3283 3676 in
3309 3631 3443 3675 terra
3478 3635 3579 3690 pax

2002 3726 2284 3782 hominibus
2322 3723 2464 3777 bonae
2500 3720 2784 3776 voluntatis.
2818 3716 2886 3771 Et
2923 3717 3110 3786 factum
3150 3722 3221 3767 est
3261 3721 3315 3765 ut
3343 3711 3581 3764 discesse-

2002 3829 2117 3873 runt
2158 3818 2220 3871 ab
2249 3818 2319 3871 eis
2364 3813 2531 3885 angeli
2570 3813 2623 3865 in
2664 3811 2862 3873 caelum,
2907 3815 3128 3877 pastores
3167 3803 3490 3874 loquebantur
3513 3800 3580 3853 ad

2002 3911 2211 3964 invicem
2252 3923 2272 3963 :
2311 3905 2652 3960 Transeamus
2698 3915 2853 3969 usque
2897 3895 3173 3961 Bethleem,
3228 3901 3275 3947 et
3325 3890 3583 3945 videamus

2003 4001 2099 4054 hoc
2134 3999 2336 4053 verbum
2377 3995 2513 4065 quod
2557 3995 2745 4064 factum
2782 3999 2873 4056 est,
2926 3986 3062 4057 quod
3089 3984 3336 4038 Dominus
3372 3981 3584 4036 ostendit

2004 4092 2165 4147 nobis.
2198 4088 2266 4144 Et
2308 4093 2544 4141 venerunt
2586 4083 2894 4154 festinantes,
2941 4088 2988 4132 et
3025 4079 3318 4131 invenerunt
3363 4071 3584 4126 Mariam

2004 4192 2050 4239 et
2075 4181 2291 4254 Ioseph,
2324 4188 2370 4234 et
2412 4180 2654 4249 infantem
2692 4174 2907 4245 positum
2950 4171 3003 4224 in
3050 4170 3312 4238 praesepio.
3354 4164 3585 4219 Videntes

2004 4286 2173 4328 autem
2213 4276 2550 4341 cognoverunt
2589 4266 2653 4320 de
2695 4265 2838 4318 verbo
2884 4259 3016 4331 quod
3049 4259 3237 4311 dictum
3262 4266 3366 4310 erat
3394 4255 3498 4309 illis
3523 4255 3587 4307 de

2007 4381 2159 4434 puero
2205 4363 2317 4415 hoc.
2347 4357 2413 4412 Et
2442 4373 2611 4412 omnes
2649 4357 2734 4426 qui
2770 4353 3035 4406 audierunt
3080 4348 3250 4402 mirati
3288 4356 3426 4412 sunt,
3454 4356 3501 4399 et
3524 4345 3588 4399 de

2002 4458 2065 4512 iis
2093 4470 2203 4526 quia
2241 4453 2374 4505 dicta
2415 4456 2555 4504 erant
2598 4465 2629 4501 a
2666 4445 2946 4517 pastoribus
2986 4441 3052 4495 ad
3103 4440 3259 4511 ipsos.
3291 4437 3461 4491 Maria
3489 4454 3586 4490 au-

2004 4558 2101 4604 tem
2128 4543 2446 4600 conservabat
2490 4542 2657 4595 omnia
2697 4539 2845 4593 verba
2888 4537 3015 4602 haec,
3044 4535 3305 4603 conferens
3342 4533 3397 4585 in
3436 4532 3587 4585 corde

2006 4656 2117 4695 suo.
2150 4636 2217 4690 Et
2244 4635 2425 4689 reversi
2462 4642 2578 4687 sunt
2622 4641 2843 4701 pastores
2873 4626 3211 4699 gloriﬁcantes
3248 4633 3294 4678 et
3323 4623 3586 4687 laudantes

2006 4731 2174 4787 Deum
2199 4731 2251 4782 in
2286 4727 2515 4781 omnibus
2559 4739 2671 4792 quin
2708 4721 2973 4775 audierant
3008 4728 3053 4771 et
3081 4718 3327 4783 viderant,
3355 4718 3482 4771 sicut
3511 4716 3587 4768 di-

2006 4833 2142 4877 ctum
2190 4828 2262 4874 est
2307 4818 2373 4871 ad
2410 4817 2546 4871 illos.
2575 4812 2642 4867 Et
2672 4822 2932 4885 postquam
2959 4810 3307 4869 consummati,
3329 4816 3447 4863 sunt
3485 4808 3588 4860 dies

2008 4922 2117 4967 octo
2145 4920 2201 4964 ut
2235 4907 2673 4964 circumcideretur
2704 4919 2845 4972 puer,
2895 4909 3123 4955 vocatum
3162 4907 3233 4952 est
3273 4913 3451 4950 nomen
3483 4897 3590 4964 ejus

2007 5007 2180 5069 Iesus,
2208 5003 2341 5072 quod
2377 5008 2607 5054 vocatum
2642 5006 2712 5051 est
2741 4995 2802 5048 ab
2828 4992 3005 5063 angelo
3046 4991 3335 5062 priusquam
3369 4988 3422 5040 in
3450 4995 3590 5039 utero

2009 5096 2355 5164 conciperetur
2397 5090 2544 5160 (Luc.
2574 5104 2613 5156 ι,
2668 5087 2757 5152 57,
2809 5101 2866 5150 ιι,
2913 5080 3029 5153 21).
3080 5080 3148 5135 Et
3190 5095 3300 5134 ecce
3342 5076 3486 5149 Magi
3528 5076 3589 5130 ab

2014 5178 2217 5242 Oriente
2255 5191 2493 5239 venerunt
2525 5178 2919 5248 Ierosolgmam,
2966 5176 3180 5229 dicentes
3209 5188 3228 5228 :
3260 5171 3363 5233 Ubi
3397 5180 3467 5226 est
3506 5169 3591 5241 qui

2010 5291 2160 5336 natus
2200 5288 2271 5333 est
2299 5292 2389 5331 rex
2410 5272 2752 5328 Iudaeorum?
2772 5269 2986 5323 vidimus
3006 5266 3138 5319 enim
3166 5264 3363 5320 stellam
3400 5263 3507 5333 ejus
3536 5262 3589 5315 in

2014 5373 2235 5439 Oriente,
2257 5380 2306 5425 et
2325 5370 2545 5424 venimus
2565 5365 2779 5419 adorare
2796 5378 2927 5416 eum.
2946 5359 3166 5414 Audiens
3180 5368 3345 5413 autem
3364 5354 3593 5410 Herodes

2010 5480 2101 5518 rex
2126 5461 2351 5517 turbatus
2373 5467 2460 5522 est,
2491 5466 2535 5509 et
2561 5454 2722 5509 omnis
2748 5450 3066 5520 Ierosolgma
3091 5464 3205 5502 cum
3236 5447 3343 5501 illo.
3372 5445 3440 5500 Et
3470 5462 3592 5499 con-

2013 5570 2224 5628 gregans
2249 5567 2419 5606 omnes
2446 5546 2693 5619 principes
2722 5542 3034 5598 sacerdotum
3076 5550 3124 5593 et
3154 5538 3357 5596 Scribas
3390 5536 3589 5609 populi,

2077 5671 2093 5702 ι
2120 5676 2169 5717 In
2201 5666 2383 5728 aliquot
2416 5668 2522 5710 Mss.
2559 5664 2613 5728 et
2650 5652 3262 5728 editione__8sti_spoueqsi,
3298 5647 3588 5728 a‘prteside.

2011 5712 2446 5796 maniam.
2462 5761 2475 5782 ,
2502 5718 2589 5772 sub
2612 5715 2837 5796 prteside.
2867 5716 2959 5796 sed
2993 5712 3043 5763 iti
3066 5715 3286 5796 pluribus
3308 5712 3595 5796 eumelioris

2012 5776 2141 5845 ἧῦῖεὲ
2287 5776 2473 5851 absqué
2496 5776 2833 5854 praepositione
2858 5786 2950 5837 est,
2976 5777 3185 5854 prteside
3197 5790 3216 5842 ;
3240 5776 3289 5827 id
3311 5783 3406 5839 est,
3429 5776 3596 5839 praesi-

2012 5859 2127 5912 dem
2146 5858 2346 5921 agente,
2363 5846 2511 5918 justi
2524 5858 2692 5916 gnem,
2714 5846 3119 5909 egemoueuomos.
