2041 3239
263 187 332 219 1083

261 245 434 279 sciscitabatur
450 245 482 274 ab
492 245 528 275 eis
541 244 583 280 ubi
594 243 706 279 Christus
717 247 870 280 nasceretur.
884 242 916 271 At
929 241 967 274 illi
982 241 1056 279 dixe-

261 297 321 323 runt
336 292 358 324 ei
368 313 374 324 ,
395 291 429 319 In
441 291 569 324 Bethleem
583 290 658 326 Juda:
672 297 681 316 :
694 290 730 324 sic
743 289 809 323 enim
823 289 945 324 scriptum
959 292 995 319 est
1012 295 1057 323 per

262 339 420 374 prophetam,
434 337 468 365 Et
481 343 507 365 tu
523 336 648 364 Bethleem
665 340 730 364 terra
742 335 822 369 Jttda,
839 342 994 371 nequaquam
1009 333 1057 360 mi.

262 387 330 412 nimo
345 394 371 412 es
385 385 411 411 in
431 384 584 419 principibus
598 382 669 415 Juda
680 390 690 416 ί
703 389 735 409 eo:
754 387 777 409 te
793 381 858 417 enim
872 381 937 408 eriet
950 380 1003 407 duo;
1014 379 1057 415 qui

261 436 332 467 regal
347 431 468 466 populum
481 437 562 457 meum
573 428 666 456 lsrael.
687 427 758 455 Tum:
774 427 888 461 Herodes
901 427 967 463 clam
980 434 1056 453 voca-

261 479 293 504 tls
306 476 332 503 ﬂ
336 477 399 513 agis,
411 476 543 511 diligenter
553 475 640 502 didicit
654 474 684 507 ab,
694 475 730 508 eis
743 478 839 509 tempus
850 472 929 508 stella:
940 480 996 508 qua:
1007 480 1055 508 ap-

260 525 345 559 paruit
365 524 410 550 eis.
431 521 464 551 Et
486 523 585 549 mittens
605 530 647 550 eos
667 522 693 550 in
712 520 840 556 Bethleem
860 518 1016 552 dixit:1te,
1033 522 1056 547 et

259 568 410 604 interrogate
422 568 554 603 diligenter
563 567 594 596 de
602 575 678 602 puero
689 575 698 599 ;
713 571 801 594 etcum
813 565 953 597 inveneritis
964 573 1055 593 renun—

260 614 319 641 tiate
332 615 409 646 mihi,
423 619 450 641 ut
465 619 487 641 et
502 622 547 650 ego
561 614 659 643 ueniens
673 612 775 645 adorem
790 620 856 639 eum.
879 611 928 644 Qui
938 619 996 638 cum
1009 618 1056 637 au-

259 660 353 687 dissent
367 669 461 695 regem,
472 660 587 688 abierunt
602 667 611 686 .'
623 663 646 688 et
659 667 715 686 ecce
729 658 801 687 stella
815 666 889 693 quant
902 657 1014 685 viderant
1028 656 1055 688 in

261 705 374 739 Oriente.
389 707 547 735 antecedebat
562 715 613 739 eos.
628 714 704 738 usque
715 705 773 737 dum
784 705 882 732 ueniens
893 708 968 732 staret
977 711 1055 739 supra

258 753 301 780 ubi
315 758 367 780 erat
380 761 450 787 puer.
477 752 594 780 Videntes
609 757 693 783 autem
703 751 820 784 stellam‘,
829 750 908 786 gavisi
922 754 980 778 sunt
989 757 1054 785 gau-

258 799 301 826 dio
311 808 403 834 mttgno
415 799 496 826 ualde.
517 798 551 828 Et
566 798 686 827 intrantes
701 797 817 829 domum,
834 797 980 824 inuenerunt
994 803 1055 831 pue-

257 853 314 872 rum
327 853 385 872 cum
400 845 483 873 Maria
496 849 575 872 matre
589 845 644 879 ejus
659 848 701 871 :et
720 842 874 878 procidentes
888 841 1054 876 adoraverunt

258 899 314 918 eum
326 899 335 923 ;
348 896 371 918 et
383 891 476 925 apertis
489 890 613 919 thesauris
625 890 677 918 suis
691 889 834 920 obtulerunt
846 889 869 915 ei
883 896 996 921 munera,
1008 896 1054 915 au-

258 945 324 969 rum,
340 937 397 964 thus
410 942 432 964 et
444 937 583 972 myrrham.
605 935 639 971 Et
657 943 776 970 responso
789 939 890 970 accepto
908 934 934 961 in
948 933 1052 966 somnis,

257 991 289 1010 rte
302 983 412 1010 redirent
423 983 456 1010 ad
467 982 604 1014 Herodem,
614 991 658 1018 per
671 983 748 1011 aliam
758 982 823 1014 viam
838 981 943 1016 regressi
958 985 1014 1010 sunt
1028 981 1053 1013 in

258 1029 385 1064 regionem
399 1037 471 1058 suam
487 1028 591 1063 (Matth.
607 1036 636 1061 ιι,
650 1026 785 1063 1-12).Qni
796 1034 856 1054 cum
870 1027 1052 1060 recessissent,

258 1080 420 1110 posteaquam
440 1074 537 1110 impleti
559 1079 616 1102 sunt
631 1074 684 1103 dies
706 1073 861 1109 purgationis
882 1073 973 1102 matris
987 1073 1052 1108 ejus,

259 1120 395 1147 secundum
407 1120 498 1155 Legem
511 1119 604 1155 Moysi,
620 1120 729 1149 tulerunt
740 1119 813 1149 illum
826 1119 851 1148 in
864 1118 1015 1152 Jerusalem,
1027 1123 1054 1145 ut

257 1167 371 1195 sisterent
392 1175 448 1194 eum
464 1167 571 1194 Domina
584 1167 666 1196 :sicut
681 1166 804 1200 scriptum
818 1169 854 1193 est
871 1165 896 1192 in
916 1164 982 1200 Lege
1000 1164 1054 1192 Do-

257 1213 329 1245 mini,
347 1212 412 1245 Quia
427 1221 499 1240 autne
511 1212 678 1241 masculinum
693 1212 842 1246 adaperieus
860 1212 976 1244 vulvam,
991 1219 1053 1238 san-

257 1263 325 1285 ctum
336 1258 443 1286 Domino
456 1259 592 1286 vocabitur.
614 1257 647 1285 Et
656 1262 682 1284 ut
694 1258 782 1285 darent
798 1257 905 1290 hostium
918 1257 1053 1291 secundum

257 1304 324 1339 quod
337 1305 430 1332 dictum
443 1309 480 1332 est
492 1305 517 1333 in
529 1304 594 1339 Lege
603 1304 715 1336 Domini,
729 1312 776 1339 par
787 1308 922 1338 turturum,
934 1308 976 1331 aut
990 1304 1054 1332 duos

257 1350 341 1385 pullos
355 1351 537 1377 columbarum.
559 1350 592 1378 Et
607 1358 662 1377 ecce
687 1350 759 1379 homo
781 1355 834 1378 erat
852 1350 878 1377 in
899 1350 1051 1384 Jerusalem,

257 1395 297 1422 cui
311 1404 402 1423 nomen
413 1395 527 1428 Simeon,
540 1401 563 1423 et
574 1397 649 1425 homo
662 1395 708 1423 iste
716 1396 802 1430 justus
815 1400 837 1422 et
854 1395 996 1428 timoratus,
1010 1404 1052 1426 ea:-

257 1445 373 1476 spectans
386 1441 582 1469 consolationem
598 1440 696 1474 Israel,
711 1445 733 1467 et
747 1440 859 1475 Spiritus
878 1446 979 1469 sanctus
1000 1446 1054 1469 erat

257 1487 283 1514 in
298 1496 327 1514 eo
343 1496 351 1514 :
365 1492 387 1514 et
400 1496 547 1523 responsum
561 1492 690 1522 acceperat
704 1496 719 1513 a
732 1486 831 1521 Spiritu
845 1491 941 1521 sancto,
955 1496 1004 1514 non
1015 1488 1053 1514 oi-

257 1540 345 1559 surunt
358 1541 384 1559 ss
399 1537 512 1565 mortem,
528 1533 576 1560 nisi
598 1533 668 1568 prius
682 1532 773 1560 videret
789 1531 916 1560 Christum
932 1532 1054 1563 Domini:

257 1582 281 1604 et
294 1579 358 1604 uertit
372 1578 398 1604 in
412 1578 511 1613 Spiritu
524 1579 551 1605 in
564 1579 695 1613 templum.
716 1578 750 1605 Et
762 1586 819 1605 cum
833 1578 980 1606 intlucerent
993 1587 1054 1614 pue-

258 1633 316 1651 rum
334 1625 422 1652 Jesum
432 1631 546 1660 parentes
561 1627 625 1662 ejus,
635 1631 661 1653 ut
674 1629 784 1662 facerent
797 1627 934 1654 secundant
947 1636 1052 1657 consue-

258 1671 368 1698 tudinem
383 1671 456 1707 Legis
470 1681 515 1707 pro
530 1681 557 1699 eo
566 1694 574 1705 ,
590 1677 613 1699 et
627 1673 680 1707 ipse
700 1673 795 1707 accepit
809 1681 866 1701 eum
883 1674 909 1701 in
923 1674 1054 1709 amplexus

257 1724 327 1748 suos,
344 1721 365 1743 et
378 1717 503 1744 benedixit
516 1717 608 1751 Deum,
624 1723 646 1745 et
657 1718 720 1745 dixit
732 1726 741 1745 :
755 1717 831 1745 Nunc
841 1719 946 1746 dimittis
955 1727 1053 1747 servum

257 1766 336 1794 tuum,
347 1761 464 1794 Domine,
475 1764 611 1790 secundum
624 1764 725 1790 verbum
739 1768 808 1791 tuum
821 1764 847 1791 in
856 1772 927 1799 pace.
940 1764 1005 1797 Quia
1017 1765 1054 1792 oi-

257 1806 346 1833 derunt
359 1808 426 1834 oculi
438 1809 485 1835 mei
495 1808 606 1836 salutare
620 1813 698 1841 tuum,
709 1810 775 1844 quod
786 1810 881 1844 parasti
894 1815 951 1837 ante
963 1810 1053 1845 facient

256 1853 368 1880 omnium
382 1854 541 1888 populorum.
563 1854 659 1881 Lumen
680 1854 714 1881 ad
736 1855 910 1883 reuelationem
924 1854 1050 1889 Gentium,

256 1904 280 1926 et
289 1898 396 1934 gloriam
409 1899 487 1933 plebis
498 1905 548 1926 tua:
557 1899 649 1927 Israel.
661 1900 694 1927 Et
707 1905 778 1927 erant
792 1905 862 1935 pater
872 1901 927 1936 ejus
941 1906 964 1927 et
974 1907 1054 1928 mater

256 1945 375 1971 mirantes
388 1953 463 1980 super
476 1946 514 1972 his
529 1953 584 1980 quae
597 1946 742 1973 dicebantur
755 1946 786 1973 de
797 1947 851 1974 illo.
872 1946 907 1977 Et
928 1947 1053 1975 benedixit

256 1990 315 2018 illos
328 1991 442 2024 Simean,
453 1996 476 2018 et
486 1992 550 2018 dixit
563 1992 597 2019 ad
606 1992 717 2019 Mariam
730 1998 834 2020 matrem
843 1993 897 2027 ejus
907 2001 916 2020 :
926 1993 990 2020 Ecce
1003 2002 1051 2027 po-

256 2037 318 2064 situs
335 2043 371 2065 est
384 2038 424 2065 hic
437 2039 463 2065 in
476 2039 577 2065 ruinam
598 2044 622 2066 et
640 2040 846 2066 resurrectionem
867 2040 1004 2068 multorum
1025 2041 1052 2069 in

256 2082 355 2117 Israel,
374 2088 396 2110 et
410 2083 437 2112 in
451 2084 552 2119 signum
571 2084 611 2111 cui
631 2084 829 2116 contradicetur;
849 2089 872 2112 et
889 2090 958 2112 tuam
972 2086 1052 2121 ipsius

256 2129 366 2156 animam
376 2130 536 2164 pertransibit
547 2122 658 2165 gladius,
670 2134 695 2156 ut
707 2130 844 2157 "celentur
856 2139 886 2158 es:
898 2133 982 2160 multis
993 2141 1050 2160 cor-

255 2174 329 2201 dibus
342 2175 515 2209 cogitationes.
535 2173 571 2201 Et
586 2180 638 2201 erat
650 2175 724 2202 Atina
738 2176 894 2211 prophetissa
908 2178 962 2211 ﬁlia
977 2177 1051 2215 Plia—

255 2221 314 2247 nuel
329 2220 360 2247 de
376 2220 439 2247 tribu
453 2220 517 2248 Aser
529 2229 539 2248 :
552 2221 605 2248 [nec
618 2226 771 2257 processerat
785 2222 811 2249 in
824 2223 910 2250 diebus
922 2225 1016 2258 multis,
1028 2231 1051 2253 et

254 2267 350 2294 vixerat
365 2275 423 2294 cum
437 2267 490 2294 viro
503 2275 548 2295 suo
560 2269 633 2295 annis
647 2272 741 2303 septem
755 2277 770 2295 a
783 2269 925 2304 virginitate
942 2279 1008 2303 sua;
1028 2277 1051 2299 et

256 2313 309 2339 haec
322 2313 398 2340 vidua
412 2321 491 2348 usque
505 2314 539 2340 ad
552 2322 632 2341 annos
647 2315 773 2350 octoginta
785 2320 894 2350 quatuor
903 2336 911 2349 ,
926 2324 984 2352 qua:
1000 2325 1051 2346 nan

256 2359 396 2386 discedebat
411 2360 442 2386 de
457 2361 558 2396 templo,
569 2361 675 2396 jejuniis
686 2366 708 2397 et
721 2361 931 2390 obsecrationibus
943 2363 1051 2391 serviens

255 2410 327 2432 nocte
338 2414 368 2432 ac
382 2404 432 2432 die.
448 2405 479 2432 Et
489 2406 550 2438 haec,
559 2407 616 2441 ipsa
624 2407 686 2433 hora
695 2407 1051 2442 superueniens,conﬁtebatur

257 2453 378 2487 Domino,
390 2459 414 2480 et
430 2454 575 2489 loquebatur
587 2454 618 2481 de
631 2454 675 2482 illo
690 2454 805 2481 omnibus
819 2455 861 2490 qui
875 2456 1051 2490 exspectabant

254 2499 448 2534 redemptionem
460 2499 601 2527 Jerusalem
614 2500 633 2526 ¹.
654 2499 688 2526 Ει
707 2505 733 2526 ιιι
749 2502 903 2536 perfecerunt
918 2502 1001 2528 omnia
1009 2510 1050 2528 se-

255 2545 366 2571 cundum
379 2544 469 2581 Legem
493 2546 594 2572 Doun’ni
613 2545 688 2580 (Luc.
701 2554 718 2573 ll
729 2546 857 2582 ,22-59),
874 2554 929 2573 ecce
947 2547 1051 2582 angelus

256 2590 360 2617 Domini
373 2596 492 2626 apparuit
506 2600 532 2618 tn
551 2593 646 2619 somnis
659 2590 770 2628 Ioseph,
786 2592 871 2619 dicens
886 2601 896 2620 :
911 2593 1009 2629 Surge,
1028 2599 1051 2621 et

255 2637 341 2672 accipe
355 2645 459 2673 puerum
473 2642 496 2665 et
510 2642 615 2665 matrem
629 2639 693 2674 ejus,
708 2643 731 2666 et
746 2639 805 2674 fuge
820 2639 847 2665 in
861 2638 1013 2675 Egyptum.
1028 2645 1050 2668 et

255 2686 307 2710 esto
323 2683 357 2709 ibi
371 2690 448 2719 usque
461 2683 521 2710 dum
534 2683 618 2712 dicam
631 2685 693 2718 tibi;
707 2685 821 2720 futurum
833 2689 869 2711 est
880 2686 946 2713 enim
957 2691 984 2713 ut
995 2686 1049 2713 He-

288 2763 297 2780 ⁸
310 2763 378 2796 ΕΔΜ,
390 2763 578 2796 redemptionem
591 2763 674 2796 Israel.
688 2767 714 2789 At.
726 2768 777 2789 Mss.
787 2770 875 2796 magno
882 2771 1002 2789 consensu
1013 2764 1050 2796 fe-

254 2798 321 2824 runt,
332 2793 518 2826 redemptionem
527 2793 661 2820 Jerusalem
672 2801 680 2819 :
689 2793 839 2826 quihust-um'
844 2796 915 2819 etiam
925 2795 1052 2822 concordat

255 2826 435 2858 vetustissimus
446 2826 573 2858 multorum
583 2826 661 2858 codex
673 2827 833 2851 Corbeiensis.
847 2830 918 2853 Porro
937 2827 960 2851 in
971 2833 1051 2858 graeco

256 2859 327 2889 textu
340 2861 387 2889 est,
401 2857 500 2882 turrem
510 2864 539 2882 en
553 2857 704 2889 lermtsalém,
717 2857 902 2889 redemptionem
915 2857 940 2882 in
954 2861 1052 2889 Jerusa-

257 2887 319 2921 lem,
332 2888 413 2913 addita
428 2889 597 2921 praepositione
614 2888 657 2921 in,
674 2895 729 2921 qua:
742 2887 838 2920 propter
855 2896 879 2914 m
893 2888 1052 2921 praecedentis

256 2916 345 2944 littera
356 2916 499 2944 concdtsut'n
510 2918 580 2944 facile
590 2916 708 2946 exciderit
719 2916 869 2946 librariorum
879 2916 978 2946 incuria.

668 185 713 213 DE
734 183 909 213 CONSENSU
936 182 1255 225 EVANGELISTABUM,
1276 184 1306 212 S.
1325 185 1509 214 AUGUSTINI

1109 241 1182 273 rodas
1196 247 1293 282 quaret
1307 251 1412 286 puerum
1428 244 1463 277 ad
1477 244 1632 286 perdendum
1646 253 1713 281 eum.
1735 242 1785 283 Qui
1797 255 1903 275 tamur-

1107 295 1168 323 gens
1184 288 1278 327 accepit
1292 297 1397 324 puerum
1412 294 1435 316 et
1450 294 1553 324 matrem
1565 291 1619 327 ejus
1638 295 1719 325 nocte,
1733 296 1755 318 et
1766 293 1864 320 secessit
1876 294 1903 321 in

1108 333 1260 371 (Egyptum.
1281 334 1314 363 Et
1326 340 1379 363 erat
1393 336 1426 362 ibi
1438 344 1514 372 usque
1525 336 1558 363 ad
1569 338 1661 365 obitum
1672 337 1782 367 Herodis
1794 347 1804 366 :
1819 345 1846 367 ut
1857 339 1905 375 ad-

1108 381 1253 417 impleretur
1276 383 1344 419 quod
1364 383 1458 411 dictum
1475 388 1509 414 est
1531 393 1547 416 ιι
1563 384 1669 412 Domino
1691 394 1736 423 per
1754 388 1904 422 prophetam

1108 427 1246 464 dicentem,
1267 437 1298 456 ex
1308 428 1423 465 sEgypto
1446 430 1529 461 vocavi
1547 430 1630 466 [ilium
1649 440 1741 464 meum.
1759 432 1831 460 Tunc
1852 433 1906 462 He-

1107 474 1180 502 rodes
1200 475 1286 502 videns
1307 476 1425 513 quoniam
1447 476 1535 506 illusus
1548 481 1611 513 esset
1631 486 1647 511 ιι
1663 476 1761 514 Magis,
1775 479 1856 507 iratus
1869 486 1906 507 est

1107 520 1179 547 valde
1192 528 1202 548 :
1216 525 1239 550 et
1259 521 1358 548 mittens
1380 521 1470 554 occidit
1489 531 1574 561 omnes
1598 531 1704 558 pueros,
1720 524 1763 559 qui
1782 530 1855 552 erant
1878 526 1905 553 in

1106 567 1243 602 Bethleem,
1261 573 1283 595 et
1297 568 1324 595 in
1339 567 1455 602 omnibus
1469 569 1562 605 ﬁnibus
1577 569 1641 608 ejus,
1653 578 1668 595 a
1681 570 1775 597 bimatu
1789 575 1813 597 et
1825 571 1905 606 infra,

1106 613 1243 644 secundum
1261 618 1358 651 tempus
1377 614 1443 649 quod
1456 615 1608 650 exquisierat
1624 623 1641 643 a
1656 614 1749 652 Magis.
1770 615 1844 643 Tunc
1856 617 1906 643 ad-

1106 658 1236 699 impletum
1251 663 1286 689 est
1305 659 1371 694 quod
1388 659 1481 689 dictum
1495 664 1530 687 est
1552 668 1597 695 per
1607 659 1744 687 Jerentiam
1757 663 1906 697 prophetam

1106 703 1249 731 dicentem:
1267 703 1322 733 Vox
1344 705 1369 731 in
1384 704 1466 735 Ruma
1480 705 1567 740 audita
1581 709 1631 740 est,
1647 706 1760 741 ploratus
1779 711 1802 734 et
1818 706 1906 734 ulula-

1105 754 1146 777 tus
1168 750 1280 786 multus,
1296 750 1392 778 Rachel
1407 751 1512 786 plorans
1531 752 1597 786 ﬁlios
1616 760 1692 785 suos,
1706 757 1730 782 et
1749 753 1830 780 noluit
1845 762 1907 781 con-

1105 796 1183 824 solari
1206 796 1265 832 quia
1285 805 1335 824 non
1359 801 1425 828 sunt.
1455 796 1583 834 Defuncto
1609 802 1692 825 autent
1708 797 1824 832 Herode,
1849 808 1907 827 ecce

1105 843 1223 878 apparuit
1237 843 1341 879 angelus
1358 843 1459 874 Domini
1472 844 1499 871 in
1513 845 1608 876 somnis
1623 843 1719 880 Joseph
1733 845 1759 882 in
1776 845 1905 883 Egypto,

1106 888 1190 916 dicens
1201 897 1210 915 :
1223 888 1307 925 Surge
1317 893 1340 917 ct
1351 890 1436 925 accipe
1448 898 1563 925 puerum.
1576 894 1598 917 et
1609 895 1713 917 matrem
1726 892 1789 927 ejus,
1803 897 1826 919 et
1842 893 1907 920 vade

1105 933 1131 963 in
1146 939 1238 961 terram
1250 934 1332 971 Israel
1340 943 1348 966 ;
1362 935 1474 971 defuncti
1482 941 1539 964 sunt
1553 936 1618 965 enim
1631 937 1674 971 qui
1687 938 1830 972 qtttrrebant
1848 939 1906 966 ani-

1105 988 1173 1008 mam
1186 980 1266 1017 pueri.
1281 981 1330 1014 Qui
1339 990 1444 1017 surgens
1459 982 1552 1018 accepit
1567 991 1671 1018 puerum
1685 988 1707 1010 et
1722 988 1827 1011 matrem
1837 985 1903 1019 ejus,

1106 1030 1128 1056 et
1143 1026 1207 1053 venit
1227 1026 1254 1055 in
1274 1031 1365 1056 terram
1380 1026 1473 1055 Israel.
1495 1027 1606 1055 Audiens
1626 1034 1709 1055 autem
1726 1029 1793 1066 quod
1807 1029 1905 1057 Arche-

1105 1070 1161 1101 laus
1174 1076 1289 1107 regnaret
1301 1073 1327 1100 in
1336 1071 1429 1101 Judaza
1440 1081 1485 1108 pro
1495 1072 1596 1101 "trade
1610 1078 1681 1111 patre
1694 1081 1750 1108 suo,
1765 1074 1846 1101 timuit
1857 1074 1905 1102 illo

1104 1117 1152 1153 ire.
1165 1116 1198 1145 Et
1214 1118 1356 1145 admouittts
1371 1118 1396 1145 in
1407 1119 1510 1151 somnis,
1524 1121 1623 1153 secessit
1637 1119 1662 1145 in
1678 1124 1761 1155 partes
1773 1119 1905 1148 Galila'te:

1105 1167 1129 1197 et
1141 1163 1240 1191 veniens
1255 1163 1372 1190 habitavit
1387 1164 1412 1190 in
1427 1164 1586 1199 civitatequa:
1599 1169 1702 1199 vocatur
1712 1164 1840 1192 Nazareth
1850 1186 1858 1199 ,
1876 1171 1906 1192 ut

1105 1210 1285 1245 adimpleretar
1299 1210 1366 1245 quod
1379 1211 1473 1237 dictant
1490 1215 1524 1237 est
1538 1219 1582 1246 per
1598 1209 1756 1246 Prophetas,
1775 1211 1903 1245 Quoniam

1106 1254 1248 1282 Nazarwus
1269 1256 1397 1283 vocabitur
1411 1254 1420 1291 (
1432 1254 1525 1283 Matth.
1538 1263 1573 1290 tl,
1590 1256 1672 1283 15-Ξῦ
1683 1256 1701 1292 ).
1728 1255 1797 1284 Puer
1818 1263 1906 1285 autent

1105 1302 1228 1329 crescebat
1251 1306 1275 1330 et
1296 1302 1484 1338 confortabatur
1504 1302 1592 1337 plenus
1612 1303 1751 1338 sapientia,
1775 1308 1798 1330 et
1821 1304 1906 1339 gratia

1105 1347 1154 1375 Dei
1166 1352 1219 1375 erat
1233 1348 1259 1378 in
1271 1347 1325 1375 illo.
1343 1347 1376 1375 Et
1389 1348 1458 1375 ibant
1471 1353 1585 1383 parentes
1600 1349 1655 1384 ejus
1670 1357 1714 1383 per
1725 1357 1809 1376 omnes
1823 1358 1906 1377 armos

1106 1395 1133 1422 in
1142 1394 1284 1423 Jerusalem
1292 1395 1318 1423 in
1329 1395 1370 1423 dic
1383 1395 1489 1422 solemni
1500 1394 1616 1422 Paschaz.
1632 1394 1665 1421 Et
1678 1403 1735 1422 cum
1748 1397 1831 1432 factus
1841 1401 1907 1423 esset

1105 1448 1231 1468 annorum
1246 1440 1377 1469 duodecim
1388 1462 1394 1472 ,
1409 1440 1598 1468 ascendentibus
1611 1441 1661 1467 illis
1677 1441 1703 1468 in
1716 1441 1907 1478 Jerosolgmam

1105 1485 1241 1513 secundum
1250 1485 1454 1513 consuetudine»:
1465 1486 1513 1512 diei
1527 1486 1592 1522 festi,
1603 1487 1829 1522 consummatisque
1850 1487 1907 1514 die-

1105 1531 1150 1559 bus
1163 1539 1220 1558 cum
1235 1531 1358 1562 redirent,
1369 1531 1489 1557 remansit
1503 1539 1565 1565 puer
1577 1529 1652 1558 Jesus
1667 1531 1692 1558 in
1705 1531 1847 1562 Jerusalem
1858 1554 1866 1566 ,
1881 1538 1906 1560 et

1105 1584 1155 1612 non
1169 1581 1335 1612 cognoverunt
1351 1581 1466 1610 parentes
1484 1576 1547 1611 ejus.
1569 1575 1750 1604 Existimantes
1770 1582 1854 1605 autem
1868 1578 1906 1605 il-

1106 1622 1159 1650 lum
1174 1630 1226 1653 esse
1243 1622 1269 1650 in
1283 1621 1413 1655 comitatu,
1429 1627 1547 1648 venerunt
1562 1622 1609 1648 iter
1622 1622 1671 1649 diei
1682 1643 1689 1654 ,
1705 1627 1728 1649 et
1742 1623 1907 1659 requirebant
1927 1621 1933 1626 ”

1105 1675 1162 1695 eum
1180 1668 1244 1694 inter
1262 1672 1381 1703 cognatos
1402 1672 1425 1694 et
1448 1673 1527 1695 notos.
1549 1666 1583 1694 Et
1603 1677 1653 1695 non
1676 1668 1843 1703 invenientes,
1859 1678 1905 1698 re-

1104 1713 1183 1748 gressi
1203 1717 1261 1740 sttnt
1283 1713 1309 1739 in
1330 1711 1474 1739 Jerusalem
1491 1712 1642 1747 requirentes
1664 1722 1731 1741 eum.
1755 1714 1787 1742 Et
1806 1717 1907 1751 factum

1106 1763 1142 1786 cst
1156 1763 1211 1794 post
1226 1758 1338 1786 triduum
1354 1758 1499 1785 invenerunt
1514 1758 1586 1785 illum
1599 1759 1625 1785 in
1639 1759 1731 1794 templo
1741 1761 1868 1788 sedentem
1877 1761 1906 1788 in

1104 1803 1186 1831 medio
1195 1804 1478 1837 doctorunt,audientem
1486 1804 1542 1831 illos
1551 1808 1573 1832 et
1582 1805 1775 1840 interrogantem
1782 1814 1833 1833 eos.
1841 1806 1907 1834 Stu-

1106 1851 1199 1885 pebant
1212 1855 1296 1879 autent
1306 1859 1392 1880 omnes
1403 1851 1444 1886 qui
1455 1850 1588 1878 audiebant
1599 1860 1655 1879 eum
1664 1872 1671 1885 ,
1682 1860 1757 1887 super
1769 1853 1906 1888 prudentia

1104 1900 1127 1923 et
1139 1896 1266 1930 responsis
1281 1897 1345 1932 ejus.
1366 1895 1401 1924 Et
1421 1896 1531 1924 videntes
1552 1897 1671 1924 admirati
1691 1902 1758 1931 sunt.
1785 1897 1818 1934 Et
1839 1898 1907 1925 dixit

1105 1947 1185 1970 mater
1199 1943 1254 1977 ejus
1267 1943 1301 1969 ad
1313 1943 1385 1971 illum
1397 1952 1406 1970 :
1423 1943 1473 1971 Fili
1485 1964 1492 1976 ,
1505 1944 1566 1980 quid
1582 1945 1663 1980 fecisti
1681 1946 1751 1972 nobis
1765 1946 1819 1977 sic?
1836 1945 1906 1973 Ecce

1105 1993 1176 2024 pater
1191 1993 1248 2016 tuus
1264 1993 1286 2016 et
1307 1997 1351 2025 ego
1366 1989 1476 2017 dolentes
1490 1990 1662 2025 quwrebamus
1677 1996 1708 2019 te.
1730 1992 1763 2020 Et
1775 1992 1809 2019 ait
1823 1993 1857 2020 ad
1871 1993 1906 2020 il-

1104 2035 1162 2067 los:
1177 2035 1243 2067 Quid
1256 2039 1291 2062 est
1304 2035 1371 2071 quod
1390 2044 1429 2063 me
1447 2036 1615 2072 quaerebatis?
1634 2037 1789 2071 Nesciebqtis
1802 2039 1860 2074 quia
1876 2040 1905 2066 in

1105 2080 1144 2110 his
1156 2088 1211 2116 quw
1227 2079 1314 2107 Patris
1328 2080 1377 2108 mei
1394 2086 1462 2116 sunt,
1478 2087 1576 2117 oportet
1591 2091 1630 2110 me
1643 2083 1715 2119 esse?
1734 2083 1768 2112 Et
1780 2084 1830 2122 ipsi
1848 2093 1902 2113 non

1103 2125 1278 2161 intellexerunt
1292 2126 1392 2153 verbum
1411 2127 1477 2159 quod
1491 2127 1588 2154 locutus
1610 2133 1645 2155 est
1666 2128 1699 2155 ad
1718 2128 1786 2164 illos.
1800 2128 1835 2167 Et
1854 2130 1904 2157 de-

1104 2171 1200 2207 scendit
1212 2180 1269 2199 cum
1283 2172 1357 2205 eis,et
1370 2173 1435 2201 vertit
1449 2172 1589 2208 Nazaretlt,
1605 2178 1627 2207 et
1641 2179 1694 2203 erat
1706 2174 1819 2204 subditus
1838 2176 1903 2208 illis.

1103 2217 1138 2251 Et
1155 2223 1234 2246 mater
1255 2219 1309 2254 ejus
1334 2219 1494 2248 conservabat
1513 2220 1598 2247 omnia
1617 2221 1690 2248 verba
1708 2221 1761 2258 [nec
1781 2222 1808 2249 in
1825 2224 1905 2250 corde

1103 2272 1149 2299 suo
1166 2265 1185 2290 ι.
1206 2263 1239 2291 Et
1251 2264 1327 2298 Jesus
1346 2264 1492 2300 proﬁciebat
1507 2266 1639 2300 sapientia,
1655 2271 1678 2293 ct
1689 2271 1772 2302 tetate,
1784 2272 1807 2299 et
1818 2268 1904 2305 gratia

1103 2310 1173 2346 apud
1188 2310 1269 2344 Deum
1282 2315 1305 2338 et
1318 2310 1430 2345 homines
1443 2310 1516 2347 (Luc.
1528 2319 1557 2345 ll,
1569 2311 1677 2347 ιον-52).
1776 2343 1779 2349 η

1103 2355 1215 2383 CAPUT
1229 2355 1273 2384 Vl.
1280 2371 1315 2376 —
1321 2356 1359 2388 De
1371 2356 1459 2384 ordine
1469 2357 1657 2394 praedicationis
1663 2357 1771 2386 Joannis
1778 2358 1905 2395 Baptista

1352 2402 1416 2434 inter
1431 2410 1516 2435 omnes
1528 2408 1647 2438 quatuor.

1139 2446 1182 2484 18.
1203 2446 1261 2475 Jam
1275 2446 1338 2474 hinc
1350 2447 1383 2474 de
1405 2447 1592 2482 praedicatione
1612 2448 1722 2476 Joannis
1738 2451 1839 2478 narrari
1862 2452 1902 2479 ir.-

1103 2491 1184 2527 cipit,
1200 2500 1278 2527 quam.
1298 2499 1392 2526 omnes
1413 2498 1527 2528 quatuor
1546 2500 1765 2523 commemorant.
1787 2497 1851 2524 Nam
1875 2504 1903 2525 et.

1103 2537 1242 2572 hlattlmzus
1255 2543 1315 2573 post
1330 2539 1374 2571 illa
1388 2539 1479 2574 verba,
1495 2548 1554 2576 qua:
1576 2541 1666 2577 ultima
1680 2541 1737 2578 ejus
1752 2543 1840 2578 posui,
1858 2544 1904 2571 ubi

1103 2585 1324 2615 Commemoravit
1347 2593 1381 2613 ex
1403 2586 1532 2622 propheta
1554 2588 1751 2621 testimonium,
1773 2588 1904 2621 Quoniam

1104 2630 1245 2661 Nazarteus
1259 2631 1405 2665 vacabitur,
1423 2632 1543 2667 sequitur
1561 2638 1588 2660 et
1609 2633 1750 2669 adjungit:
1766 2634 1800 2662 In
1813 2635 1903 2663 diebus

1103 2682 1186 2707 autem
1200 2676 1251 2705 illis
1269 2679 1334 2706 venit
1350 2677 1463 2705 Joannes
1476 2678 1592 2713 Baptista
1605 2680 1746 2716 prtedtcans
1765 2681 1791 2708 in
1804 2682 1902 2709 deserto

1102 2722 1209 2756 Judaew,
1225 2727 1277 2750 etc.
1292 2723 1397 2757 (Matth.
1412 2731 1450 2757 Ill,
1461 2725 1499 2759 1),
1511 2724 1542 2751 Et
1554 2725 1658 2753 Marcus
1672 2727 1716 2761 qui
1731 2727 1796 2754 nihil
1809 2727 1843 2755 de
1855 2736 1904 2755 na-

1105 2768 1205 2796 tivitste
1219 2769 1262 2796 vel
1275 2768 1385 2797 infantia
1397 2770 1440 2797 vel
1450 2771 1561 2806 pueritia
1576 2772 1679 2805 Domini
1691 2774 1826 2806 narravit,
1840 2774 1903 2803 hinc

1104 2815 1238 2850 Evangelii
1255 2816 1367 2851 sumpsit
1382 2816 1497 2850 initium,
1514 2817 1539 2844 id
1554 2822 1604 2851 est,
1619 2826 1634 2845 a
1649 2819 1760 2846 Joannis
1774 2820 1904 2855 praedica-

1105 2861 1185 2889 tione.
1206 2861 1249 2890 Sic
1263 2862 1333 2890 enim
1353 2869 1465 2892 exorsus
1482 2868 1523 2891 est
1538 2872 1544 2891 :
1561 2863 1666 2895 Initium
1685 2863 1819 2901 Evangelii
1839 2865 1903 2894 Jes't

1136 2917 1855 2952 Iwuszerensincordesqulbestconfermsuss.
