4082 6466
365 364 506 424 ωδό

361 479 552 534 Christi
580 478 678 550 filii
703 477 803 534 Dei
825 496 844 534 :
867 482 996 536 sicut
1031 481 1272 558 scriptum
1305 490 1377 538 est
1411 483 1463 538 in
1504 482 1641 540 Isaia
1674 486 1937 558 propheta,

358 569 494 626 Ecce
513 572 652 626 mitto
676 573 906 644 angelum
935 590 1097 628 meum
1127 585 1244 628 ante
1269 577 1448 646 faciem
1486 585 1624 630 tuam
1646 618 1659 641 ,
1691 578 1776 650 qui
1811 593 1942 648 pra:-

358 664 556 734 parobit
581 663 710 718 viam
741 675 877 718 tuam
919 678 1031 720 ante
1075 676 1139 722 te.
1193 667 1298 722 Vox
1330 669 1592 722 clamantis
1631 669 1682 738 in
1723 670 1935 736 deserto,

363 752 552 810 Parate
581 757 708 809 viam
750 755 989 822 Domini,
1015 767 1174 812 rectas
1213 760 1361 830 facile
1403 761 1600 815 semitas
1641 762 1767 831 ejus.
1818 760 1938 816 Fuit

355 847 580 916 Joannes
604 849 655 902 in
675 849 865 904 deserto
887 851 1143 920 baptizans
1160 861 1203 905 et
1226 853 1504 922 prardicans
1516 853 1810 924 baptismum
1835 872 1938 925 pa:-

353 943 576 996 nitentia:
612 943 662 996 in
697 943 1035 1008 remissionem
1072 933 1402 1012 peccatorum,
1424 945 1931 1017 etc.(Marc.t,‘l-4).

354 1033 420 1088 Et
446 1035 617 1090 Lucas
655 1043 774 1106 post
801 1034 960 1089 verba
999 1035 1087 1090 ubi
1118 1037 1222 1105 ait,
1252 1035 1316 1090 Et
1341 1035 1491 1092 Jesus
1518 1039 1806 1107 proficiebat
1851 1056 1934 1092 sae

350 1126 540 1196 picntia
558 1169 572 1194 ,
601 1135 648 1182 et
677 1135 840 1192 wtate,
871 1136 920 1182 et
963 1129 1128 1199 gratia
1162 1129 1300 1198 apud
1329 1127 1492 1182 Deum
1518 1137 1562 1182 et
1591 1129 1837 1196 homines,
1866 1129 1934 1186 de

351 1217 573 1273 Joannis
607 1220 977 1290 praedicatione
999 1221 1109 1291 jam
1139 1222 1378 1291 sequitur
1403 1222 1586 1278 dicens
1615 1241 1628 1276 :
1662 1223 1806 1278 Anno
1834 1241 1929 1278 au-

344 1317 446 1362 tem
484 1311 655 1378 quinto
704 1309 893 1366 decimo
933 1304 1130 1384 imperii
1156 1310 1340 1365 Tiberii
1373 1310 1602 1378 Ctesaris,
1633 1325 1932 1384 procurante

345 1395 536 1452 Pontio
554 1397 719 1453 Pilato
735 1397 767 1452 J
776 1401 992 1465 udteam,
1005 1402 1254 1454 tetrarcha
1275 1411 1439 1455 autem
1464 1400 1688 1456 Galilaete
1704 1403 1923 1469 Herode,

344 1487 592 1559 Philippo
616 1499 782 1544 autem
809 1494 965 1564 fratre
992 1493 1100 1560 ejus
1129 1493 1377 1545 tetrarcha
1407 1491 1610 1548 Iturwte
1629 1504 1674 1547 et
1703 1493 1930 1549 Tracha-

341 1579 516 1632 nitidis
563 1579 816 1662 regionis,
863 1589 912 1646 et
964 1579 1186 1652 Lysania
1233 1573 1450 1637 Abilinaz
1501 1585 1786 1652 tctrarcha,
1834 1585 1924 1656 sub

340 1670 650 1747 principibus
673 1671 986 1738 sacerdotum
1008 1674 1151 1727 Anna
1178 1683 1224 1727 et
1249 1672 1443 1745 Caipha
1461 1717 1476 1744 ,
1504 1680 1691 1747 factum
1719 1687 1789 1731 est
1811 1695 1923 1734 ver-

339 1745 460 1816 bum
493 1761 692 1816 Domini
717 1779 866 1835 super
888 1762 1136 1818 Joannem
1161 1763 1398 1820 Zahariaz
1417 1745 1580 1836 [ilium
1616 1768 1669 1822 in
1705 1766 1917 1839 deserto,

337 1862 444 1910 etc.
467 1851 616 1928 (Luc.
634 1871 708 1920 ιιι,
735 1855 786 1923 1,
803 1853 883 1926 2).
918 1854 1146 1911 Joannes
1162 1873 1368 1928 quoque
1389 1859 1660 1929 apostolus
1681 1859 1732 1914 in
1752 1861 1922 1915 Evan-

373 1946 538 2024 elistis
566 1953 793 2017 quatuor
817 1947 1288 2014 eminentissimus,
1319 1960 1658 2024 posteaquam
1697 1951 1827 2005 dixit
1853 1950 1920 2008 de

373 1961 538 2002 elisus
566 1961 793 2017 quatuor
817 1961 1288 2014 eminentissunus,
1319 1961 1658 2024 posteaquam
1697 1961 1827 2005 dixit
1853 1961 1918 2008 ue

334 1961 518 2092 {’e'rbo
537 2036 650 2103 Dei,
666 2037 754 2108 qui
785 2045 865 2091 est
897 2037 1008 2107 ipse
1033 2035 1198 2098 Filius
1223 2047 1344 2092 ante
1364 2039 1538 2092 omnia
1555 2039 1745 2093 saecula
1766 2055 1918 2095 crea-

332 2135 490 2193 turae,
517 2127 638 2198 quia
689 2126 865 2182 omnia
911 2143 1004 2197 per
1033 2128 1202 2198 ipsum
1232 2127 1362 2202 facta
1398 2137 1519 2198 sunt
1540 2171 1552 2195 ,
1582 2131 1756 2185 intulit
1791 2147 1918 2187 con-

332 2206 484 2272 tinuo
509 2217 574 2272 de
611 2217 831 2274 Joannis
860 2219 1232 2290 przedicatione
1270 2235 1332 2275 ac
1361 2222 1662 2276 testimonio
1691 2223 1872 2278 dicens
1899 2243 1911 2282 :

331 2305 458 2362 Fuit
482 2308 630 2362 homo
655 2310 834 2364 missus
853 2326 884 2362 a
906 2307 1031 2377 Deo,
1057 2311 1138 2364 cui
1160 2328 1337 2366 nomen
1361 2322 1466 2366 erat
1486 2299 1716 2368 Joannes.
1734 2315 1910 2385 (Joan.

328 2387 369 2464 ι,
393 2397 474 2470 6).
514 2397 667 2455 Unde
681 2397 791 2470 jam
809 2398 1090 2455 videndum
1112 2407 1212 2466 est,
1239 2400 1304 2456 de
1326 2401 1439 2472 ipso
1457 2402 1660 2458 Joanne
1684 2403 1912 2476 Baptista

328 2501 554 2562 quatuor
591 2489 1042 2563 Evangelistarum
1095 2495 1423 2549 narrationes
1468 2495 1911 2568 quemadmodum

327 2583 466 2640 inter
491 2599 548 2638 se
568 2600 671 2640 non
690 2583 996 2640 discordent
1021 2605 1033 2639 :
1058 2600 1162 2640 non
1185 2593 1242 2640 ut
1264 2584 1365 2642 hoc
1386 2603 1416 2641 a
1438 2587 1588 2641 nobis
1616 2604 1708 2658 per
1733 2589 1910 2644 omnia

325 2677 628 2748 requiratur
664 2685 756 2732 aut
793 2679 1061 2748 exigatur,
1091 2678 1231 2750 quod
1261 2679 1419 2735 modo
1457 2679 1674 2748 fecimus
1710 2681 1777 2736 de
1807 2681 1914 2752 pri-

324 2766 546 2823 mordiis
570 2765 678 2822 nati
707 2784 771 2825 ex
803 2768 962 2823 Maria
984 2768 1200 2836 Christi,
1223 2769 1667 2842 quemadmodum
1694 2774 1834 2828 inter
1852 2787 1909 2827 se

322 2857 603 2915 Matthazus
629 2860 902 2931 Lucasque
927 2861 1279 2928 consentiant,
1309 2873 1366 2916 ut
1395 2878 1459 2917 ex
1488 2865 1759 2936 utriusque
1787 2881 1910 2928 nar-

323 2953 533 3008 ratione
562 2969 718 3008 unam
769 2938 1096 3030 faceremus,
1124 2953 1546 3011 demonstrantes
1591 2957 1907 3032 tardioribus

323 3043 614 3114 quemlibet
634 3059 817 3099 eorum
840 3044 1307 3099 commemorando
1327 3045 1466 3116 quod
1489 3045 1622 3100 alter
1645 3056 1798 3114 tacet,
1825 3045 1906 3102 vel

324 3132 550 3190 tacendo
579 3133 720 3204 quod
750 3134 883 3188 alter
909 3143 1308 3200 commemorat,
1339 3150 1445 3190 non
1473 3135 1730 3204 impedire
1753 3137 1906 3192 iutcl-

320 3223 518 3295 lectum
545 3225 746 3281 veracis
786 3226 1103 3280 narrationis
1133 3225 1385 3293 alterius;
1411 3235 1468 3280 ut
1505 3225 1606 3290 hoc
1637 3229 1900 3312 exemplo,

319 3318 434 3394 sive
449 3327 517 3388 ,ιιι
543 3334 573 3373 a
607 3333 692 3374 me
729 3316 925 3374 factum
954 3327 1070 3384 est,
1102 3318 1212 3372 sive
1240 3319 1345 3376 alio
1372 3319 1531 3373 modo
1571 3317 1902 3394 commodius

323 3410 443 3480 ﬁeri
487 3411 668 3482 possit,
701 3411 878 3465 videat
919 3411 1280 3490 unusquisque
1305 3421 1358 3467 et
1395 3413 1447 3466 in
1481 3415 1686 3474 caneris
1715 3416 1904 3484 talibus

317 3501 452 3559 locis
481 3503 592 3558 fieri
623 3517 780 3574 posse
807 3502 947 3572 quod
973 3501 1060 3558 hic
1090 3502 1284 3557 factum
1330 3517 1449 3559 esse
1481 3507 1828 3574 persnexerit.

389 3594 480 3652 19.
519 3594 634 3650 Jam
663 3610 806 3665 ergo,
839 3603 896 3649 ιιι
923 3594 1052 3662 dixi,
1079 3595 1353 3649 videamus
1397 3607 1622 3666 quatuor
1662 3597 1902 3668 Evange-

314 3687 624 3761 gelistarum
649 3686 714 3742 de
746 3688 975 3756 Baptista
1003 3687 1204 3742 Joanne
1247 3702 1584 3744 consensum.
1627 3689 1902 3760 Matthzens

319 3779 392 3834 ita
424 3779 661 3850 sequitur
690 3795 702 3830 :
732 3777 797 3831 In
823 3777 996 3830 diebus
1037 3788 1201 3832 autem
1228 3776 1332 3832 illis
1362 3780 1488 3832 venit
1521 3777 1744 3836 Joannes
1797 3781 1901 3836 Ba-

320 3869 477 3938 ptista
499 3869 782 3940 praedicans
802 3869 852 3922 in
876 3866 1291 3922 descrtoJudtew.
1319 3869 1521 3938 Marcus
1541 3887 1640 3944 non
1661 3871 1810 3939 dixit,
1833 3871 1900 3948 n

311 3958 487 4014 diebus
505 3958 632 4026 illis;
653 3957 772 4030 quia
788 3958 984 4014 nullam
1006 3958 1196 4012 seriem
1220 3974 1393 4022 rerum
1410 3969 1530 4014 ante
1550 3962 1897 4032 praemiserat,

311 4049 369 4108 in
398 4066 621 4124 quarum
661 4065 835 4105 rerum
863 4048 1050 4104 diebus
1079 4048 1455 4119 intelligeretur
1494 4050 1700 4117 dicere,
1728 4053 1772 4107 si
1812 4053 1895 4107 di-

313 4153 490 4210 ceret,
523 4142 588 4196 In
618 4143 719 4197 illis
745 4141 936 4196 diebus.
977 4139 1148 4194 Lucas
1173 4150 1349 4195 autem
1372 4157 1464 4211 per
1490 4151 1776 4212 potestates
1798 4153 1900 4198 ter-

309 4250 469 4290 renas
498 4235 790 4304 signantius
821 4233 932 4302 ipsa
960 4242 1195 4300 tempora
1217 4233 1476 4302 expressit
1505 4235 1892 4304 prtedicationis

313 4324 402 4380 vel
439 4323 686 4394 baptismi
713 4321 930 4377 Joannis
958 4322 1140 4376 dicens
1169 4339 1182 4376 :
1207 4319 1354 4376 Anno
1402 4333 1566 4376 autent
1602 4326 1772 4394 quinto
1808 4327 1896 4380 dc-

315 4415 448 4471 cimo
474 4415 669 4485 imperii
696 4412 880 4468 Tiberii
922 4411 1151 4476 Cazsaris,
1181 4423 1477 4482 procurante
1504 4412 1687 4468 Pontio
1726 4415 1895 4470 Pilato

306 4508 578 4575 Judwam,
611 4507 859 4560 tetrarcha
894 4514 1057 4558 autem
1100 4503 1325 4557 Galilcea:
1355 4503 1555 4558 Herode
1580 4547 1595 4572 ,
1645 4505 1893 4577 Philippo

308 4613 476 4656 autem
504 4605 658 4672 fratre
683 4599 791 4669 ejus
820 4598 1065 4651 tetrarclta
1099 4595 1299 4650 Iturwa:
1337 4606 1383 4648 et
1405 4595 1778 4652 Trachonitidis
1808 4617 1892 4652 re-

306 4695 492 4766 gionis,
521 4702 566 4746 et
591 4690 814 4762 Lysania
834 4689 1049 4743 Abilinaz
1079 4689 1346 4749 tetrarcha,
1369 4688 1457 4742 sub
1487 4690 1791 4757 principibus
1813 4708 1890 4745 sa-

307 4786 564 4840 cerdotum
596 4784 739 4836 Anna
781 4791 826 4834 et
869 4780 1062 4848 Caip/ta
1088 4820 1102 4843 ,
1131 4783 1318 4847 factum
1357 4789 1428 4830 est
1471 4779 1667 4833 verbum
1691 4781 1894 4854 Domini

304 4892 458 4945 super
484 4873 734 4928 Joannem
760 4871 1023 4936 Zachariae
1049 4869 1211 4938 ﬁlium
1241 4869 1292 4921 in
1327 4867 1539 4922 deserto.
1577 4871 1686 4925 Nec
1716 4881 1890 4930 tamen

305 4965 602 5036 intelligere
639 4963 893 5017 debemus
924 4961 1020 5014 hos
1065 4959 1197 5024 dies,
1227 4957 1276 5010 id
1306 4959 1386 5012 est
1414 4959 1514 5014 hoc
1553 4970 1758 5036 tempus
1798 4963 1889 5018 ha-

304 5072 425 5111 rum
466 5063 803 5128 potestatum,
836 5052 1159 5124 significasse
1187 5049 1488 5122 Mattlneum
1517 5067 1636 5107 cum
1665 5054 1886 5121 diceret,

302 5144 374 5200 In
403 5145 576 5200 diebus
601 5145 737 5206 illis;
766 5143 858 5197 sed
882 5143 940 5220 ἰιι
973 5141 1138 5194 multo
1161 5140 1413 5210 longioris
1441 5144 1691 5212 temporis
1721 5147 1889 5215 spatio

304 5237 540 5292 voluisse
566 5235 751 5320 accipi,
781 5234 921 5308 quod
947 5233 1038 5298 ait,
1070 5230 1134 5284 In
1164 5232 1334 5284 diebus
1362 5233 1484 5288 illis.
1525 5235 1642 5289 Mox
1671 5237 1810 5293 enim
1835 5247 1890 5294 ut

304 5331 544 5386 narravit
573 5311 842 5386 reversum
873 5328 940 5382 de
970 5327 1200 5402 Aﬂgyplo
1240 5325 1502 5382 Christum
1541 5337 1747 5384 mortuo
1779 5331 1885 5385 lle—

304 5423 437 5480 rode
461 5441 476 5490 ;
509 5422 649 5496 quod
675 5422 857 5493 utique
893 5431 1131 5492 tempore
1152 5422 1385 5476 infantia:
1412 5422 1494 5478 vel
1517 5423 1749 5492 pueritia:
1774 5423 1886 5491 ejus

306 5513 503 5578 factum
549 5523 630 5570 est
654 5555 668 5579 ,
707 5520 764 5568 ut
805 5514 970 5598 possit
1004 5505 1245 5568 constare
1285 5514 1422 5592 quod
1463 5513 1632 5588 Lucas
1668 5514 1733 5568 de
1773 5515 1880 5580 illo,

305 5621 428 5662 cum
469 5605 744 5662 duodecim
783 5621 1043 5670 annorum
1091 5613 1271 5674 esset,
1315 5615 1516 5677 gestum
1560 5606 1792 5660 narravit
1833 5607 1882 5662 in

310 5697 510 5768 templo
529 5695 818 5752 Jerusalem
840 5695 988 5769 (Luc.
1007 5711 1064 5760 ιι,
1088 5695 1276 5765 42-50)
1304 5715 1315 5749 :
1339 5712 1458 5758 cum
1479 5711 1606 5768 ergo
1629 5695 1884 5754 infantem

306 5791 388 5848 vel
424 5805 646 5865 puerum
685 5805 750 5844 ex
788 5783 1019 5862 Αἴθῃ)ιο
1069 5777 1379 5870 revocatum
1413 5798 1883 5848 commemorasset

1686 367 1885 438 Lmen
1923 367 2297 448 SECUNDus.

2044 488 2350 572 Mattbteus,
2373 497 2626 568 continuo
2639 498 2849 574 intulit,
2876 500 2944 568 In
2969 503 3142 574 diebus
3162 513 3331 577 autem
3353 509 3456 578 illis
3485 513 3618 574 venit

2043 580 2268 638 Joannes
2294 586 2541 658 Baptista,
2563 606 2669 648 non
2696 593 2876 668 utique
2904 589 3265 660 tantummodo
3293 603 3528 671 pueriti-"B
3553 605 3616 670 ιι-

2044 672 2146 729 lius
2172 676 2284 732 dies
2313 679 2603 750 insinuans,
2636 683 2729 740 sed
2756 701 2940 742 omnes
2963 688 3077 746 dies
3100 691 3166 744 ab
3193 691 3308 762 ejus
3341 695 3614 760 nativitate

2043 781 2210 858 usque
2240 768 2307 834 ad
2351 781 2555 847 tempus
2581 789 2686 846 quo
2727 777 3015 848 praedicare
3049 796 3112 835 ac
3155 781 3420 853 baptizare
3457 789 3614 858 etepit

2040 857 2291 927 Joannes,
2317 878 2420 932 quo
2443 863 2550 934 jam
2580 874 2816 938 tempore
2843 867 3035 925 Christi
3060 871 3307 940 juvenilis
3337 875 3350 905 ¹
3382 885 3512 938 tetas
3537 857 3615 934 in-

2039 950 2284 1020 venitur;
2315 954 2433 1024 quia
2465 957 2626 1024 cowvi
2655 967 2806 1022 erant
2845 960 2957 1029 ipse
2981 969 3033 1016 ct
3055 961 3305 1027 Joannes,
3329 974 3381 1026 et
3403 966 3612 1038 triginta

2039 1040 2204 1098 ferme
2227 1059 2487 1114 annorum
2517 1057 2762 1106 narratur
2787 1050 2946 1110 fuisse
2972 1067 3093 1108 cum
3113 1055 3180 1109 ab
3207 1055 3299 1122 illo
3320 1057 3611 1124 baptizatus

2037 1143 2198 1208 esset.

2261 1227 2486 1302 CA?UT
2523 1230 2633 1300 Vll.
2661 1263 2732 1272 —
2752 1232 2830 1288 De
2852 1233 3043 1290 duobus
3071 1233 3374 1292 Herodibus.

2103 1317 2191 1374 20.
2231 1318 2335 1394 Sed
2365 1320 2521 1392 plane
2548 1322 2614 1378 de
2652 1323 2862 1390 Herode
2901 1325 3035 1390 SOlBt
3074 1341 3289 1390 movere
3331 1328 3609 1394 nonnullos

2031 1409 2170 1480 quod
2197 1410 2367 1478 Lucas
2395 1414 2654 1480 narravit,
2683 1415 2734 1468 in
2765 1415 2952 1486 diebus
2976 1416 3222 1488 baptismi
3251 1417 3469 1484 Joannis
3499 1420 3608 1486 lle.

2030 1499 2214 1554 rudem
2243 1497 2406 1564 fuisse
2440 1503 2758 1572 tetrarcham
2800 1503 3049 1572 Caliltete,
3081 1507 3290 1576 quando
3313 1509 3472 1564 etiam
3501 1509 3605 1564 Do-

2029 1590 2423 1660 minusjuveuis
2441 1592 2735 1661 baptizatus
2753 1604 2832 1652 est
2854 1593 3002 1666 (Luc.
3030 1612 3106 1664 nt,
3123 1597 3277 1665 1-31)
3298 1598 3604 1662 ;Matthteus

2027 1691 2226 1751 autem,
2256 1694 2465 1752 mortuo
2495 1685 2725 1754 llerode,
2752 1687 2879 1750 dicit
2908 1705 3125 1760 puerum
3145 1688 3322 1750 Jesum
3349 1691 3416 1748 ab
3443 1691 3603 1763 Egy-

2025 1783 2118 1846 pto
2137 1791 2403 1832 remeasse
2428 1796 2440 1832 :
2461 1777 2601 1846 quod
2632 1787 2914 1850 utrumque
2934 1794 3114 1848 verum
3140 1795 3257 1836 esse
3282 1796 3384 1848 non
3408 1790 3598 1850 potest,

2024 1867 2127 1922 nisi
2165 1865 2270 1921 duo
2293 1865 2458 1924 fuisse
2485 1868 2844 1939 intelligantur
2874 1869 3126 1940 Herodes.
3160 1872 3308 1938 Quod
3334 1888 3454 1926 cum
3486 1873 3600 1928 fieri

2022 1957 2259 2028 potuisse
2303 1973 2460 2018 nemo
2500 1961 2721 2025 nesciat,
2765 1975 2868 2032 qua
2906 1961 3142 2016 caecitate
3183 1963 3468 2036 insaniunt,
3510 1964 3598 2034 qui

2023 2048 2368 2117 procliviores
2401 2057 2526 2118 sunt
2553 2049 2621 2116 ad
2659 2051 3086 2114 calumniandum
3123 2053 3440 2123 evangelicae
3465 2055 3601 2108 veri-

2021 2139 2136 2206 tati,
2159 2154 2317 2209 quatn
2349 2139 2617 2209 paululum
2643 2141 3102 2209 consideratiores,
3130 2151 3188 2198 ut
3206 2143 3336 2207 duos
3358 2143 3599 2208 homines

2018 2229 2207 2288 eodem
2223 2229 2481 2294 vocabulo
2499 2231 2790 2301 appellatos
2803 2232 3096 2302 intelligant
3110 2233 3133 2288 ‘i
3149 2233 3299 2302 cujus
3320 2233 3396 2300 rei
3413 2249 3598 2290 exem-

2018 2320 2119 2391 plis
2173 2322 2328 2391 plena
2368 2330 2492 2378 sunt
2519 2323 2720 2386 omnia.
2762 2321 2894 2391 Nam
2930 2323 3028 2388 iste
3057 2323 3319 2394 posterior
3359 2324 3596 2394 llerodes

2017 2403 2210 2481 prioris
2223 2411 2447 2466 Herodis
2460 2411 2598 2478 ﬁlius
2612 2410 2774 2478 fuisse
2791 2411 3094 2482 perhibetur
3109 2428 3122 2477 ;
3140 2414 3276 2468 sicut
3288 2413 3593 2482 Archelaus,

2015 2517 2175 2574 quem
2211 2503 2484 2562 llatthaeus
2515 2505 2568 2557 in
2593 2503 2790 2562 Judma:
2825 2519 3044 2575 regnum
3074 2504 3208 2576 patri
3236 2513 3442 2558 mortuo
3471 2520 3593 2559 suc-

2015 2594 2240 2650 cessisse
2273 2603 2650 2658 commemorat
2687 2593 2900 2663 (Matth.
2931 2610 2986 2659 tt,
3021 2594 3246 2664 19-29);
3285 2595 3419 2649 sicut
3464 2595 3591 2650 Phi-

2014 2682 2206 2757 lippus,
2232 2699 2388 2757 quem
2420 2683 2639 2752 fratrem
2667 2684 2945 2754 tetrarcltte
2973 2684 3198 2756 Herodis
3219 2693 3272 2739 et
3298 2685 3465 2766 ipsum
3489 2685 3594 2762 ltuj-

2013 2788 2134 2828 1‘th
2161 2773 2482 2830 tetrarcham
2508 2773 2676 2838 anas
2703 2774 2951 2845 insinuat.
2988 2774 3098 2842 Rex
3132 2774 3273 2834 enim
3298 2773 3393 2828 fuit
3421 2775 3589 2838 l-lero-

2011 2863 2107 2924 des
2138 2865 2224 2920 ille
2255 2867 2343 2938 qui
2371 2867 2641 2938 quaerebat
2661 2866 2888 2920 animam
2922 2867 3069 2936 pueri
3095 2865 3322 2933 Christi;
3355 2868 3589 2923 Herodes

2011 2965 2188 3016 autem
2218 2957 2351 3022 alius
2379 2959 2517 3016 ﬁlius
2551 2957 2684 3027 ejus,
2725 2973 2829 3014 non
2857 2972 2971 3026 rex,
3001 2957 3095 3013 sed
3134 2958 3393 3016 tetrarcha
3417 2958 3589 3034 dictus

2011 3056 2111 3111 est,
2141 3047 2282 3116 quod
2307 3063 2500 3116 nomen
2539 3060 2769 3116 praecum
2808 3063 2837 3102 a
2865 3057 3015 3120 parte
3050 3049 3197 3120 regni
3227 3059 3412 3120 quarta
3447 3049 3584 3104 indi-

2012 3145 2122 3204 tum
2153 3146 2386 3194 resonat.

2008 3225 2232 3300 CAPUT
2273 3225 2405 3283 Vlll.
2428 3257 2499 3266 -—
2520 3226 2780 3294 Quomodo
2803 3227 3072 3284 Matt/imus
3098 3229 3232 3282 dicat
3256 3229 3477 3286 timuisse
3495 3230 3588 3285 Jo-

2077 3319 2202 3388 seplt
2241 3320 2315 3374 ire
2351 3335 2463 3372 cum
2499 3319 2692 3390 infante
2726 3318 2923 3374 Christo
2963 3322 3018 3374 in
3042 3320 3342 3392 Jerusalem,
3385 3333 3588 3392 propter

2077 3411 2417 3474 Archelaum;
2442 3420 2486 3464 et
2516 3427 2614 3478 non
2637 3411 2855 3466 timuisse
2880 3412 2954 3466 ire
2979 3413 3031 3466 in
3059 3410 3341 3479 Galilwam,
3372 3414 3454 3468 ubi
3481 3423 3585 3470 erat

2077 3503 2324 3560 tetrarclia
2356 3501 2575 3556 Herodes
2596 3502 2750 3572 (rater
2779 3504 2906 3569 ejus.

2075 3591 2165 3646 21.
2206 3592 2319 3648 Nisi
2345 3592 2478 3648 forte
2507 3593 2627 3648 hinc
2650 3608 2831 3648 rursus
2856 3593 3116 3670 quispiam
3144 3604 3438 3662 moveatur,
3461 3610 3580 3666 cum

2007 3681 2284 3750 Matthteus
2319 3683 2516 3737 dixerit
2542 3682 2661 3738 ideo
2690 3683 2923 3738 timuisse
2944 3683 3138 3758 Joseph
3165 3699 3284 3738 cum
3311 3701 3473 3756 puero
3501 3701 3585 3740 re-

2007 3776 2200 3846 deunte
2227 3776 2302 3842 ire
2333 3775 2382 3848 in
2405 3775 2662 3840 indutam,
2692 3776 2810 3846 quia
2836 3791 2928 3848 pro
2955 3785 3100 3847 patre
3122 3791 3218 3829 suo
3243 3776 3454 3834 Herode
3476 3778 3579 3834 Ar-

2005 3867 2222 3934 chelaus
2249 3866 2384 3920 lilius
2414 3865 2527 3935 ejus
2558 3865 2626 3918 ibi
2654 3866 2937 3935 regnabat;
2963 3865 3227 3936 quomodo
3254 3868 3481 3936 potuerit
3505 3867 3582 3922 ire

2004 3959 2056 4016 in
2091 3959 2383 4024 Galilaeam,
2429 3957 2515 4012 ubi
2556 3958 2690 4011 alius
2727 3957 2862 4012 illius
2901 3956 3015 4028 ejus
3047 3957 3283 4022 Herodes
3319 3956 3580 4028 tetrarcha

2004 4061 2140 4120 erat,
2175 4052 2312 4118 sicut
2342 4051 2508 4105 Lucas
2535 4057 2776 4120 testatur.
2810 4050 2969 4117 Quasi
3009 4065 3134 4118 vero
3173 4050 3286 4120 ipsa
3316 4051 3420 4106 sint
3445 4060 3580 4105 tem-

2005 4155 2156 4218 pora,
2192 4141 2382 4215 quibus
2423 4149 2545 4194 tunc
2572 4155 2734 4210 puero
2764 4140 3062 4207 timebatur,
3103 4155 3220 4210 qua:
3247 4155 3384 4194 nunc
3409 4140 3580 4198 Lucas

2002 4233 2456 4302 commemoravit,
2485 4249 2600 4304 qua:
2630 4248 2793 4302 usque
2831 4229 2963 4285 adeo
3003 4241 3200 4304 mutata
3240 4242 3409 4304 erant,
3443 4242 3498 4298 nt
3525 4233 3577 4296 in

2004 4324 2123 4394 ipsa
2151 4324 2332 4378 Judaea
2358 4339 2460 4377 non
2486 4323 2592 4392 jam
2624 4339 2714 4376 rex
2741 4330 2882 4376 esset
2906 4321 3217 4383 Archelaus,
3245 4321 3337 4398 sed
3361 4321 3576 4390 Pontius

2000 4414 2219 4478 Pilatus,
2253 4414 2338 4484 qui
2369 4428 2474 4484 non
2503 4428 2592 4466 rex
2613 4411 2935 4474 Jndteorum,
2963 4410 3054 4464 sed
3086 4425 3280 4478 praeses
3308 4419 3420 4464 erat
3443 4429 3455 4463 :
3480 4427 3574 4465 cu-

1995 4506 2082 4574 jus
2107 4503 2430 4571 temporibus
2451 4511 2664 4571 agentes
2695 4501 2792 4574 sub
2823 4501 3031 4570 Tiberio
3061 4497 3270 4558 Cazsare
3292 4501 3380 4562 filii
3406 4503 3573 4571 majo-

1998 4595 2072 4660 ris
2098 4577 2342 4657 Herodis,
2376 4608 2478 4644 non
2509 4607 2727 4662 regnum
2757 4591 3042 4654 habebant,
3084 4591 3176 4646 sed
3215 4593 3571 4664 tetrarchiam.

1997 4685 2146 4752 Quod
2180 4686 2358 4756 utique
2389 4685 2619 4758 nondum
2660 4683 2850 4740 factum
2879 4691 3012 4750 erat,
3045 4685 3254 4754 quando
3280 4686 3474 4760 Joseplt
3507 4688 3573 4742 ti-

1995 4791 2147 4830 mens
2170 4775 2484 4830 Archelaum
2510 4775 2559 4828 iu
2585 4775 2764 4830 Judtra
2793 4785 3121 4848 regnantem,
3147 4791 3203 4841 se
3232 4778 3282 4831 in
3304 4777 3570 4850 Galil-team

1995 4880 2114 4922 cum
2147 4880 2311 4938 puero
2336 4866 2578 4932 contulit,
2613 4866 2701 4920 ubi
2729 4875 2780 4920 et
2806 4866 2988 4920 civitas
3009 4865 3123 4936 ejus
3145 4877 3258 4928 erat
3286 4868 3566 4944 Nazareni.

1994 4954 2221 5012 CAPUT
2262 4954 2351 5014 IX.
2383 4986 2453 4994 —
2484 4955 2743 5022 Quomodo
2779 4957 2910 5010 dicat
2940 4955 3210 5030 Matthams
3247 4958 3357 5010 ideo
3399 4957 3494 5010 isse
3519 4958 3570 5010 in

2068 5043 2330 5100 Galilaeam
2353 5043 2546 5116 Joseph
2573 5062 2687 5100 cum
2710 5045 2901 5115 infante
2920 5043 3116 5118 Christo
3140 5046 3254 5120 quia
3279 5045 3440 5100 timuit
3468 5044 3568 5098 Ar-

2065 5138 2292 5192 chelaum
2322 5156 2412 5211 pro
2442 5155 2533 5194 suo
2562 5149 2699 5210 patre
2727 5146 3014 5210 regnantem
3037 5138 3088 5190 in
3113 5136 3427 5202 Jerusalem;
3456 5154 3569 5192 cum

2063 5229 2230 5284 Lucas
2259 5232 2390 5285 dicat
2420 5231 2532 5285 ideo
2562 5234 2658 5286 isse
2685 5233 2738 5285 in
2771 5229 3062 5298 Galilaeam,
3088 5231 3204 5300 quia
3228 5229 3293 5286 ibi
3324 5239 3429 5298 erat
3456 5229 3569 5284 Na-

2045 5323 2231 5380 ‘zareth
2262 5324 2434 5377 civitas
2459 5339 2652 5377 eorum.

2060 5413 2150 5467 22.
2193 5415 2272 5468 An
2292 5413 2425 5469 forte
2438 5423 2490 5468 et
2508 5413 2608 5467 hoc
2622 5420 2818 5477 movet,
2835 5411 3098 5482 quomodo
3115 5411 3253 5468 dicat
3269 5411 3567 5480 Matthaeus,

1990 5514 2269 5576 pr0pterea
2305 5520 2426 5560 eum
2454 5520 2619 5574 puero
2647 5504 2772 5560 Jesu
2802 5513 3044 5581 parentes
3070 5505 3184 5576 ejus
3211 5504 3315 5559 isse
3346 5504 3396 5558 in
3427 5503 3569 5560 Gali-

1991 5594 2166 5661 laeam,
2196 5595 2315 5664 quia
2347 5605 2491 5651 metu
2518 5595 2765 5650 Archelai
2796 5596 2846 5650 in
2870 5595 3104 5666 Judaeum
3136 5596 3212 5652 ire
3250 5597 3565 5670 noluerunt;

1989 5700 2109 5740 cum
2154 5693 2430 5755 propterea
2474 5686 2638 5760 magis
2691 5688 2797 5742 isse
2851 5686 2902 5756 in
2943 5685 3213 5766 Galilaeam
3260 5688 3561 5766 videantur,

2051 5799 2070 5830 ι
2094 5803 2223 5864 Mss,
2236 5795 2477 5864 juvenatis
2498 5803 2631 5868 tetas.
2666 5800 2739 5850 sic
2759 5801 2934 5864 passim
2955 5812 3061 5866 pro,
3084 5797 3318 5866 iuvenilis.
