4082 6486
475 412 614 474 1087

453 527 600 599 ῖ-ίιιιὶιι
624 525 816 582 civitas
841 538 1024 580 eorum
1051 530 1166 579 erat
1187 518 1447 576 Nazareth
1484 515 1734 580 Galilteie,
1772 511 1906 566 sicut
1934 508 2040 563 Lu-

475 634 570 677 cas
596 635 700 674 non
729 618 927 674 tacuit?
955 616 1058 672 Sed
1086 612 1476 683 intelligendum
1507 618 1608 674 est,
1632 607 1720 662 ubi
1744 604 1961 674 angelus
1991 603 2046 655 in

477 713 682 768 somnis
719 713 770 766 in
799 710 1026 782 Egypto
1051 709 1185 763 dixit
1219 707 1285 761 ad
1322 703 1538 773 Joseph,
1578 701 1763 771 Surge,
1805 708 1850 752 et
1879 697 2047 766 accipe
2107 698 2110 702 ’

477 820 688 874 puerum
707 814 754 857 et
779 813 988 856 matrem
1011 801 1137 865 eius,
1162 806 1210 853 et
1231 797 1355 851 vade
1373 798 1424 850 in
1449 805 1630 848 terram
1651 791 1833 854 Israel,
1864 790 1940 844 sic
1967 787 2048 841 in-

480 881 747 950 tellectum
783 908 902 947 esse
941 893 1111 961 primo
1137 907 1164 942 a
1195 888 1412 958 Joseph,
1441 895 1497 941 ut
1523 893 1729 953 putaret
1755 882 1959 952 jussum
1990 893 2048 933 se

481 1000 603 1040 esse
631 998 850 1054 pergere
875 983 926 1037 in
957 981 1230 1044 Judaaam;
1264 979 1375 1049 ipsa
1397 977 1538 1032 enim
1560 974 1802 1044 primitus
1828 968 2047 1038 intelligi

482 1075 650 1144 potuit
681 1082 817 1128 terra
846 1071 1008 1128 Israel
1038 1091 1050 1126 :
1081 1085 1240 1142 porro
1262 1079 1436 1124 autem
1459 1075 1801 1136 posteaquam
1831 1075 2047 1129 compe-

477 1166 547 1218 rit
575 1164 680 1218 illic
707 1179 927 1234 regnare
957 1160 1368 1217 lilium-llerodis
1391 1157 1732 1220 Archelaum,
1764 1153 1933 1207 noluit
1952 1151 2052 1204 ob—

473 1255 640 1325 jiccre
677 1271 736 1310 se
776 1255 848 1313 illi
877 1255 1132 1324 periculo,
1172 1268 1292 1306 cum
1325 1259 1500 1320 posset
1532 1259 1668 1302 terra
1696 1245 1855 1300 lsrael
1894 1243 2050 1315 etiam

477 1345 556 1399 sic
597 1344 838 1414 intelligi,
870 1353 927 1398 ut
966 1355 1019 1399 et
1062 1342 1278 1398 Galilzea
1309 1327 1415 1395 illic
1456 1339 1815 1408 deputaretur,
1847 1336 1968 1414 quia
1997 1341 2054 1388 et

479 1439 648 1508 ipsam
689 1436 1120 1514 populuslsrael
1170 1433 1453 1504 incolebat.
1499 1430 1810 1514 Quanquam
1836 1434 1926 1514 _et_
1947 1423 2052 1478 alio

469 1521 640 1576 modo
664 1522 796 1579 solvi
821 1510 986 1590 possit
1010 1520 1124 1575 haec
1144 1518 1385 1589 quiestio,
1415 1515 1540 1586 quia
1571 1513 1739 1584 potuit
1764 1510 1929 1590 videri
1960 1523 2054 1578 pa.

480 1615 719 1670 rentibus
745 1613 940 1667 Christi
969 1626 1088 1666 cum
1119 1624 1303 1680 puero,
1327 1607 1396 1663 de
1422 1621 1525 1676 quo
1555 1605 1675 1659 talia
1706 1617 1799 1672 per
1821 1601 2056 1671 angelica

481 1720 738 1776 responsa
774 1710 1152 1774 cognoverant,
1193 1717 1300 1755 non
1339 1715 1457 1754 esse
1485 1695 1826 1754 habitandum
1870 1693 1971 1750 nisi
2002 1693 2054 1746 in

481 1796 799 1863 Jerusalem,
832 1797 919 1852 ubi
957 1804 1072 1852 erat
1114 1793 1368 1863 templum
1410 1789 1651 1855 Domini;
1697 1796 1751 1841 et
1779 1793 2057 1856 propterea

483 1889 767 1944 redeuntes
795 1905 860 1945 ex
887 1887 1136 1959 Egypto,
1170 1886 1294 1941 illuc
1323 1899 1416 1940 eos
1458 1885 1626 1937 ituros
1655 1880 1837 1945 fuisse,
1866 1887 1922 1934 et
1949 1877 2057 1931 illic

484 1981 831 2047 habitaturus,
865 1981 965 2034 nisi
989 1978 1238 2034 Archelai
1268 1975 1551 2046 praesentia
1583 1980 1927 2029 terrerentur.
1948 1969 2057 2024 Ne-

485 2088 590 2143 que
614 2073 754 2128 enim
783 2072 1030 2126 divinitus
1050 2069 1370 2138 jubebantur
1399 2067 1469 2121 ibi
1495 2064 1753 2143 habitare,
1788 2072 1844 2117 ut
1864 2061 1932 2116 de
1960 2061 2061 2116 Ar-

487 2141 672 2218 chelao
701 2161 839 2229 quod
870 2159 1124 2214 timebant
1147 2156 1403 2212 deberent
1431 2141 1791 2210 contemnere.

407 2303 412 2308 .
487 2251 713 2310 CAPUT
751 2250 821 2305 Χ.
850 2280 920 2290 -
947 2247 1209 2313 Quomodo
1245 2246 1412 2300 Lucas
1447 2244 1587 2311 dicit,
1627 2244 1778 2299 lbant
1813 2249 2062 2312 parentes

560 2346 677 2414 ejus
707 2359 800 2414 per
826 2357 1010 2397 omnes
1038 2354 1208 2395 annos
1239 2339 1290 2393 in
1321 2337 1612 2392 Jerusalem
1641 2335 1695 2389 in
1723 2334 1808 2389 die
1832 2332 2059 2389 solemni

560 2436 778 2493 Pascha:
805 2451 918 2489 cum
951 2432 1042 2487 illo
1066 2448 1253 2502 puero;
1294 2446 1409 2484 cum
1440 2429 1576 2481 dicat
1614 2424 1886 2481 Matthceus
1927 2422 2062 2494 quod

519 2531 524 2536 ’
559 2538 692 2582 metu
712 2523 1220 2580 Arclielai'timuerint
1232 2521 1353 2574 illuc
1367 2520 1441 2573 ire
1455 2519 1516 2572 ab
1533 2515 1763 2591 {Egyth
1779 2516 2060 2593 redeuntes.

559 2619 648 2674 23.
690 2621 774 2672 An
801 2624 856 2671 et
887 2616 990 2670 hoc
1029 2613 1218 2683 aliquis
1255 2611 1417 2666 dicit:
1441 2609 1718 2678 Quomodo
1753 2621 1901 2678 ergo,
1929 2608 2067 2662 sicut

493 2713 664 2768 Lucas
698 2718 896 2772 narrat,
929 2708 1073 2761 ibant
1104 2713 1348 2775 parentes
1369 2703 1505 2776 pejus
1537 2716 1635 2772 per
1675 2714 1862 2755 omnes
1898 2714 2066 2753 annos

493 2801 728 2872 pueritia:
754 2797 946 2852 Christi
977 2797 1030 2850 in
1048 2794 1365 2860 Jerusalem,
1389 2793 1434 2847 si
1463 2791 1708 2846 Archelai
1732 2791 1919 2865 timore
1945 2791 2069 2844 illuc

494 2891 907 2964 prohibebantur
926 2881 1218 2942 accedere?
1242 2884 1352 2938 Hoc
1379 2884 1507 2937 mihi
1531 2882 1824 2936 dissolvere
1855 2895 1957 2934 non
1979 2894 2068 2934 es-

496 2982 837 3046 setdil‘licile,
865 2996 964 3034 nec
989 2980 1034 3033 si
1063 2977 1252 3048 aliquis
1289 2975 1740 3045 Evangelistarum
1779 2973 2071 3042 expressis-

498 3082 599 3139 set,
629 3073 876 3144 quamdiu
899 3071 967 3125 ibi
998 3077 1244 3137 regnaret
1264 3066 1741 3133 Archelaus._Fieri
1761 3066 1904 3119 enim
1933 3073 2074 3133 pote-

501 3176 584 3220 rat
615 3174 672 3219 ut
700 3179 793 3234 per
820 3163 961 3216 diem
1005 3160 1195 3214 festum
1225 3159 1362 3212 inter
1402 3164 1511 3211 tam
1555 3157 1819 3226 ingentem
1865 3156 2072 3210 turbam

499 3258 726 3312 latenter
751 3254 1122 3320 ascenderem,
1165 3267 1286 3306 mox
1321 3250 1606 3316 reversuri,
1634 3248 1726 3304 ubi
1756 3258 1930 3302 tamen
1959 3247 2076 3302 aliis

501 3348 686 3404 diebus
720 3346 956 3401 habitare
991 3351 1326 3398 metuerent:
1359 3349 1418 3396 ut
1449 3356 1549 3396 nec
1579 3339 1912 3394 solemnitate
1942 3353 2079 3408 pra:-

504 3438 749 3494 termissa
794 3444 973 3490 essent
1011 3433 1308 3501 irreligiosi,
1361 3446 1458 3486 nec
1504 3430 1752 3485 continua
1803 3430 2080 3484 mansione

503 3529 792 3600 conspicui.
824 3528 955 3582 Cum
993 3541 1119 3581 vero
1145 3526 1302 3580 etiam
1342 3524 1408 3579 de
1443 3539 1608 3594 regno
1634 3523 1881 3578 Archelai
1919 3537 2078 3592 quam

503 3621 659 3676 fuerit
675 3620 1000 3682 diuturnum,
1025 3630 1208 3670 omnes
1229 3615 1505 3678 tacuerint,
1528 3614 1626 3668 iste
1641 3627 1848 3684 quoque
1869 3612 2081 3668 intelle-

504 3722 621 3766 ctus
646 3717 807 3779 patet,
843 3707 1066 3778 utquod
1107 3707 1275 3760 Lucas
1309 3705 1436 3760 dicit
1458 3719 1554 3774 per
1581 3719 1766 3759 omnes
1796 3718 1964 3759 annos
1987 3717 2082 3759 eos

505 3800 796 3857 ascendere
825 3799 1011 3854 solitos
1043 3799 1092 3851 in
1120 3797 1413 3852 Jerusalem
1441 3795 1590 3866 (Luc.
1617 3811 1672 3859 ιι,
1706 3794 1819 3868 All),
1847 3802 1972 3849 tunc
1995 3809 2084 3848 ac-

506 3891 762 3960 cipiamus
797 3887 1108 3953 factitatum,
1151 3902 1269 3941 cum
1297 3887 1407 3957 jam
1441 3901 1546 3940 non
1588 3885 1860 3939 timeretur
1885 3883 2085 3940 Arche;

509 3979 646 4034 laus.
678 3978 830 4045 Quod
871 3978 916 4032 si
958 3977 1200 4033 Archelai
1233 3992 1451 4046 regnum
1481 3977 1749 4044 aliquanto
1786 3975 2084 4051 diuturnius

510 4070 614 4126 ulla
644 4080 834 4139 praeter
866 4069 1206 4138 Evangelium
1245 4067 1417 4135 prodit
1441 4067 1679 4131 historia,
1708 4068 1792 4121 cui
1829 4067 1960 4122 ﬁdes
1989 4066 2084 4120 ha-l

510 4161 682 4218 benda
715 4161 985 4228 videatur;
1023 4159 1151 4214 illud
1178 4158 1320 4230 quod
1359 4159 1602 4227 superius
1643 4158 1756 4212 dixi
1796 4157 2081 4226 suffecerit,

509 4255 650 4326 quod
682 4255 750 4310 ita
779 4254 1033 4308 timebant
1058 4261 1303 4323 parentes
1330 4251 1478 4320 pueri
1509 4251 1886 4306 habitationem
1914 4252 1966 4306 in
1999 4249 2088 4306 Je-

510 4347 762 4410 rusalem,
797 4354 852 4399 nt
889 4354 1065 4398 tamen
1098 4353 1312 4412 prepter
1355 4341 1445 4396 Dei
1475 4342 1718 4397 timorem
1749 4341 2086 4398 festivitatem

511 4437 805 4490 solemnem
851 4450 954 4489 non
985 4433 1472 4504 praetermitterent,
1509 4432 1560 4486 in
1601 4449 1703 4502 qua
1730 4434 1897 4488 latere
1933 4432 2086 4488 facil-

511 4527 639 4582 lime
683 4535 943 4596 possent:
974 4539 1146 4594 neque
1185 4525 1326 4579 enim
1373 4524 1684 4579 incredibile
1725 4535 1826 4590 est,
1867 4526 2088 4595 captatis

513 4619 848 4689 temporibus
868 4617 1178 4688 opportunis
1198 4617 1280 4671 vel
1305 4615 1511 4671 dierum
1531 4617 1612 4670 vel
1640 4616 1910 4680 horarum,
1932 4631 2086 4672 acce-

512 4714 640 4768 dere
667 4712 910 4767 homines
930 4710 996 4766 ad
1020 4725 1082 4765 ea
1103 4709 1217 4764 loca
1240 4710 1292 4764 in
1319 4710 1509 4780 quibus
1531 4725 1652 4765 esse
1680 4708 1981 4764 formidant.

510 4803 737 4861 CAPUT
777 4801 865 4857 XI.
897 4831 970 4843 -—
999 4801 1260 4868 Quomodo
1303 4801 1586 4872 potuerint,
1631 4799 1886 4872 completis
1919 4799 2091 4856 diebus

584 4885 898 4968 purgationis
938 4894 1112 4948 matris
1141 4891 1345 4959 Christi,
1385 4894 1514 4946 sicut
1551 4890 1716 4945 Lucas
1741 4892 1878 4956 dicit,
1914 4908 2091 4945 ascen-

583 4989 701 5041 dere
733 5003 848 5040 cum
876 4984 966 5040 illo
993 4987 1044 5039 in
1070 4985 1310 5055 templum
1354 4983 1419 5035 ad
1445 4983 1730 5053 peragenda
1757 4982 2017 5046 solemnia,
2049 4983 2093 5037 si

583 5077 857 5130 secundum
888 5074 1188 5128 Mattlueum
1211 5074 1316 5141 iam
1342 5070 1564 5139 Herodi,
1597 5089 1686 5143 per
1719 5071 1898 5142 Magos
1922 5082 2094 5127 notum

583 5178 690 5224 erat
709 5185 824 5222 eum
844 5178 1039 5235 natum,
1066 5183 1157 5238 pro
1185 5183 1302 5236 quo,
1330 5181 1445 5219 cum
1473 5181 1585 5218 eum
1612 5174 1873 5236 qutereret,
1907 5173 1978 5219 ιοι
2004 5182 2093 5220 οε-

583 5263 704 5316 cidit
733 5262 970 5332 infantes.

583 5354 672 5408 24.
717 5352 850 5406 Hinc
895 5351 1054 5405 etiam
1104 5349 1193 5403 illa
1236 5347 1457 5403 solvitur
1489 5347 1732 5417 quaestio,
1781 5346 1825 5400 si
1865 5346 2094 5417 aliquem

514 5453 713 5509 movet,
749 5459 869 5498 cum
899 5443 1009 5512 jam
1053 5440 1312 5495 sollicitus
1345 5447 1488 5494 esset
1528 5439 1616 5493 ille
1658 5438 1826 5507 major
1858 5439 2095 5494 Herodes

514 5537 792 5608 perculsus
821 5535 1088 5606 Magorum
1132 5534 1336 5597 nuntio,
1367 5531 1507 5602 quod
1537 5548 1629 5587 rex
1669 5531 1972 5588 Jndaeorum
2000 5548 2095 5587 na-

518 5639 603 5684 tus
633 5629 836 5696 fuisset,
870 5629 1136 5699 quomodo
1172 5628 1438 5698 potuerint
1460 5628 1739 5700 completis
1761 5628 1945 5684 diebus
1968 5643 2096 5698 pur-

519 5725 752 5798 gationis
794 5725 977 5781 matris
1003 5723 1119 5795 ejus
1158 5733 1270 5779 tnto
1292 5738 1411 5778 cum
1439 5723 1531 5778 illo
1569 5724 1856 5779 ascendere
1884 5724 1936 5777 in
1964 5732 2095 5777 tem-

518 5816 691 5894 plum,
713 5827 772 5876 ut
799 5817 988 5876 ﬁerent
1013 5817 1154 5876 circa
1179 5831 1302 5876 eum
1336 5815 1628 5875 secundum
1659 5814 1856 5890 Legem
1880 5815 2094 5874 Domini

1261 403 1351 462 DE
1400 396 1749 461 CONSENSU
1795 386 2434 458 EVANGELISTARUM,
2463 386 2521 444 S.
2560 383 2926 445 AUGUSTINI

3583 379 3724 440 1088

2155 537 2274 592 quae
2298 521 2466 577 Lucas
2486 527 2882 576 commemorat.
2906 518 3035 586 Quis
3058 518 3199 575 enim
3222 531 3328 573 non
3348 516 3543 584 videat,
3566 517 3726 573 etiam

2153 611 2298 666 illum
2329 628 2489 666 unum
2517 611 2656 666 diem
2684 625 2860 680 regem
2890 608 3070 680 multis
3089 616 3401 678 occupatum
3431 607 3598 662 latere
3629 621 3729 676 po-

2136 703 2352 774 tuisse?
2393 702 2448 758 Si
2479 712 2654 758 autem
2699 701 2827 756 illud
2857 697 3143 756 verisimile
3186 715 3288 754 non
3331 699 3556 765 videtur,
3586 698 3728 768 quod

2155 779 2392 851 Herodes
2439 796 2527 865 qui
2572 794 2720 849 valde
2759 794 3013 847 sollicitus
3053 791 3414 861 eXSpectabat,
3458 790 3584 861 quid
3627 789 3728 844 sibi

2158 888 2291 957 Magi
2313 887 2380 941 de
2412 901 2574 956 puero
2602 885 2984 948 renuntiarent,
3022 892 3142 952 post
3168 891 3272 938 tam
3315 883 3506 937 multos
3529 881 3642 934 dies
3671 894 3731 933 se

2155 979 2322 1033 sensit
2346 977 2582 1042 illusum,
2610 984 2666 1029 ut
2693 983 2956 1029 transacto
2995 982 3233 1042 tempore
3259 970 3588 1044 purgationis
3615 985 3733 1024 ma-

2142 1062 2268 1146 tris
2291 1069 2515 1137 ejus,.et
2543 1074 2756 1137 peracta
2783 1065 2923 1119 circa
2966 1062 3220 1118 infantem
3261 1061 3596 1116 solemnitate
3626 1060 3736 1128 pri-

2156 1159 2538 1228 mogenitorum
2574 1157 2624 1209 in
2656 1155 2853 1224 templo
2891 1153 3203 1217 Jerusalem,
3245 1160 3366 1222 post
3401 1151 3561 1206 etiam
3607 1164 3734 1216 pro-

2159 1249 2445 1305 fectionem
2472 1262 2656 1303 eorum
2683 1247 2735 1326 in
2756 1245 3066 1316 Egyptum,
3094 1245 3146 1298 in
3171 1253 3401 1298 mentem
3432 1241 3506 1295 illi
3530 1237 3739 1294 venerit

2145 1329 2396 1411 quaerere
2427 1327 2664 1392 animam
2708 1337 2878 1407 pueri,
2924 1343 2979 1390 et
3019 1348 3211 1390 necare
3250 1341 3328 1387 tot
3371 1329 3619 1401 parvulos
3651 1328 3739 1383 :‘si

2160 1434 2263 1488 hoc
2289 1446 2417 1502 ergo
2441 1439 2637 1498 movet,
2667 1429 2856 1484 omitto
2887 1428 3064 1483 dicere
3088 1432 3220 1498 quot
3245 1433 3300 1480 et
3335 1425 3546 1495 quantis
3573 1436 3738 1476 occu—

2161 1519 2460 1598 pationibus
2490 1525 2631 1596 regia
2652 1525 2788 1578 cura
2821 1521 3052 1576 distendi
3083 1519 3332 1589 potuerit,
3364 1525 3415 1572 et
3445 1531 3540 1586 per
3570 1513 3740 1586 ριυτι.

2159 1634 2276 1675 mos
2295 1619 2407 1674 dies
2433 1618 2500 1673 ab
2529 1616 2615 1672 illa
2644 1615 2934 1670 intentione
2957 1613 3039 1668 vel
3070 1611 3234 1666 averti
3257 1604 3610 1681 omnino,vel
3635 1606 3740 1658 im-

2161 1710 2348 1781 pediri.
2380 1709 2561 1778 Neque
2585 1709 2728 1763 enim
2753 1704 3057 1762 enumerari
3095 1709 3316 1773 possunt
3348 1714 3524 1755 causa:
3548 1691 3741 1768 quibus

2162 1803 2264 1857 hoc
2290 1804 2516 1871 potuerit
2548 1799 2820 1864 accidere;
2849 1813 2980 1868 quas
3005 1805 3180 1850 tamen
3216 1793 3412 1849 multas
3435 1801 3489 1848 et
3521 1805 3744 1859 magnas

2162 1907 2282 1949 esse
2313 1893 2548 1964 potuisse
2578 1904 2736 1946 nemo
2763 1890 2832 1944 ita
2853 1903 3032 1942 rerum
3062 1886 3412 1940 humanarum
3433 1881 3745 1964 inexpertus

2160 1972 2264 2052 est,
2291 1962 2351 2042 ut
2374 1995 2465 2040 aut
2490 1993 2667 2056 neget,
2702 1990 2793 2037 aut
2821 1981 3045 2036 dubitet.
3077 1979 3240 2050 Cujus
3264 1977 3406 2032 enim
3436 1962 3746 2044 cogitationi

2163 2065 2272 2133 non
2297 2073 2562 2142 occurrat,
2588 2067 2746 2146 quam
2785 2073 2950 2128 multa
2989 2071 3090 2125 alia
3115 2069 3430 2125 terribiliora
3461 2057 3583 2136 regi
3604 2081 3748 2120 nun-

2165 2169 2285 2224 tiari
2314 2169 2582 2239 potuerint
2607 2181 2702 2221 seu
2728 2180 2854 2220 vera
2883 2180 2975 2218 seu
2997 2162 3150 2227 falsa,
3175 2160 3339 2230 utqui
3369 2172 3546 2227 regem
3570 2155 3748 2210 infan-

2166 2269 2274 2317 tem
2300 2269 2420 2328 post
2451 2258 2652 2327 aliquot
2679 2270 2847 2310 annos
2883 2251 2984 2308 sibi
3011 2253 3096 2308 vel
3125 2252 3243 2306 ﬁliis
3279 2252 3391 2305 suis
3431 2248 3747 2302 adversatu~

2165 2365 2284 2406 rum
2317 2350 2583 2412 timuerat,
2622 2346 2918 2414 aliquorum
2953 2343 3119 2414 magis
3149 2338 3612 2411 propinquantium
3635 2337 3749 2406 'pe-

2167 2423 2454 2498 ricnlorum
2494 2439 2783 2495 terroribus
2825 2438 3070 2507 agitatus,
3109 2435 3177 2490 ab
3215 2427 3318 2489 illa
3345 2449 3472 2489 cura
3514 2442 3748 2486 mentem

2167 2533 2440 2602 abreptam
2465 2532 2519 2586 in
2547 2520 2665 2585 aliis
2690 2529 2930 2599 proxime
2949 2526 3201 2582 cavendis
3228 2525 3404 2596 potius
3427 2521 3750 2593 occuparet?

2169 2621 2240 2678 Ut
2266 2613 2398 2691 ergo
2439 2622 2553 2674 haec
2581 2620 2844 2682 omittam,
2878 2618 3005 2672 illud
3048 2616 3190 2682 dico,
3232 2623 3576 2685 posteaquam
3617 2611 3752 2666 nihil

2170 2712 2369 2768 Herodi
2411 2712 2546 2781 Magi
2591 2710 3048 2775 renuntiaverunt,
3095 2723 3214 2762 eum
3245 2707 3462 2762 credere
3491 2705 3749 2775 potuisse,

2173 2805 2291 2859 illos
2321 2804 2489 2858 fallaci
2519 2803 2686 2858 stella:
2727 2803 2928 2859 visione
2954 2801 3226 2870 deceptos,
3263 2809 3606 2870 posteaquam
3643 2813 3751 2853 non

2173 2894 2489 2950 invenerunt
2524 2909 2679 2963 quem
2712 2902 2891 2946 natum
2925 2900 3256 2960 putaverant,
3286 2890 3562 2945 erubuisse
3599 2889 3662 2942 ad
3693 2904 3754 2943 se

2174 2984 2369 3050 redire,
2401 2996 2561 3055 atque
2592 2985 2660 3038 ita
2708 2998 2826 3038 eum
2872 2984 3060 3038 timore
3089 2981 3308 3051 depulso
3333 2981 3400 3034 ab
3439 2979 3754 3050 inquirendo

2176 3089 2238 3130 ac
2269 3074 2636 3144 persequendo
2661 3089 2824 3143 puero
2850 3072 3133 3141 quievisse.
3157 3071 3287 3125 Cum
3324 3085 3451 3141 ergo
3476 3080 3598 3138 post
3631 3087 3759 3139 pur-

2177 3165 2443 3236 gationem
2471 3165 2653 3218 matris
2673 3164 2787 3233 ejus
2809 3165 2860 3218 in
2890 3163 3184 3218 Jerusalem
3207 3177 3326 3217 cum
3356 3162 3444 3216 illo
3463 3163 3758 3227 venissent,

2178 3264 2234 3312 et
2259 3271 2320 3312 ea
2351 3265 2496 3326 gesta
2535 3264 2715 3310 essent
2747 3255 2799 3309 in
2842 3254 3060 3322 templo,
3089 3269 3208 3323 quae
3248 3268 3276 3306 a
3308 3254 3448 3309 Luca
3475 3263 3763 3308 narrantur

2181 3345 2330 3418 (Luc.
2361 3362 2420 3410 ιι,
2442 3344 2653 3415 22-39).
2683 3346 2806 3415 quia
2831 3346 2995 3400 verba
3019 3344 3284 3400 Simeonis
3309 3353 3364 3400 et
3390 3345 3555 3398 Anna:
3581 3344 3650 3398 de
3671 3343 3765 3398 illo

2182 3440 2636 3511 prophetantium,
2661 3427 2787 3493 cum
2828 3439 3116 3508 coepissent
3142 3437 3208 3491 ab
3251 3437 3329 3492 eis
3357 3438 3443 3506 qui
3482 3435 3767 3491 audierant

2183 3531 2481 3602 przedicari,
2513 3529 2576 3583 ad
2601 3530 2874 3598 pristinam
2903 3529 3248 3585 intentionem
3277 3534 3586 3583 revocatura
3607 3533 3768 3581 erant

2185 3625 2418 3678 animum
2451 3621 2610 3692 regis,
2651 3620 2952 3675 admonitus
2984 3635 3076 3690 per
3117 3619 3382 3674 somnium
3416 3617 3616 3688 Joseph
3641 3632 3770 3672 cum

2186 3711 2388 3767 infante
2411 3720 2464 3766 et
2492 3720 2661 3766 matre
2689 3711 2804 3779 ejus
2835 3702 2964 3779 fugit
2987 3711 3040 3764 in
3066 3709 3378 3781 ngyptum.
3421 3709 3623 3764 Deinde
3645 3709 3771 3764 vnl-

2185 3805 2322 3874 gatis
2366 3801 2546 3869 rebus,
2577 3815 2694 3871 quae
2734 3801 2788 3854 in
2821 3801 3018 3870 templo
3060 3801 3214 3856 factm
3238 3800 3500 3870 dictasque
3530 3799 3765 3863 fuerant,

2189 3895 2425 3970 Herodes
2469 3909 2531 3950 se
2579 3908 2612 3947 a
2651 3891 2816 3962 Magis
2867 3893 3033 3948 sensit
3068 3893 3308 3957 illusum;
3350 3901 3414 3946 ae
3459 3891 3650 3948 deinde
3699 3890 3772 3945 ad

2187 3984 2384 4040 Christi
2424 3973 2906 4057 mortem'cupicns
2943 3983 3243 4054 pervenire,
3286 3983 3481 4037 multos
3516 3981 3772 4047 infantes,

2189 4077 2326 4132 Sicut
2353 4075 2627 4130 Matthmus
2655 4085 2855 4140 narrat,
2877 4076 3068 4131 occidit
3093 4073 3303 4146 (Matth.
3332 4091 3388 4139 ιι,
3415 4073 3590 4144 5-16).

2190 4166 2270 4222 CA
2282 4165 2414 4223 PUT
2451 4165 2566 4220 XII.
2593 4196 2664 4206 —
2689 4165 2767 4220 De
2789 4167 2945 4221 verbis
2963 4165 3180 4221 Joannis
3201 4168 3329 4221 inter
3347 4183 3517 4221 omnes
3536 4154 3773 4236 quatuor.

2259 4257 2349 4312 25.
2391 4256 2666 4311 Matthaaus
2693 4271 2821 4312 vero
2845 4258 2912 4313 de
2936 4257 3138 4313 Joanne
3169 4259 3236 4312 ita
3270 4260 3538 4314 contexit:
3567 4259 3636 4312 In
3660 4260 3777 4312 die-

2192 4353 2282 4403 bus
2299 4337 2477 4402 autem.
2494 4348 2599 4403 illis
2631 4349 2760 4402 venit
2789 4347 3014 4404 Joannes
3049 4348 3280 4420 Baptista
3304 4350 3586 4420 praedicans
3607 4350 3660 4402 in
3688 4353 3782 4402 de-

2193 4450 2325 4496 serto
2353 4437 2568 4504 Judatce,
2605 4449 2650 4492 et
2687 4440 2854 4492 dicens
2877 4456 2896 4492 :
2925 4436 3279 4493 Paenitentiam
3315 4441 3463 4510 agite,
3493 4441 3781 4509 apprOpin-

2191 4530 2359 4601 quavit
2397 4533 2530 4582 enim
2569 4545 2781 4599 regnum
2816 4528 3073 4583 ccelorum.
3109 4527 3208 4582 Hic
3233 4539 3304 4583 est
3337 4531 3466 4583 enim
3495 4531 3582 4601 qui
3611 4531 3781 4584 dictus

2193 4631 2266 4676 est
2297 4627 2384 4690 per
2413 4618 2607 4674 Isaiam
2647 4613 2940 4690 prophetam
2975 4619 3257 4673 dicentem:
3295 4617 3406 4674 Vox
3431 4621 3697 4674 clamantis
3722 4621 3782 4674 iu

2195 4713 2407 4779 deserto,
2441 4711 2628 4765 Parate
2663 4715 2793 4764 uiam
2818 4709 3039 4776 Domini,
3070 4723 3230 4766 rectas
3256 4713 3405 4781 facite
3431 4713 3632 4767 semitas
3667 4715 3783 4784 ejus

2199 4801 2308 4874 (Id.
2343 4817 2419 4865 ιιι,
2450 4802 2592 4871 1-5).
2638 4802 2843 4856 Marcus
2879 4816 3090 4871 quoque
3127 4810 3181 4856 et
3221 4801 3391 4856 Lucas
3436 4805 3783 4859 consentiunt

2199 4893 2301 4947 hoc
2326 4892 2474 4947 Isaia:
2505 4892 2867 4946 testimonium
2889 4906 3008 4945 esse
3037 4890 3102 4945 de
3128 4891 3332 4947 Joanne
3359 4891 3548 4964 (Marc.
3580 4908 3619 4958 ι,
3648 4893 3701 4956 5,
3731 4904 3781 4946 et

2195 4983 2322 5037 Luc.
2359 4999 2437 5049 ιιι,
2467 4983 2545 5053 4).
2576 4981 2705 5037 Nam
2733 4983 2876 5051 plura
2908 4982 3067 5036 verba
3110 4985 3269 5038 etiam
3307 4983 3683 5053 consequentia
3713 5001 3782 5038 ex

2197 5075 2384 5131 eodem
2412 5075 2672 5146 pr0pheta
2709 5072 2880 5128 Lucas
2919 5074 3376 5148 commemoravit,
3407 5089 3529 5129 cum
3568 5075 3635 5128 de
3676 5075 3783 5130 Ba«

2200 5169 2355 5239 ptista
2399 5166 2602 5221 Joanne
2649 5174 2906 5220 narraret.
2947 5164 3184 5221 Joannes
3223 5175 3401 5220 autem
3451 5167 3784 5236 evangelista

2199 5259 2370 5330 ipsum
2399 5256 2654 5312 Joannem
2687 5257 2976 5326 Baptistam
3014 5255 3081 5312 de
3127 5257 3307 5327 seipso
3348 5257 3490 5314 idem
3537 5260 3786 5314 testimo-

2200 5350 2546 5406 nium‘lsaiae
2594 5350 2875 5419 protulisse
2917 5360 3299 5405 commemorat
3344 5349 3520 5422 (Joau.
3564 5367 3602 5413 ι,
3646 5350 3781 5422 25):

2201 5445 2336 5499 sicut
2357 5459 2494 5497 nunc
2512 5442 2788 5497 Matthaaus
2808 5444 2938 5498 dixit
2957 5443 3197 5514 quaedam
3219 5444 3440 5499 Joannis
3461 5445 3641 5507 verba,
3665 5460 3786 5514 qua:

2207 5536 2294 5588 alii
2316 5550 2420 5588 non
2440 5534 2706 5589 dixerunt.
2727 5534 3045 5604 Praedicans,
3067 5536 3258 5606 inquit,
3279 5537 3331 5590 in
3347 5537 3542 5592 deserto
3561 5537 3782 5607 Judww,

2197 5636 2250 5682 et
2279 5628 2448 5681 dicens
2474 5645 2493 5682 :
2522 5626 2875 5682 Paenitentiam
2909 5630 3056 5700 agite,
3089 5631 3508 5702 appr-apinquavit
3541 5631 3674 5686 enim
3700 5647 3787 5686 re-

2207 5740 2360 5797 gnum
2405 5723 2640 5777 cazlorum
2665 5739 2685 5778 :
2709 5722 2826 5778 haec
2857 5723 3016 5778 verba
3043 5723 3261 5780 Joannis
3297 5724 3384 5780 alii
3429 5726 3786 5796 prmtermisc-

2208 5824 2352 5878 runt.
2387 5816 2504 5876 Jam
2533 5831 2659 5876 vero
2695 5816 2836 5892 quod
2872 5817 3113 5892 sequitur
3133 5817 3410 5878 Mattheus
3441 5825 3497 5877 et
3521 5818 3784 5892 adiungit,
