4082 6470
303 416 328 469 1
340 414 442 472 089

308 532 408 590 llic
447 537 516 584 est
546 527 679 584 enim
706 527 790 598 qui
819 524 979 581 dictus
1023 531 1093 581 est
1128 527 1216 593 per
1241 520 1532 594 praphelam
1569 517 1764 574 Isaiam
1800 518 1881 571 di—

303 635 495 680 centem
525 638 543 677 :
578 620 689 676 Vox
724 621 987 675 clamantis
1030 619 1081 673 in
1122 617 1336 682 deserto,
1372 613 1560 669 Parate
1600 614 1731 666 viam
1770 610 1882 665 Do-

304 716 451 782 mini,
481 724 639 769 rectas
661 713 812 781 facite
848 712 1049 767 semitas
1079 709 1209 781 ejus,
1239 707 1482 777 ambigue
1516 706 1741 776 positum
1776 713 1879 769 est,

304 823 405 864 nec
435 807 608 861 elucet
638 813 813 857 utrum
844 818 908 858 ex
940 815 1165 871 persona
1190 814 1282 854 sua
1310 798 1448 853 idem
1481 797 1756 851 Matthzeus
1783 795 1887 849 hoc

304 894 831 958 commemoraverit,
855 909 920 946 an
946 892 1118 947 adhuc
1132 891 1289 946 verba
1309 890 1544 960 ejusdem
1562 888 1778 943 Joannis
1799 901 1888 941 se-

305 999 463 1045 cutus
491 985 813 1055 adiunxerit,
845 993 902 1039 ut
931 992 1099 1039 totum
1128 982 1228 1037 hoc
1255 981 1485 1036 Joannes
1510 980 1705 1034 dixisse
1732 977 1888 1032 intel—

305 1083 518 1151 ligatur,
544 1078 896 1133 Paenitentiam
915 1078 1068 1147 agite,
1091 1074 1511 1145 appropinquavit
1532 1073 1661 1126 enim
1682 1086 1891 1140 regnum

306 1172 546 1226 caelorum
569 1186 587 1225 :
614 1169 694 1223 hic
716 1177 787 1222 est
811 1168 942 1222 enim
964 1168 1047 1233 qui
1068 1165 1230 1219 dictus
1257 1173 1329 1217 est
1353 1181 1441 1234 per
1461 1162 1653 1216 Isaiam
1678 1163 1895 1231 prophe-

307 1272 432 1324 tam,
459 1270 513 1316 et
537 1267 749 1314 cmtera.
789 1258 970 1327 Neque
1012 1256 1153 1310 enim
1186 1256 1286 1309 hoc
1329 1270 1542 1309 movere
1564 1250 1887 1323 'debet'quia

306 1366 415 1409 non
453 1352 545 1415 ait,
576 1352 685 1420 Ego
727 1364 841 1403 sum
883 1349 1045 1411 enim,
1073 1348 1160 1417 qui
1207 1346 1379 1401 dictus
1420 1362 1536 1400 smn
1580 1362 1673 1414 per
1700 1343 1893 1397 Isaiam

308 1445 622 1515 prophetam
646 1459 658 1506 ;
686 1441 781 1497 sed
810 1441 900 1502 ait,
933 1438 1032 1519 Hic
1052 1447 1123 1493 est
1150 1439 1299 1519 enim,
1329 1438 1412 1509 qui
1434 1438 1595 1491 dictus
1622 1444 1713 1489 est.
1748 1434 1896 1489 Solet

319 1535 517 1604 quippe
542 1548 659 1586 esse
685 1532 805 1585 talis
833 1528 1028 1584 locutio
1047 1531 1062 1560 ¹
1093 1538 1146 1583 et
1176 1529 1408 1598 ipsorum
1439 1527 1894 1597 Evangelistarum

311 1626 543 1680 Matthaai
582 1633 633 1678 et
661 1622 897 1677 Joannis.
935 1621 1065 1675 Nam
1104 1629 1157 1675 et
1183 1620 1459 1674 Mattlneus
1502 1618 1652 1680 dixit,
1690 1615 1898 1670 Invenit

320 1717 572 1770 hominem
594 1715 843 1772 sedentem
865 1714 917 1766 in
948 1712 1130 1765 telonio
1162 1711 1371 1783 (Matth.
1403 1726 1478 1776 xx,
1504 1710 1596 1781 9);
1627 1724 1723 1764 nec
1742 1708 1895 1776 dixit,

308 1807 515 1862 lnvenit
562 1822 648 1861 me
683 1824 695 1860 :
734 1815 786 1860 et
824 1805 1076 1869 Joannes,
1111 1802 1212 1856 Hic
1246 1812 1339 1870 est,
1387 1803 1578 1872 inquit,
1616 1802 1898 1871 discipulus

318 1899 406 1968 qui
429 1898 765 1952 testimonium
802 1893 1023 1966 perhibet
1055 1896 1117 1947 de
1140 1893 1238 1958 his,
1272 1902 1317 1945 et
1345 1893 1543 1962 scripsit
1570 1891 1710 1955 hazc;
1738 1901 1785 1946 et
1804 1892 1901 1944 sci-

310 2004 422 2041 mus
447 1988 564 2066 quia
592 2002 761 2039 verunt
789 1994 859 2038 est
891 1985 1225 2038 testimonium
1264 1984 1370 2053 ejus
1411 1981 1586 2054 (Joan.
1616 1997 1734 2047 ιιι,
1770 1981 1895 2051 2i);

309 2094 419 2134 non
435 2072 584 2134 dixit.
605 2077 714 2145 Ego
729 2090 871 2142 sum,
887 2083 995 2140 aut,
1017 2074 1207 2128 Verum
1225 2084 1305 2127 est
1324 2074 1679 2126 testimonium
1699 2087 1895 2126 meum.

310 2168 567 2224 Dominus
595 2176 768 2220 autem
799 2168 911 2235 ipse
951 2164 1241 2235 smpissime
1276 2156 1425 2227 dicit,
1458 2163 1618 2236 Filius
1667 2162 1898 2218 hominis

311 2259 525 2331 (Matth.
556 2274 633 2321 Ix,
658 2257 711 2325 6,
735 2268 781 2311 et
809 2273 919 2320 xvr,
941 2257 1052 2327 27),
1078 2263 1167 2308 aut
1192 2253 1357 2309 Filius
1382 2256 1471 2308 Dei
1496 2253 1672 2327 (Joan.
1699 2271 1750 2321 v,
1774 2254 1894 2325 25);

319 2358 375 2406 et
419 2366 522 2404 non
565 2349 713 2416 dicit,
754 2346 866 2417 Ego
897 2365 908 2401 :
940 2355 1012 2405 et.
1062 2345 1354 2416 Oportebat,
1403 2346 1591 2415 inquit,
1644 2345 1899 2401 Christum

313 2442 421 2512 pati
459 2449 505 2494 et
539 2455 796 2510 resurgere
824 2455 854 2491 a
893 2436 1100 2491 mortuis
1137 2436 1279 2489 tertio
1306 2435 1386 2487 die
1409 2435 1555 2503 (Luc.
1590 2451 1737 2501 xxiv,
1770 2436 1895 2502 46);

312 2545 420 2584 non
461 2530 554 2596 ait,
589 2528 882 2598 Oportebat
912 2542 997 2582 me
1029 2527 1152 2596 pati.
1196 2527 1373 2580 Potuit
1410 2541 1537 2597 ergo
1567 2537 1619 2581 et
1662 2526 1899 2583 Joannes

310 2621 568 2690 Baptista,
604 2635 723 2674 cum
764 2619 1004 2681 dixisset,
1034 2617 1182 2688 Agite
1218 2618 1577 2687 paenitentiam,
1611 2619 1895 2689 appropin-

313 2712 484 2783 quavit
510 2708 651 2765 enini
666 2727 872 2782 regnum
892 2711 1151 2776 canorum,
1175 2708 1242 2764 de
1270 2710 1446 2779 seipse
1469 2709 1755 2780 adjungere
1779 2726 1898 2781 quae

312 2813 623 2873 sequuntur,
673 2802 771 2856 Hic
799 2810 871 2857 est
891 2802 1020 2855 enim
1050 2802 1135 2870 qui
1165 2802 1326 2854 dictus
1351 2810 1421 2856 est
1452 2818 1540 2871 per
1558 2800 1749 2856 Isaiam
1773 2819 1896 2873 pro-

314 2894 535 2963 phetam,
558 2902 684 2958 etc.,
713 2903 768 2947 ut
791 2902 911 2965 post
935 2895 1093 2947 verba
1120 2893 1234 2961 ejus
1250 2891 1529 2947 Mattlneus
1546 2892 1614 2946 ita
1640 2894 1898 2949 narratio-

318 2999 444 3038 nem
470 2992 737 3051 contexat,
757 2982 782 3036 1
791 2999 876 3053 pse
898 2992 1062 3037 autem
1082 2982 1305 3036 Joannes
1326 2982 1534 3037 habebat
1554 2984 1899 3039 vestimentum

313 3075 376 3128 de
396 3074 513 3144 pilis
528 3076 848 3139 camelorum,
870 3082 974 3128 etc.
995 3072 1146 3140 Quod
1174 3074 1216 3128 si
1240 3073 1308 3127 ita
1325 3083 1427 3140 est,
1451 3089 1555 3128 non
1574 3074 1764 3129 mirum
1782 3076 1899 3131 siet

312 3166 666 3235 interrogatus
681 3165 803 3234 quid
817 3165 1014 3219 diceret
1027 3163 1092 3219 de
1110 3163 1183 3219 sei
1191 3178 1306 3233 pso,
1325 3164 1460 3219 sicut
1473 3173 1652 3219 narrat
1666 3165 1898 3223 Joannes

312 3256 671 3328 Evangelista,
694 3256 822 3326 Ego,
850 3256 943 3322 ait,
960 3271 1057 3309 vox
1075 3255 1337 3311 clamantis
1364 3256 1417 3309 in
1442 3258 1635 3311 deserto
1660 3255 1839 3328 (Joan.
1856 3275 1895 3324 ι,

311 3346 433 3419 25);
462 3347 716 3417 sicutjam
735 3347 960 3409 dixerat,
980 3346 1292 3415 praecipiens
1312 3354 1369 3400 ut
1386 3358 1603 3416 agerent
1632 3348 1896 3417 paeniten-

312 3440 461 3492 tiam.
486 3438 558 3493 De
575 3439 764 3493 vestitu
782 3452 908 3508 ergo
921 3438 1035 3507 ejus
1047 3445 1101 3491 et
1112 3438 1250 3492 victu
1264 3438 1334 3491 ita
1350 3438 1623 3493 Matthzeus
1637 3442 1892 3509 sequitur,

317 3528 502 3582 dicens
519 3545 531 3581 :
548 3527 573 3580 1
582 3545 667 3598 pse
681 3536 849 3581 autem
868 3527 1093 3581 Joannes
1114 3526 1322 3580 habebat
1338 3530 1677 3583 vestimentum
1696 3531 1757 3583 de
1775 3532 1895 3601 pilis

311 3620 634 3684 camelorum,
664 3629 708 3673 et
730 3636 911 3673 zonam
938 3618 1196 3688 pelliceam
1222 3621 1355 3673 circa
1384 3621 1578 3674 lumbos
1606 3624 1733 3695 ejus.
1762 3623 1898 3678 Esca

311 3720 477 3765 autem
514 3713 621 3783 ejus
647 3721 751 3766 erat
782 3712 988 3765 locusta:
1020 3721 1064 3765 et
1086 3711 1182 3765 mel
1203 3710 1443 3765 silvestre.
1472 3713 1581 3767 lloc
1611 3723 1665 3768 et
1690 3714 1898 3771 Marcus

313 3803 443 3859 dicit
472 3820 605 3875 pene
632 3806 848 3861 totidem
871 3807 1066 3873 verbis,
1091 3808 1270 3861 cmteri
1297 3818 1473 3864 autem
1496 3809 1603 3865 duo
1632 3821 1824 3867 tacent.

384 3897 476 3953 26.
518 3897 765 3967 Sequitur
792 3914 918 3969 ergo
944 3899 1219 3953 Matthmus
1239 3942 1253 3967 ,
1297 3909 1350 3956 et
1375 3900 1501 3956 dicit
1524 3918 1539 3957 :
1566 3901 1711 3959 Tunc
1738 3906 1901 3960 exibat

313 3989 382 4042 ad
402 4004 515 4041 eum
533 3986 869 4060 Jerosolgma,
897 3997 944 4043 et
965 3990 1125 4043 omnis
1141 3988 1346 4058 Judaza,
1374 4001 1419 4045 et
1431 3994 1590 4047 omnis
1611 3996 1744 4065 regio
1765 3997 1901 4051 circa

313 4079 614 4144 Iordanem,
648 4089 693 4133 et
710 4081 1093 4150 baptizabantur
1113 4082 1166 4134 in
1182 4081 1407 4137 Jordane
1426 4084 1489 4137 ab
1505 4101 1580 4150 eo,
1612 4088 1901 4155 conﬁtentes

314 4181 519 4243 peccata
545 4190 656 4227 sua.
698 4172 878 4227 Videns
911 4184 1075 4228 autem
1104 4175 1286 4229 multos
1318 4174 1690 4233 Pharisazorum
1721 4189 1767 4234 et
1798 4180 1901 4236 Sa-

316 4266 601 4319 ducatorum
620 4266 866 4320 venientes
891 4267 957 4319 ad
985 4266 1284 4338 baptismum
1307 4287 1473 4336 suum,
1497 4271 1625 4325 dixit
1645 4274 1715 4327 eis
1737 4290 1754 4326 :
1781 4273 1901 4329 Pro-

314 4356 481 4426 genies
505 4357 820 4426 viperarum,
850 4357 961 4426 quis
999 4357 1351 4413 demonstravit
1376 4361 1513 4416 vobis
1542 4364 1714 4434 fugere
1740 4382 1771 4417 a
1812 4370 1899 4437 fu-

316 4454 431 4499 tura
456 4446 578 4500 ira?
602 4444 777 4500 Facite
800 4462 889 4517 ego
919 4451 1137 4517 fructum
1161 4450 1366 4521 dignum
1399 4454 1700 4521 poenitentia:
1722 4471 1741 4509 :
1765 4466 1812 4509 et
1839 4473 1900 4510 ne

313 4537 475 4591 velitis
495 4538 658 4591 dicere
678 4539 809 4591 intra
832 4553 935 4603 vos,
968 4538 1173 4592 Patrem
1202 4541 1439 4596 habemus
1466 4544 1719 4597 Abraham
1741 4563 1758 4609 ;
1785 4546 1898 4601 dico

314 4634 449 4687 enim
476 4629 631 4700 vobis,
662 4630 901 4704 quoniam
922 4639 1076 4701 potest
1101 4631 1239 4692 Deus
1262 4650 1324 4693 ex
1344 4635 1596 4711 lapidibus
1620 4640 1727 4698 istis
1752 4647 1902 4700 susci-

314 4734 423 4777 tare
444 4725 577 4794 ﬁlios
600 4726 831 4780 Abrahae.
854 4726 973 4780 Jam
993 4730 1123 4781 enim
1140 4732 1327 4783 securis
1343 4734 1409 4784 ad
1430 4734 1646 4787 radicem
1666 4735 1900 4791 arborum

313 4816 481 4886 posita
510 4824 581 4869 est
609 4831 628 4869 :
656 4819 817 4870 omnis
843 4834 957 4889 ergo
986 4819 1135 4872 arbor
1159 4836 1271 4891 qua:
1293 4838 1393 4875 non
1422 4824 1543 4893 facit
1570 4826 1785 4894 fructum
1812 4827 1893 4882 bo~

313 4924 455 4973 num,
487 4909 762 4973 excidetur,
803 4918 849 4963 et
886 4910 938 4963 in
978 4910 1143 4982 ignem
1184 4914 1423 4969 mittetur.
1456 4915 1569 4986 Ego
1593 4918 1790 4988 quidem
1815 4937 1900 4977 vos

313 5000 512 5070 baptizo
562 5002 616 5055 in
659 5018 791 5072 aqua
830 5003 883 5056 in
928 5005 1306 5071 penitentiam:
1332 5009 1418 5080 qui
1459 5022 1627 5065 autem
1668 5022 1780 5085 post
1821 5032 1900 5070 me

314 5100 550 5146 venturus
574 5101 664 5159 est,
694 5095 870 5164 fortior
898 5111 976 5148 me
1002 5105 1096 5161 est,
1142 5098 1285 5168 cujus
1311 5116 1411 5155 non
1439 5119 1553 5156 sum
1581 5105 1764 5176 dignus
1789 5110 1898 5162 cal-

313 5196 568 5239 ceamenta
608 5198 837 5258 portare;
866 5189 972 5259 ipse
1012 5207 1093 5245 vos
1118 5192 1389 5265 baptizabit
1417 5198 1469 5251 in
1500 5198 1698 5271 Spiritu
1725 5215 1898 5261 sancto

314 5286 360 5330 et
382 5278 486 5347 igni
508 5294 527 5331 :
552 5279 698 5346 cuius
721 5280 1047 5336 ventilabrum
1074 5284 1125 5337 in
1157 5302 1309 5340 manu
1334 5306 1445 5357 sua,
1476 5300 1521 5345 et
1549 5297 1917 5362 permundabit‘

313 5386 484 5422 aream
509 5387 672 5436 suam,
716 5381 760 5425 et
796 5376 1113 5445 congregabit
1151 5378 1369 5432 triticum
1392 5398 1538 5436 suum
1566 5386 1617 5438 in
1640 5385 1893 5456 horreum,

314 5462 488 5532 paleas
513 5474 678 5517 autem
706 5466 954 5520 comburat
987 5468 1092 5538 igni
1124 5470 1538 5544 inexstinguibili.
1571 5479 1692 5535 Ηωο
1720 5486 1897 5540 omnia

318 5554 443 5610 dicit
468 5566 521 5611 et
552 5557 740 5625 Lucas,
772 5559 957 5613 eadem
988 5578 1117 5631 pene
1144 5566 1301 5619 verba
1329 5566 1545 5624 Joannis
1572 5568 1893 5643 exprimens.

321 5647 384 5701 Et
410 5648 496 5703 ubi
526 5649 723 5719 aliquid
755 5651 954 5705 varium
984 5662 1065 5708 est
1093 5654 1144 5709 in
1173 5657 1380 5726 verbis,
1410 5662 1477 5716 ab
1506 5666 1691 5722 eadem
1722 5677 1893 5728 tamen

530 5791 637 5836 Mss.
679 5793 732 5836 et
770 5794 867 5837 Rat.
908 5794 963 5840 At
996 5795 1070 5839 Fr.
1109 5799 1158 5843 et
1197 5799 1340 5859 Lov.,
1378 5808 1483 5849 esse
1520 5800 1660 5864 quasi
1695 5802 1756 5855 de
1787 5804 1895 5858 aliis

389 5860 404 5896 ι
491 5882 503 5896 .

389 5860 503 5896 ιιιιο.

1632 402 1828 461 LIBER
1872 390 2245 460 SECUNDDS.

3361 367 3366 371 ’
3429 390 3599 459 taste

1991 515 2250 572 sententia
2273 528 2375 569 non
2388 512 2651 570 receditur
2666 529 2679 567 :
2692 510 2836 569 velut
2850 501 2970 568 cum
2984 511 3111 568 dicit
3126 512 3398 568 Matthmus
3417 514 3504 569 loa
3515 534 3543 568 τι
3555 514 3585 556 -“

1993 626 2113 667 nem
2130 611 2347 677 dixisse,
2364 607 2429 664 Et
2441 626 2503 665 ne
2514 610 2671 664 velitis
2686 610 2852 665 dicere
2863 609 2995 663 intra
3007 626 3112 675 vos,
3130 610 3334 664 Patrem
3346 610 3594 666 habemus‘

1992 704 2286 769 Abraham;
2317 705 2404 761 ille
2431 715 2607 759 autem
2629 746 2643 769 ,
2678 703 2741 757 Et
2767 720 2829 758 ne
2853 704 3096 775 cmperitis
3142 704 3336 771 dicere,
3373 702 3581 759 Patrem

1996 797 2234 851 habemus
2259 796 2533 850 Abraham.
2556 794 2680 859 Iste,
2709 794 2815 866 Ego
2830 796 3028 865 quidem
3047 810 3131 849 vos
3148 796 3346 866 baptizo
3369 797 3421 850 in
3449 812 3581 867 aqua

1994 889 2049 942 in
2076 889 2447 958 paenitentiam;
2474 888 2561 943 ille
2592 888 2877 957 interponit
2910 889 3373 958 interrogationem
3403 890 3584 944 turba-

1998 997 2146 1047 rum,
2177 980 2301 1051 quid
2329 978 2584 1046 facerent,
2617 990 2671 1036 et
2697 981 2776 1036 eis
2802 981 3206 1050 respondentem
3235 976 3495 1037 Joannem»
3517 982 3585 1038 de

1997 1072 2153 1127 bonis
2168 1072 2437 1141 operibus,
2457 1082 2702 1143 tanquam
2724 1072 2791 1127 de
2807 1070 3063 1126 fructibus
3083 1074 3425 1143 paenitentiae,
3446 1074 3585 1143 quod

2000 1164 2277 1218 Mattlneus
2301 1164 2479 1218 omisit
2505 1182 2519 1219 :
2543 1164 2731 1219 deinde
2754 1166 2804 1219 in
2831 1164 3081 1220 cordibus
3101 1167 3210 1221 suis
3235 1166 3588 1237 cogitantibus

2001 1253 2068 1308 de
2099 1256 2186 1307 illo
2218 1262 2392 1308 utrum
2433 1255 2543 1325 ipse
2590 1264 2733 1310 esset
2771 1254 3014 1310 Christus
3052 1271 3174 1311 eum
3202 1258 3332 1313 dicit
3362 1274 3583 1329 respon-

2001 1347 2163 1411 disse,
2196 1347 2306 1417 Ego
2334 1348 2529 1417 quidem
2552 1365 2681 1420 aqua
2708 1349 2905 1418 baptizo
2926 1366 3049 1413 vos;
3077 1366 3178 1404 non
3209 1351 3359 1416 dixit,
3391 1353 3440 1406 in
3474 1367 3590 1422 ρω-

2003 1441 2298 1495 nitentiam.
2334 1441 2532 1495 Deinde
2562 1441 2840 1496 Matthmus
2862 1483 2878 1509 ,
2912 1442 3011 1509 Qui
3036 1452 3233 1511 autem,
3262 1444 3447 1515 inquit,
3481 1456 3593 1516 post

2003 1548 2082 1585 me
2106 1541 2342 1585 venturus
2371 1542 2464 1596 est,
2497 1533 2677 1602 fortior
2702 1549 2780 1585 me
2803 1543 2876 1586 est
2904 1548 2924 1587 :
2951 1534 3040 1588 ille
3070 1534 3374 1596 vero,Venit
3401 1547 3591 1603 autem,

2004 1621 2192 1691 inquit,
2222 1623 2403 1691 fortior
2430 1638 2527 1675 me.
2558 1620 2686 1676 Item
2717 1623 3013 1688 Matthmus,
3039 1624 3200 1696 Cujus
3229 1643 3329 1681 non
3354 1644 3487 1691 sum,
3514 1628 3595 1682 in-

2004 1713 2135 1783 quit,
2164 1712 2345 1783 dignus
2374 1714 2706 1767 calceamenta
2728 1724 2928 1785 portare
2948 1731 2967 1770 :
2990 1716 3076 1771 ille
3096 1726 3293 1785 autem,
3318 1717 3476 1790 Cujus
3492 1736 3591 1774 non

2004 1821 2114 1858 sum
2134 1806 2315 1874 dignus
2332 1806 2521 1860 solvere
2536 1809 2802 1879 corrigiam
2822 1810 3274 1865 calceamentorum
3292 1813 3417 1885 ejus.
3442 1812 3594 1880 Quod

2004 1905 2056 1952 et
2087 1897 2291 1951 Marcus
2319 1897 2478 1965 dicit,
2508 1914 2626 1953 cum
2671 1910 2860 1955 czetera
2894 1911 3065 1957 taceat
3096 1920 3110 1958 :
3140 1921 3260 1958 nam
3295 1918 3412 1976 post
3442 1922 3593 1961 com-

2004 2000 2354 2044 memoratum
2385 1992 2619 2047 habitum
2649 2002 2705 2048 et
2732 1996 2926 2049 victum
2968 1996 3111 2066 ejus,
3142 2007 3355 2053 secutus
3383 2000 3490 2067 ait,
3528 2000 3597 2055 Et

2004 2081 2310 2149 praedicabat
2335 2082 2505 2136 dicens
2530 2098 2551 2138 :
2590 2083 2734 2137 Venit
2758 2085 2936 2153 [artior
2960 2105 3039 2143 me
3066 2099 3175 2158 post
3200 2108 3297 2153 me,
3326 2092 3470 2162 cujus
3496 2110 3595 2147 non

2003 2189 2115 2226 sum
2144 2173 2326 2243 dignus
2354 2177 2682 2245 procumbens
2707 2179 2896 2233 solvere
2931 2182 3197 2252 corrigiam
3234 2184 3598 2240 calceamento-

2002 2282 2116 2318 rum
2132 2267 2259 2338 ejus.
2281 2265 2392 2339 Ego
2419 2269 2666 2337 baptizavi
2687 2286 2772 2325 vos
2798 2289 2947 2343 aqua,
2972 2274 3059 2328 ille
3080 2291 3193 2329 vero
3218 2277 3488 2346 baptizabit
3512 2294 3597 2334 vos

2005 2357 2205 2427 Spiritu
2244 2369 2437 2414 sancto.
2474 2361 2549 2414 De
2589 2363 2965 2418 calceamentis
3001 2381 3127 2436 ergo
3156 2366 3256 2422 hoc
3283 2384 3311 2421 a
3340 2367 3481 2423 Luca
3509 2370 3593 2424 di-

2002 2459 2129 2517 stat,
2150 2452 2290 2521 quod
2313 2453 2530 2519 addidit,
2552 2455 2900 2525 procumbens.
2930 2459 3003 2513 De
3025 2458 3287 2528 baptismo
3302 2472 3477 2516 autem
3496 2461 3596 2517 hoc

2002 2542 2070 2597 ab
2093 2550 2337 2613 utroque,
2358 2545 2478 2613 quia
2497 2561 2601 2598 non
2626 2546 2775 2609 dixit,
2805 2536 2853 2601 et
2871 2548 2998 2619 igni,
3025 2549 3119 2605 sed
3148 2560 3367 2619 tantum,
3395 2554 3446 2606 in
3474 2553 3597 2624 Spi-

2001 2632 2103 2685 ritu
2130 2642 2327 2688 sancto.
2358 2634 2507 2689 Sicut
2545 2637 2687 2692 enim
2722 2638 2997 2693 Mattlucus
3016 2680 3033 2705 ,
3061 2642 3130 2695 ita
3158 2650 3212 2696 et
3245 2643 3412 2698 Lucas
3440 2644 3593 2715 diXit,

2002 2734 2058 2781 et
2087 2726 2273 2782 eodem
2300 2728 2508 2797 ordine,
2533 2728 2653 2801 Ipse
2676 2746 2763 2785 vos
2791 2731 3061 2802 baptizabit
3081 2735 3135 2788 in
3161 2734 3361 2806 Spiritu
3379 2748 3425 2791 et
3447 2739 3554 2809 igni
3576 2755 3594 2795 :

2005 2817 2107 2873 nisi
2140 2819 2281 2888 quod
2311 2820 2482 2875 Lucas
2529 2836 2635 2877 non
2661 2822 2895 2889 addidit,
2926 2834 3119 2891 sancto,
3155 2828 3253 2896 (a),
3286 2828 3423 2883 sicut
3460 2818 3595 2885 Mat-

2003 2910 2176 2967 tbteus
2197 2912 2359 2979 dixit,
2394 2913 2447 2967 in
2469 2913 2669 2985 Spiritu
2698 2924 2870 2970 sancto
2900 2926 2947 2971 et
2969 2918 3077 2989 igni
3097 2915 3308 2991 (Matth.
3337 2936 3415 2987 ttt,
3442 2922 3595 2987 5—12,

2002 2997 2234 3071 Mardi,
2267 3003 2382 3068 6-8,
2415 3013 2463 3057 et
2500 3003 2627 3058 Luc.
2668 3021 2745 3071 in,
2778 3006 2956 3074 7-47).
2988 3009 3082 3063 llis
3122 3010 3289 3066 tribus
3317 3021 3595 3069 attestatur

2001 3092 2234 3149 Joannes
2262 3096 2587 3166 evangelista
2611 3138 2625 3163 ,
2655 3113 2774 3154 cum
2805 3098 2934 3153 dicit
2966 3117 2980 3155 :
3007 3097 3234 3157 Joannes
3258 3105 3598 3160 testimonium

2001 3184 2226 3254 perhibet
2246 3184 2310 3239 de
2332 3186 2444 3254 ipso
2463 3227 2479 3253 ,
2520 3195 2565 3241 et
2589 3188 2775 3241 clamat
2794 3188 2986 3256 dicens,
3020 3188 3121 3245 Hic
3149 3202 3256 3247 erat
3284 3210 3427 3263 quem
3453 3195 3560 3250 dixi
3578 3237 3595 3265 ,

2005 3274 2106 3340 Qui
2141 3284 2253 3347 post
2294 3293 2373 3331 me
2418 3278 2582 3343 venit,
2622 3288 2740 3333 ante
2776 3296 2855 3333 me
2879 3283 3042 3352 factus
3070 3293 3181 3350 est,
3210 3285 3328 3355 quia
3352 3286 3493 3357 prior
3520 3303 3598 3342 me

2002 3375 2109 3419 erat
2149 3365 2326 3435 (Joan.
2374 3383 2413 3433 ι,
2460 3367 2570 3440 15).
2613 3368 2702 3424 Sic
2742 3371 2885 3426 enim
2914 3374 3164 3442 ostendit,
3197 3384 3321 3432 tunc
3347 3393 3469 3433 eum
3496 3377 3597 3436 hoc

2003 3455 2220 3524 dixisse,
2245 3459 2458 3528 quando
2487 3476 2608 3514 eum
2636 3460 2712 3514 illi
2738 3461 2934 3517 dixisse
2955 3475 3409 3533 commemorant;
3439 3483 3596 3539 repe-

2005 3547 2131 3602 tisse
2156 3554 2332 3603 autem
2357 3558 2412 3604 et
2438 3566 2887 3607 commemorasse
2907 3555 3049 3623 quod
3070 3555 3181 3625 jam
3210 3557 3453 3627 dixisset,
3474 3575 3595 3617 cum

2002 3637 2096 3706 ait,
2134 3638 2231 3693 Hic
2259 3651 2367 3695 erat
2390 3658 2535 3711 quem
2565 3643 2691 3704 dixi.
2720 3645 2806 3713 qui
2833 3654 2944 3716 post
2968 3662 3046 3700 me
3065 3649 3216 3702 venit.

2074 3733 2164 3787 27.
2206 3734 2261 3789 Si
2285 3751 2411 3805 ergo
2439 3738 2693 3806 qumritur
2718 3754 2836 3807 qua:
2862 3740 3020 3795 verba
3045 3744 3218 3811 potius
3245 3729 3478 3801 Joannes
3496 3746 3597 3803 Bac

2004 3823 2163 3893 ptista
2204 3825 2428 3894 dixerit,
2462 3837 2637 3881 utrum
2678 3844 2797 3898 quae
2825 3829 3122 3897 Matthaeus,
3166 3850 3234 3890 an
3270 3852 3387 3907 qua:
3427 3836 3598 3895 Lucas

2004 3929 2126 3969 eum
2154 3916 2351 3972 dixisse
2386 3929 2807 3986 coromemorat,
2853 3937 2920 3977 an
2959 3940 3078 3995 quae
3120 3926 3329 3983 Marcus
3371 3930 3423 3984 in
3471 3930 3600 4000 ipsis

2003 4008 2186 4077 paucis
2210 4025 2328 4078 quae
2358 4009 2504 4065 illum
2532 4010 2733 4068 dixisse
2764 4017 2956 4084 posuit,
2988 4028 3169 4075 tacens
3194 4031 3423 4089 caetera;
3454 4026 3600 4081 nullo

2004 4102 2165 4157 modo
2203 4102 2327 4157 hinc
2366 4104 2712 4161 laborandum
2758 4123 2878 4164 esse
2915 4110 3115 4179 iudicat
3139 4156 3154 4181 ,
3187 4115 3277 4186 qui
3315 4119 3600 4186 prudenter

2003 4192 2250 4266 intelligit
2280 4197 2421 4265 ipsas
2449 4200 2740 4253 Sententias
2764 4216 2885 4256 esse
2915 4206 3240 4261 necessarias
3274 4223 3601 4279 cognoscen-

2005 4284 2087 4340 dae
2107 4288 2337 4353 veritati;
2362 4288 2683 4373 quibuslibet
2703 4293 2877 4347 verbis
2905 4294 3098 4351 fuerint
3126 4298 3415 4373 ρκρίιευῖξιξ.
3446 4308 3598 4375 Quod

2005 4376 2146 4430 enim
2195 4377 2330 4432 alius
2373 4379 2534 4433 alium
2580 4381 2861 4441 verborum
2906 4391 3146 4446 ordinem
3180 4403 3342 4463 tenet,
3383 4413 3488 4453 non
3517 4408 3600 4457 est

2004 4468 2185 4545 utique
2234 4472 2579 4531 contrarium.
2628 4478 2811 4549 Neque
2858 4482 2984 4536 illud
3032 4488 3358 4543 contrarium
3399 4501 3502 4558 est,
3551 4494 3596 4550 si

2004 4562 2139 4623 alius
2168 4561 2296 4622 dicit
2324 4569 2462 4637 quod
2490 4570 2627 4624 alius
2658 4574 3034 4642 praetermittit.
3081 4576 3150 4633 Ut
3188 4580 3328 4636 enim
3375 4583 3600 4657 quisque

2004 4660 2339 4726 meminerat,
2357 4669 2413 4714 et
2432 4671 2488 4714 ut
2511 4660 2699 4731 cuique
2720 4663 2866 4718 cordi
2894 4676 3008 4721 erat
3036 4669 3118 4724 vel
3142 4668 3361 4729 brevius
3378 4675 3458 4731 vel
3477 4693 3599 4747 pro.

2004 4751 2183 4817 lixius,
2210 4753 2455 4808 eamdem
2497 4762 2670 4808 tamen
2693 4757 2961 4826 explicare
2988 4764 3347 4835 sententiam,
3395 4770 3467 4824 ita
3508 4786 3601 4826 eos

2005 4843 2301 4913 explicasse
2328 4845 2661 4901 manifestum
2689 4857 2791 4905 est.

2074 4933 2163 4990 28.
2208 4937 2272 4990 Ει
2311 4936 2362 4991 in
2397 4937 2497 4992 hoc
2526 4940 2653 4995 satis
2689 4952 2911 5011 apparet
2936 4945 3078 5014 quod
3122 4947 3190 5002 ad
3224 4964 3338 5005 rem
3369 4953 3599 5009 maxime

2003 5029 2256 5096 pertinet,
2282 5028 2532 5098 quoniam
2562 5032 2756 5086 veritas
2782 5034 3071 5105 Evangelii,
3106 5038 3269 5094 verbo
3300 5042 3423 5109 Dei,
3456 5046 3595 5114 quod

2005 5133 2165 5188 supra
2192 5136 2404 5176 onmem
2436 5133 2733 5178 creaturam
2766 5133 3021 5181 aeternum
3052 5137 3213 5200 atque
3244 5133 3597 5190 incommuta-

2005 5211 2111 5268 bile
2140 5223 2413 5283 permanet
2431 5256 2447 5282 ,
2475 5231 2573 5287 per
2600 5226 2897 5273 creaturam
2939 5223 3318 5290 temporalibus
3350 5228 3515 5298 signis
3545 5241 3597 5285 ct

2006 5302 2201 5374 linguis
2248 5305 2519 5360 hominum
2565 5307 2901 5378 dispensata,
2943 5325 3207 5368 summum
3238 5318 3448 5374 culmen
3482 5332 3593 5375 'au-

2003 5396 2262 5452 ctoritatis
2288 5397 2550 5462 obtinuit;
2584 5415 2689 5453 non
2720 5414 2818 5455 nos
2856 5401 3051 5458 debere
3096 5405 3339 5464 arbitrari
3385 5413 3595 5469 mentiri

2006 5501 2348 5558 quemquam,
2376 5488 2423 5543 si
2448 5490 2688 5559 pluribus
2714 5508 2824 5547 rem
2851 5509 3010 5563 quam
3035 5497 3313 5555 audierunt
3337 5504 3416 5557 vel
3446 5504 3595 5559 vide-

2004 5590 2127 5633 runt
2156 5581 2637 5650 reminiscentibus,
2672 5598 2777 5637 non
2802 5584 2988 5662 eodem
3020 5589 3181 5643 modo
3207 5601 3367 5662 atque
3390 5594 3592 5652 eisdem

2003 5672 2201 5739 verbis,
2229 5673 2413 5729 eadem
2445 5683 2617 5731 tamen
2640 5692 2727 5734 res
2750 5656 2913 5734 fuerit
2934 5680 3163 5738 indicata
3187 5700 3203 5750 ;
3227 5695 3318 5741 aut
3341 5687 3453 5744 sive
3472 5706 3591 5745 mu-

2063 5807 2136 5883 (g)
2157 5815 2287 5859 Nunc
2309 5816 2472 5883 tamen
2494 5817 2641 5863 Lucas
2658 5814 2708 5865 in
2730 5813 2892 5866 Bibliis
2914 5819 3088 5882 graecis
3113 5827 3166 5872 et
3188 5821 3235 5871 in
3260 5820 3419 5875 latinis
3438 5824 3588 5883 habet

2001 5870 2230 5935 addimus,
2253 5879 2432 5924 sancto.
