4082 6488
465 602 604 647 tetur
642 588 775 644 ordo
799 586 1100 649 verborum,
1133 583 1242 637 sive
1276 583 1374 636 alia
1421 597 1516 652 pro
1556 581 1671 636 aliis
1701 594 1817 649 qum
1861 586 2040 633 tamen

468 684 605 738 idem
631 681 838 734 valeant
865 678 1023 732 verba
1054 675 1420 746 proferantur;
1451 674 1560 729 sive
1581 670 1777 741 aliquid
1800 657 1881 723 vel
1903 667 2042 738 quod

470 775 766 831 recordanti
787 789 890 830 non
920 771 1172 836 occurrit,
1204 751 1288 824 vel
1319 768 1459 838 quod
1488 785 1552 822 ex
1579 767 1692 821 aliis
1716 781 1831 837 qua:
1857 764 2042 822 dicun-

472 880 555 925 tur
587 869 749 940 possit
788 865 1035 934 intelligi,
1066 863 1238 918 minus
1267 845 1501 924 dicatur;
1547 860 1658 914 sive
1683 859 1904 912 aliorum
1928 871 2043 926 qua:

472 963 637 1030 magis
665 960 841 1013 dicere
868 956 1048 1010 statuit
1076 953 1455 1008 lltll'l‘tllldOl'lllll
1483 953 1670 1022 gratia,
1704 959 1758 1004 ut
1783 963 2046 1018 congruus

474 1053 724 1124 temporis
763 1049 951 1104 modus
981 1035 1235 1114 subiciat,
1263 1044 1459 1115 aliquid
1495 1043 1594 1098 sibi
1621 1058 1724 1096 non
1757 1051 1920 1096 totum
1950 1055 2046 1096 ex-

474 1143 791 1212 plicandum,
818 1140 910 1194 sed
929 1155 992 1193 ex
1015 1147 1161 1208 parte
1189 1135 1504 1208 taugendum
1533 1134 1753 1203 quisque
1776 1131 2046 1202 suscipiat;

471 1238 580 1289 sive
632 1233 697 1286 ad
743 1219 1138 1286 illuminandam
1186 1217 1660 1294 declarandamque
1712 1223 2046 1286 sententiam,

473 1325 598 1379 nihil
627 1323 842 1394 quidem
873 1336 1077 1384 rerum,
1111 1318 1388 1372 verborum
1422 1327 1594 1371 tamen
1624 1314 1816 1384 aliquid
1857 1312 2048 1380 addat,

470 1416 554 1471 cui
576 1415 860 1470 auctoritas
890 1411 1142 1467 narrandi
1187 1425 1438 1465 concessa
1481 1418 1594 1472 est;
1623 1408 1735 1461 sive
1775 1420 1884 1460 rem
1917 1405 2054 1459 bene

474 1518 657 1561 tenens
688 1515 792 1560 n'on
819 1510 1160 1574 assequatur,
1194 1495 1433 1570 quamvis
1463 1491 1514 1554 id
1562 1508 1782 1553 conetur
1803 1539 1817 1563 ,
1853 1509 2055 1550 memo-

474 1599 601 1650 riter
627 1599 786 1650 etiam
816 1594 975 1648 verba
1003 1609 1118 1662 quae
1147 1578 1348 1645 audivit
1372 1589 1437 1643 ad
1466 1591 1725 1658 integrum
1757 1588 2050 1642 enuntiare.

472 1689 719 1759 Quisquis
761 1695 939 1741 autem
984 1667 1110 1740 dicit
1154 1678 1500 1753 Evangelistis
1539 1689 1682 1736 certe
1707 1696 1802 1751 per
1830 1677 2056 1749 Spiritus
2097 1673 2104 1679 “

473 1781 639 1835 sancti
667 1779 952 1848 potentiam
977 1777 1026 1830 id
1047 1775 1294 1830 debuisse
1318 1773 1557 1838 concedi,
1581 1783 1637 1827 ut
1664 1787 1763 1826 nec
1784 1772 1837 1824 in
1861 1785 2056 1840 genere

475 1871 778 1933 verborum,
807 1865 973 1922 necin
994 1865 1197 1930 ordine,
1223 1882 1321 1919 nec
1343 1865 1394 1918 in
1422 1878 1645 1918 numero
1673 1863 2053 1930 discreparent;

476 1979 582 2018 non
613 1959 876 2031 intelligit,
900 1967 1092 2030 quanto
1118 1957 1342 2028 amplius
1365 1955 1818 2026 Evangelistarum
1849 1952 2059 2007 excellit

478 2055 782 2118 auctoritas,
813 2061 959 2106 tanto
984 2052 1147 2120 magis
1175 2066 1268 2119 per
1295 2065 1387 2104 eos
1422 2047 1586 2102 fuisse
1615 2045 1926 2100 ﬁrmandam
1956 2060 2060 2102 ca:-

483 2155 714 2200 terorum
756 2143 1028 2199 heminam
1059 2158 1182 2195 vera
1223 2131 1551 2209 loquentium
1583 2138 1922 2192 securitatem
1961 2153 1972 2188 :
2005 2143 2062 2189 ut

480 2236 718 2306 pluribus
741 2233 982 2289 eamdem
1009 2249 1120 2287 rem
1162 2232 1295 2284 forte
1335 2228 1670 2283 narrantibus
1689 2268 1702 2294 ,
1733 2227 1876 2303 nullo
1903 2225 2060 2279 modo

480 2328 760 2397 quisquam
791 2339 975 2379 eorum
1019 2321 1086 2376 de
1129 2317 1405 2396 mendacio
1444 2330 1589 2373 recte
1631 2325 1899 2386 arguatur,
1930 2314 2062 2369 siab

480 2393 646 2469 altero
670 2415 738 2468 ita
762 2407 1157 2482 discrepaveri't,
1179 2423 1234 2464 ut
1252 2393 1416 2479 possit
1437 2411 1594 2464 etiam
1612 2403 2060 2476 Evangelistarum

480 2505 723 2576 exemplo
768 2499 1099 2574 praecedente
1144 2499 1375 2555 defendi.
1404 2499 1535 2554 Cum
1561 2497 1700 2552 enim
1731 2497 1809 2551 fas
1839 2512 1943 2551 non
1973 2497 2060 2563 sit,

482 2597 932 2665 Evangelisun‘um
966 2583 1192 2661 aliquem
1225 2591 1500 2644 mentitum
1543 2587 1729 2656 fuisse,
1761 2588 1840 2643 vel
1880 2583 2064 2665 existi-

481 2702 628 2742 mare
652 2686 735 2742 vel
760 2685 968 2750 dicere;
1004 2686 1082 2740 sic
1107 2681 1378 2754 apparebit
1406 2697 1503 2735 nec
1532 2697 1652 2735 eum
1685 2681 1844 2734 fuisse
1875 2661 2066 2754 menti-

481 2787 590 2833 tum
617 2820 630 2843 ,
658 2775 741 2832 cui
772 2775 1071 2830 recordanti
1101 2775 1204 2827 tale
1233 2767 1428 2842 aliquid
1465 2772 1750 2839 acciderit,
1774 2771 1925 2841 quale
1965 2753 2065 2824 illis

481 2867 737 2924 accidisse
758 2869 1103 2921 monstratur.
1138 2855 1206 2918 Et
1225 2873 1422 2933 quanto
1445 2864 1610 2932 magis
1637 2855 1701 2918 ad
1724 2863 1896 2918 mores
1925 2862 2064 2936 opti-

483 2975 599 3014 mos
646 2959 874 3028 pertinet
915 2971 1104 3011 cavere
1151 2951 1524 3018 mendacium,
1558 2961 1702 3008 tanto
1746 2954 1911 3024 magis
1961 2947 2066 3008 tam

484 3053 748 3104 eminente
776 3047 1085 3102 auctoritate
1113 3045 1224 3114 regi
1266 3039 1588 3098 debebamus
1613 3086 1627 3111 ,
1666 3060 1732 3097 ne
1764 3053 2067 3114 putaremus

485 3147 606 3195 esse
645 3136 942 3202 mendacia,
988 3135 1109 3189 'culn
1146 3136 1221 3189 sic
1265 3134 1402 3189 inter
1442 3151 1496 3189 se
1536 3133 1728 3188 variari
1776 3135 2066 3202 aliquorum

487 3231 816 3286 narratiOnes
837 3219 1217 3290 inveniremus,
1244 3235 1297 3278 ut
1321 3223 1455 3279 inter
1475 3211 1836 3294 Evangelistas
1858 3223 2068 3277 variata:

486 3330 628 3376 sunt.
653 3318 822 3374 Simul
851 3319 1009 3373 etiam
1028 3356 1044 3382 ,
1074 3305 1212 3385 Quod
1239 3311 1305 3368 ad
1331 3313 1624 3368 doctrinam
1669 3309 1878 3368 ﬁdelem
1904 3311 2071 3366 maxi-

490 3415 574 3466 me
599 3411 822 3481 pertinet
841 3451 855 3474 ,
885 3391 1312 3477 intelligeremus
1345 3421 1446 3459 non
1473 3409 1579 3458 tam
1607 3391 1883 3460 verborum
1911 3420 2069 3474 quam

488 3515 663 3559 rerutn
693 3498 1034 3572 quaerendam
1062 3498 1147 3553 vel
1173 3494 1590 3566 amplectendam
1617 3511 1733 3549 esse
1762 3497 2067 3564 veritatem,

489 3578 699 3666 quando
741 3603 833 3649 eos
875 3591 969 3664 qui
1009 3605 1119 3647 non
1160 3589 1349 3646 eadem
1387 3589 1651 3643 locutione
1682 3589 1918 3655 utuntur,
1949 3603 2070 3641 cum

489 3686 649 3741 rebus
678 3685 1059 3753 sententiisque
1089 3693 1193 3736 non
1215 3677 1536 3750 discrepant,
1565 3679 1617 3732 i'n
1645 3679 1827 3733 eadem
1851 3679 2072 3734 veritate

492 3775 790 3831 constitisse
820 3772 1192 3844 approbamus.

562 3867 653 3923 29.
693 3866 828 3933 Quid
857 3881 984 3936 ergo
1013 3865 1064 3918 in
1097 3863 1183 3919 bis
1213 3865 1329 3933 qua:
1374 3861 1440 3918 de
1483 3863 1867 3918 narrationibus
1894 3863 2070 3917 Evan-

493 3959 799 4031 gelistaruni
830 3957 1018 4013 collata
1049 3955 1329 4025 proposui,
1361 3949 1646 4023 putandum
1686 3964 1766 4007 est
1791 3969 1907 4008 esse
1940 3968 2071 4007 con-

495 4051 754 4107 trarium?
781 4051 861 4104 An
901 4047 1040 4120 quod
1071 4049 1206 4103 alius
1242 4048 1404 4111 dixit,
1435 4049 1577 4116 cujus
1609 4051 1705 4100 non
1745 4065 1853 4101 sum
1893 4047 2073 4118 dignus

498 4142 834 4196 calceamenta
874 4149 1110 4210 portare;
1149 4139 1238 4192 alii
1270 4153 1392 4193 vero
1412 4178 1425 4203 ,
1455 4139 1718 4220 corrigiam
1755 4139 2075 4192 calceamcnti

497 4235 727 4289 solvere?
754 4233 865 4287 Non
894 4233 1034 4287 enim
1063 4215 1240 4285 verbis
1261 4273 1274 4298 ,
1299 4235 1387 4283 aut
1411 4215 1689 4283 verborum
1730 4227 1913 4283 ordine
1932 4271 1945 4295 ,
1987 4239 2077 4285 aut

495 4328 672 4396 aliquo
709 4340 902 4396 genere
945 4323 1249 4388 locutionis,
1281 4321 1373 4376 sed
1416 4321 1574 4376 etiam
1620 4335 1678 4374 re
1713 4321 1826 4390 ipsa
1870 4322 2076 4376 videtur

498 4417 638 4472 aliud
666 4431 783 4471 esse
810 4416 1170 4470 catceamenta
1200 4423 1433 4484 portare,
1476 4401 1617 4467 aliud
1653 4413 1927 4483 corrigiam
1971 4413 2078 4467 cal-

497 4509 757 4564 eeamenti
782 4508 1010 4562 solvere.
1036 4507 1222 4559 Merito
1245 4519 1370 4574 ergo
1397 4505 1560 4574 quaeri
1586 4513 1757 4573 potest
1778 4504 1899 4574 quid
1921 4503 2080 4558 Joan-

499 4614 595 4655 nes
621 4599 816 4652 dixerit
842 4609 946 4651 n0n
981 4605 1039 4651 se
1078 4595 1294 4666 dignum
1323 4609 1477 4662 esse;
1505 4604 1680 4649 utrum
1728 4597 2078 4650 calceamcnta

500 4699 712 4762 portare
742 4729 754 4754 ,
779 4701 844 4742 an
885 4689 1168 4758 corrigiam
1210 4687 1546 4742 calceatneuti
1579 4688 1802 4742 Solvere.
1845 4687 1901 4743 Si
1937 4690 2080 4743 cnim

498 4783 724 4836 alterum
753 4779 939 4834 horum
965 4779 1122 4846 dixit,
1150 4779 1240 4832 ille.
1266 4791 1450 4832 verum
1483 4778 1688 4832 videtur
1723 4791 1964 4834 narrasse
1990 4779 2079 4850 qui

501 4873 604 4927 hoc
622 4872 790 4942 potuit
805 4885 1022 4924 narrare
1041 4870 1180 4939 quod
1197 4869 1326 4923 dixit
1343 4886 1358 4934 ;
1378 4870 1466 4938 qui
1485 4876 1657 4922 autem
1673 4869 1832 4933 aliud,
1854 4870 1952 4923 etsi
1975 4887 2079 4924 non

501 4973 582 5019 est
607 4964 882 5023 mentibus,
909 4970 1055 5017 certe
1082 4961 1163 5016 vel
1199 4962 1394 5016 oblitus
1412 5003 1425 5025 ,
1465 4961 1604 5015 aliud
1626 4975 1721 5030 pro
1754 4957 1858 5016 alio
1884 4960 2082 5017 dixisse

503 5054 786 5124 putabitnr.
805 5053 1030 5107 Omnem
1054 5060 1229 5107 autem
1259 5052 1536 5106 falsitatem
1559 5051 1744 5105 abesse
1760 5051 1828 5106 ab
1852 5055 2086 5123 Evange-

502 5145 636 5200 listis
656 5145 829 5210 decet,
865 5159 970 5198 non
995 5144 1166 5199 solum
1187 5157 1308 5199 eam
1334 5151 1452 5213 qure
1479 5143 1782 5200 mentiendo
1807 5146 2081 5214 promitur,

505 5239 598 5294 sed
623 5239 916 5294 etiamm
938 5252 1058 5308 quae
1077 5237 1455 5293 obliviscendo.
1479 5235 1658 5307 Itaque
1677 5233 1721 5292 si
1747 5238 1810 5292 ad
1832 5255 1944 5294 rem
1969 5241 2086 5311 per-

507 5330 666 5396 tinet,
697 5329 893 5399 aliquid
923 5330 1064 5383 aliud
1089 5330 1381 5399 intelligere
1405 5343 1469 5382 ex
1497 5344 1560 5384 eo
1591 5329 1729 5398 quod
1755 5329 1950 5384 dictum
1980 5341 2082 5402 est,

504 5420 840 5476 catceamenta
865 5430 1101 5490 portare;
1147 5430 1203 5476 et
1240 5420 1433 5490 aliquid
1462 5420 1600 5475 aliud
1629 5433 1696 5476 ex
1737 5437 1803 5478 eo
1832 5423 1972 5494 quod
1999 5423 2081 5478 di-

505 5527 647 5568 ctum
691 5523 794 5582 est,
843 5514 1114 5584 corrigiam
1157 5514 1477 5567 caueantenti
1505 5515 1738 5570 scivere:
1780 5518 1904 5586 quid
1943 5513 2084 5574 aliud

505 5609 866 5679 accipienduu-t
885 5617 1034 5662 recte
1053 5608 1458 5672 existimaveris,
1481 5609 1580 5663 nisi
1599 5609 1854 5665 Joannem
1883 5617 2088 5666 utrum-

416 5709 419 5712 ·
507 5716 610 5770 que
633 5701 832 5756 dixisse
857 5741 871 5768 ,
899 5701 1012 5755 sive
1037 5699 1176 5753 aliud
1202 5699 1305 5754 alio
1331 5709 1590 5770 tempore,
1623 5699 1734 5758 sive
1763 5703 2086 5758 eontextim?

509 5796 683 5850 Potuit
709 5797 847 5880 enim
876 5798 952 5850 sic
981 5795 1190 5864 dicere,
1232 5794 1394 5865 Cujus
1429 5810 1532 5853 non
1555 5811 1673 5854 sum
1697 5799 1888 5870 dignus
1913 5805 2087 5857 corri-

509 5888 645 5956 giam
686 5889 1025 5943 calceamenti
1055 5887 1260 5942 solvere
1280 5928 1294 5954 ,
1325 5900 1421 5942 nec
1452 5889 1803 5946 calceamenta
1833 5893 2082 5966 portare;
2119 5947 2149 5972 *ζ
2199 5906 2450 5968 metetur,
2481 5896 2633 5966 Quod
2660 5897 2800 5952 enim
2828 5896 3021 5952 diuum
3052 5887 3165 5964 est,
3195 5896 3247 5949 ίη
3275 5912 3370 5949 auo
3396 5895 3518 5948 mihi
3547 5892 3773 5961 εοηρρια.

1195 471 1282 526 DE
1325 467 1668 526 consensu
1719 445 2362 532 EVANGELISTARUM,
2405 465 2464 521 s.
2504 461 2866 523 aucusruu

3579 463 3719 522 1092

2149 587 2204 631 ut
2222 591 2357 632 unus
2383 577 2837 646 Evangelistarum
2872 575 2996 632 hinc
3034 574 3208 644 aliud,
3255 571 3346 628 alii
3383 587 3510 629 vero
3553 573 3716 641 alitd,

2148 684 2331 722 omnes
2351 681 2522 724 tamen
2544 685 2726 724 verum
2747 669 3090 724 narraverint.
3119 668 3173 723 Si
3197 677 3372 723 autem
3394 668 3524 730 nihil
3551 669 3726 724 inten-

2148 761 2223 816 dit
2246 761 2514 829 Joannes,
2543 778 2667 818 cum
2706 763 2772 818 de
2817 762 3188 822 calceamentis
3235 761 3444 816 Domini
3494 760 3722 829 diceret,

2149 855 2250 911 nisi
2276 856 2639 912 excellentiam
2663 856 2777 925 ejus
2798 865 2850 910 et
2877 855 3221 911 humilitatem
3245 869 3423 920 suam;
3451 854 3729 922 quodlibet

2151 948 2338 1003 borum
2369 948 2593 1015 dixerit,
2621 948 2732 1003 sive
2757 947 2822 1002 de
2851 946 3100 1002 solvenda
3132 947 3360 1017 corrigia
3387 946 3728 1002 calceamen-

2153 1048 2346 1103 torum,
2371 1039 2482 1094 sive
2501 1039 2566 1094 de
2588 1038 2856 1108 portandis
2876 1038 3264 1106 calceamentis,
3286 1037 3525 1092 eamdem
3550 1047 3733 1092 tamen

2152 1119 2465 1185 sententiam
2493 1130 2678 1195 tenuit,
2709 1130 2945 1201 quisquis
2966 1129 3123 1184 etiam
3156 1129 3335 1186 verbis
3359 1129 3468 1182 suis
3497 1144 3593 1198 per
3617 1129 3732 1182 cal-

2153 1229 2548 1276 ceamentorum
2578 1220 3135 1280 commemorationem
3175 1219 3418 1275 eamdem
3458 1217 3732 1288 signiﬁca-

2154 1313 2352 1367 tionem
2396 1313 2704 1367 bumilitatis
2729 1313 3025 1382 expressit,
3057 1311 3195 1368 unde
3222 1311 3289 1374 ab
3330 1311 3514 1366 eadem
3547 1310 3735 1365 volun-

2156 1412 2263 1458 tate
2306 1419 2412 1458 non
2449 1404 2732 1459 aberravit.
2777 1404 2927 1460 Utilis
2963 1403 3121 1475 igitur
3162 1402 3352 1459 modus
3379 1412 3433 1458 et
3457 1403 3734 1460 memoria:

2157 1496 2383 1550 maxime
2406 1495 2873 1562 commendandus,
2893 1511 3010 1550 cum
3039 1496 3104 1551 de
3120 1495 3480 1552 convenientia
3508 1495 3736 1550 dicimus

2158 1587 2611 1658 Evangelistarum
2631 1628 2646 1653 ,
2679 1603 2782 1644 non
2813 1603 2932 1642 esse
2959 1586 3294 1642 mendacium
3321 1626 3335 1652 ,
3362 1601 3484 1640 (mm
3513 1585 3740 1656 quisque

2158 1680 2316 1734 etiam
2340 1680 2522 1737 dicens
2545 1679 2737 1750 aliquid
2762 1678 2904 1734 aliud
2931 1679 3066 1749 quod
3090 1679 3246 1734 etiam
3273 1678 3360 1755 ille
3384 1693 3489 1732 non
3517 1677 3651 1732 dixit
3669 1676 3741 1732 de

2135 1788 2264 1840 -quo
2292 1773 2483 1842 aliquid
2512 1782 2708 1840 narrat,
2736 1773 3061 1826 voluntatem
3088 1781 3262 1826 tamen
3307 1772 3423 1840 ejus
3467 1769 3604 1824 hanc
3645 1784 3740 1822 ex-

2159 1865 2350 1933 plicat,
2383 1879 2541 1932 quam
2568 1865 2726 1919 etiam
2755 1864 2841 1920 ille
2871 1864 2964 1935 qui
3001 1864 3117 1933 ejus
3145 1863 3308 1919 verba
3332 1871 3734 1918 commemorat.

2163 1955 2234 2010 Ita
2261 1957 2402 2011 extim
2424 1956 2707 2012 salubriter
2726 1956 2997 2024 discimus,
3026 1955 3158 2012 nihil
3183 1955 3324 2010 aliud
3347 1970 3468 2011 esse
3491 1969 3741 2025 quaeret»

2161 2049 2306 2115 dum,
2337 2064 2492 2119 quam
2517 2048 2642 2118 quid
2668 2049 2796 2103 velit
2823 2048 2910 2102 ille
2933 2049 3022 2118 qui
3047 2047 3299 2117 loquitur.

2440 2138 2663 2194 CAPUT
2695 2137 3001 2194 Xlll.—-De
3027 2138 3280 2208 baptizata
3311 2136 3454 2192 Jesu.

2187 2299 2190 2302 _
2233 2229 2320 2285 50.
2360 2227 2610 2299 Sequitur
2645 2244 2772 2299 ergo
2811 2229 3105 2294 Mattbaeus,
3133 2235 3191 2284 et
3229 2227 3395 2283 dicit:
3428 2225 3572 2280 Tunc
3596 2224 3743 2279 venit

2164 2320 2311 2376 Jesus
2330 2338 2362 2374 a
2382 2320 2594 2374 Galilaza
2618 2321 2671 2374 in
2696 2321 2972 2374 Iordanem
2999 2320 3064 2374 ad
3079 2318 3346 2383 Joannem,
3377 2326 3432 2372 ut
3455 2317 3740 2387 baptisare-

2167 2420 2250 2465 tur
2277 2410 2338 2466 ab
2362 2428 2438 2465 eo.
2465 2410 2689 2464 Joannes
2717 2421 2881 2464 autem
2909 2409 3196 2480 prohibebat
3226 2425 3340 2464 eum
3361 2449 3376 2472 ,
3404 2409 3608 2463 dicens:
3630 2406 3746 2476 Ego

2166 2519 2198 2561 α
2242 2514 2288 2558 te
2329 2502 2481 2556 debeo
2515 2501 2800 2573 baptizari,
2831 2509 2876 2555 et
2907 2511 2961 2556 tu
2988 2502 3125 2556 uenis
3166 2500 3234 2553 ad
3272 2499 3387 2554 me?
3415 2496 3745 2568 Respondeas

2167 2606 2336 2650 autem
2371 2593 2542 2660 Iesus,
2585 2594 2714 2648 dixit
2743 2593 2826 2647 ei:
2849 2592 2973 2646 Sine
3005 2593 3186 2657 modo;
3211 2591 3283 2644 sic
3307 2590 3437 2644 enim
3475 2588 3612 2641 decet
3651 2601 3746 2640 nos

2167 2686 2374 2756 implere
2392 2701 2584 2739 omnem
2597 2683 2869 2754 justitiam.
2892 2681 3030 2736 Tunc
3056 2681 3244 2736 dimisit
3263 2696 3393 2734 eum.
3417 2679 3748 2732 Attestantur

2169 2787 2224 2834 et
2249 2778 2426 2834 caeteri
2453 2777 2653 2832 venisse
2683 2775 2863 2831 Jesum
2893 2773 2961 2829 ad
2983 2773 3262 2830 Joannem.
3296 2770 3620 2840 Baptizatum
3648 2781 3748 2821 au-

2172 2879 2276 2926 tem
2323 2879 2430 2924 tres
2475 2874 2894 2926 commemorant
2923 2865 3052 2921 :sed
3079 2872 3255 2919 tacent
3283 2861 3424 2933 quod
3472 2858 3751 2916 [animus

2171 2961 2264 3028 ait,
2304 2960 2504 3015 dixisse
2532 2958 2756 3016 Domino
2783 2957 3064 3022 Joannem,
3105 2955 3190 3014 vel
3233 2952 3423 3010 Joanni
3468 2950 3750 3006 Dominum

2171 3051 2507 3120 reSpondisse
2532 3048 2742 3117 (Matth.
2767 3064 2844 3115 tu,
2866 3048 3048 3116 1545,
3075 3046 3238 3100 Marc.
3264 3060 3304 3110 ι.
3329 3043 3389 3109 9;
3411 3043 3536 3098 Luc.
3559 3039 3749 3108 “1,31,

2171 3155 2216 3200 et
2237 3143 2394 3198 Joan.
2423 3159 2460 3208 1,
2493 3142 2708 3213 52-54).

2277 3234 2498 3290 CAPUT
2536 3233 2674 3289 XIV.
2695 3261 2768 3273 -—
2790 3231 2869 3288 De
2903 3231 3220 3303 verbissocis
3265 3233 3414 3302 (add:
3440 3229 3503 3284 ds
3526 3227 3651 3284 cole

2710 3340 2862 3394 super
2885 3323 3214 3394 baptismum.

2245 3416 2332 3470 3i.
2379 3413 2579 3469 Deinde
2616 3413 2852 3482 sequitur
2897 3413 3174 3467 Mattbaeus
3207 3430 3219 3465 :
3251 3410 3546 3481 Baptizatus
3583 3416 3756 3462 autem

2174 3506 2450 3578 confestim.
2471 3505 2694 3560 ascendit
2723 3505 2784 3559 de
2809 3521 2960 3575 aqua.
2991 3504 3054 3557 Et
3078 3520 3189 3558 ecce
3214 3503 3376 3574 aperti
3400 3510 3516 3556 sunt
3539 3500 3586 3552 ei
3609 3498 3756 3564 ccli,

2175 3609 2221 3653 et
2257 3599 2377 3652 vidit
2407 3598 2657 3668 Spiritum
2688 3596 2782 3650 Dei
2807 3596 3185 3650 descendentem
3209 3596 3337 3648 sicut
3361 3592 3644 3647 columbam
3665 3631 3681 3654 ,
3709 3599 3759 3642 et

2175 3693 2446 3746 venientem
2471 3707 2620 3760 super
2647 3706 2718 3745 se.
2747 3688 2812 3742 Et
2834 3705 2946 3743 ecce
2973 3703 3068 3742 voa:
3094 3686 3156 3742 de
3173 3687 3309 3740 cretis
3334 3685 3542 3738 dicens:
3567 3680 3667 3735 Hic
3684 3688 3760 3734 est

2175 3782 2343 3836 Filius
2388 3797 2524 3835 meus
2567 3781 2810 3844 dilectus,
2850 3779 2904 3832 in
2937 3795 3034 3848 quo
3077 3777 3199 3830 mihi
3235 3772 3536 3844 complacui.
3565 3771 3679 3824 Hoc
3704 3776 3762 3824 et

2176 3874 2264 3926 alii
2291 3873 2395 3927 duo
2418 3912 2434 3939 ,
2461 3871 2666 3924 Marcus
2689 3878 2744 3924 et
2767 3869 2935 3923 Lucas
2953 3908 2968 3935 ,
2997 3867 3240 3922 similiter
3266 3873 3485 3922 narrant
3516 3880 3529 3915 :
3561 3861 3658 3916 sed
3686 3860 3761 3916 de

2175 3964 2352 4020 verbis
2392 3963 2536 4018 vocis
2573 3977 2690 4032 qua:
2724 3961 2791 4016 de
2828 3961 2965 4016 coelo
2992 3960 3124 4014 facta
3152 3967 3267 4024 est,
3296 3956 3502 4012 variant
3527 3953 3761 4009 locutio-

2179 4075 2335 4128 nem,
2380 4058 2524 4112 salva
2564 4065 2740 4110 tamen
2783 4054 3064 4109 sententia.
3101 4050 3254 4118 Quod
3294 4049 3437 4103 enim
3476 4045 3762 4105 Mattheus

2178 4153 2250 4210 ait
2293 4151 2489 4204 dictum
2514 4189 2530 4216 ,
2581 4147 2682 4202 Hic
2720 4155 2792 4199 est
2836 4144 3000 4199 Filius
3028 4159 3165 4196 meus
3193 4141 3403 4194 dilectus
3421 4180 3436 4206 ,
3465 4146 3520 4193 et
3542 4137 3630 4191 alii
3653 4136 3764 4190 duo

2179 4243 2399 4308 dicunt,
2441 4240 2522 4296 Tu
2562 4256 2614 4294 es
2644 4238 2810 4292 Filius
2836 4252 2972 4290 meus
2995 4235 3234 4298 dilectus,
3261 4231 3326 4286 ad
3356 4229 3601 4286 eamdem
3631 4242 3764 4284 seu—

2182 4337 2397 4392 tentiam
2440 4330 2802 4403 explicandam
2845 4329 3013 4393 valet,
3043 4327 3184 4381 sicut
3213 4323 3455 4394 superius
3479 4329 3764 4376 tractatum

2180 4437 2279 4483 est.
2314 4425 2422 4481 Vox
2449 4425 2590 4480 enim
2612 4421 2845 4478 caelestis
2875 4433 3036 4474 unum
3062 4419 3249 4472 borum
3276 4415 3444 4480 dixit,
3465 4413 3558 4467 sed
3580 4412 3764 4466 Evan-

2181 4519 2365 4589 gelista
2391 4515 2672 4572 ostendere
2701 4513 2864 4568 voluit
2886 4512 2951 4566 ad
2977 4511 3029 4565 id
3059 4509 3238 4565 valere
3262 4507 3404 4578 quod
3429 4507 3626 4571 dictum
3657 4513 3764 4570 est,

2185 4611 2284 4665 Hic
2313 4621 2384 4664 est
2413 4609 2577 4663 Filius
2603 4623 2758 4672 meus,
2791 4614 2846 4658 ut
2876 4605 2977 4658 illis
3005 4603 3174 4672 potius
3197 4599 3284 4671 qui
3310 4597 3596 4653 audiebant
3621 4595 3767 4650 indi-

2183 4710 2394 4757 caretur
2427 4699 2565 4769 quod
2606 4698 2717 4766 ipse
2742 4703 2884 4752 esset
2909 4695 3076 4749 Filius
3119 4693 3242 4759 Dei,
3281 4699 3439 4760 atque
3466 4689 3537 4743 ita
3561 4687 3768 4742 dictum

2185 4792 2384 4848 referre
2411 4789 2610 4856 voluit,
2638 4787 2717 4843 Tu
2743 4805 2795 4844 es
2826 4785 2990 4842 Filius
3015 4800 3174 4850 meus,
3197 4799 3260 4838 ac
3284 4782 3326 4838 si
3353 4780 3617 4836 diceretur
3639 4778 3768 4846 illis,

2188 4884 2286 4939 Hic
2328 4893 2401 4938 cst
2445 4882 2608 4937 Filius
2654 4897 2810 4934 meus.
2854 4878 2968 4934 Non
3007 4877 3146 4934 enim
3183 4874 3398 4931 Christo
3435 4872 3772 4935 indicabatur

2186 4975 2325 5046 quod
2371 4973 2569 5029 sciebat
2615 4990 2627 5026 :
2675 4971 2772 5028 sed
2811 4969 3097 5026 audiebant
3135 4966 3224 5036 qui
3265 4965 3515 5031 aderant,
3547 4972 3770 5033 propter

2187 5083 2320 5141 quos
2357 5068 2513 5124 etiam
2560 5070 2673 5136 ipsa
2717 5080 2817 5119 vox
2859 5062 2995 5118 facta
3031 5070 3132 5117 est.
3162 5059 3277 5116 Jam
3308 5073 3435 5114 vero
3460 5056 3600 5128 quod
3631 5055 3772 5110 alios

2189 5162 2342 5227 dicit,
2385 5161 2439 5214 in
2479 5176 2576 5230 quo
2618 5159 2738 5234 mihi
2765 5157 3077 5230 complacui;
3103 5155 3267 5220 alius,
3294 5153 3348 5206 in
3377 5162 3423 5206 te
3445 5149 3769 5220 complacui,

2189 5254 2340 5318 alius,
2369 5253 2420 5306 in
2445 5259 2489 5305 te
2513 5250 2813 5320 complacuit
2842 5248 2962 5302 mihi
2992 5245 3202 5318 (Matth.
3229 5258 3319 5308 ιιι,
3345 5242 3437 5308 16,
3469 5240 3532 5294 17
3557 5255 3572 5304 ;
3597 5238 3768 5291 Marc.

2190 5359 2238 5409 ι,
2283 5344 2348 5399 10
2370 5385 2382 5406 ,
2416 5344 2476 5398 11
2501 5383 2518 5410 ,
2549 5351 2596 5396 et
2621 5341 2747 5395 Luc.
2775 5355 2862 5406 tu,
2889 5338 2979 5409 22)
3009 5355 3021 5392 :
3051 5337 3095 5392 si
3124 5337 3319 5407 quaeris
3343 5333 3469 5404 quid
3494 5331 3686 5387 horum
3715 5329 3770 5382 in

2194 5437 2278 5492 illa
2305 5452 2432 5492 voce
2461 5435 2697 5490 senuerit
2716 5476 2732 5502 ,
2764 5433 3033 5504 quodlibet
3059 5430 3268 5499 accipe,
3293 5424 3581 5484 dummodo
3609 5422 3771 5477 intel—

2193 5528 2324 5600 ligas
2368 5543 2460 5585 eos
2505 5528 2593 5599 qui
2639 5542 2742 5582 non
2784 5526 3024 5582 eamdem
3067 5523 3391 5580 locutionem
3433 5520 3768 5583 retulerunt,

2193 5619 2433 5674 eamdem
2455 5619 2702 5676 retulisse
2729 5619 3063 5674 sententiam.
3091 5615 3222 5683 Quae
3247 5614 3524 5671 diversitas
3544 5611 3774 5669 locutio-

2193 5728 2320 5767 num
2363 5712 2427 5766 ad
2474 5711 2574 5766 hoc
2611 5695 2769 5767 etiam
2809 5710 2951 5764 utilis
2993 5717 3109 5775 est,
3152 5723 3219 5762 ne
3255 5723 3358 5761 uno
3383 5693 3540 5761 modo
3568 5703 3771 5758 dictum

2194 5804 2369 5858 minus
2394 5802 2716 5874 intelii‘gatur
2734 5843 2748 5869 ,
2775 5810 2832 5857 et
2851 5803 3002 5858 aliter
3020 5815 3174 5872 quam
3199 5812 3284 5856 res
3305 5805 3363 5856 Se
3389 5797 3570 5866 habet,
3599 5799 3770 5853 inter-
