4082 6470
262 436 404 498 1093

257 558 339 613 cui
362 598 378 623 ,
407 557 450 613 si
481 557 609 614 velit
635 555 754 629 quis
782 557 852 613 ita
882 553 1177 630 intelligere
1197 601 1211 627 ,
1241 567 1301 614 ut
1328 558 1469 615 Deus
1498 559 1550 614 in
1582 554 1719 615 Filio
1741 558 1843 616 sibi

257 650 524 720 placuisse
544 648 822 716 videatur;
855 630 1170 706 admonetur
1190 652 1253 707 ex
1276 666 1340 706 eo
1361 642 1501 722 quod
1524 652 1720 707 dictum
1745 646 1847 721 est,

256 743 311 796 in
339 744 390 795 te
425 738 724 812 complacui;
770 738 825 796 Si
852 756 1037 797 rursus
1064 758 1129 798 ex
1159 738 1260 797 hoc
1287 744 1394 798 uno
1424 726 1678 814 intelligat
1703 745 1846 814 quis;

255 834 383 905 que,
412 833 463 887 in
494 830 627 888 Filio
654 830 866 889 Patrem
896 832 1155 904 placuisse
1177 830 1515 901 hominibus;
1542 830 1854 890 admonetur

256 926 321 982 ei:
343 941 412 981 eo
437 924 576 998 quod
604 923 802 980 dictum
829 930 943 993 eSt,
975 925 1029 981 in
1062 938 1108 981 te
1130 924 1433 996 complacuit
1469 924 1610 981 inihi.
1644 924 1722 982 Ex
1749 943 1853 998 quo

256 1017 390 1072 satis
419 1018 676 1089 apparet,
708 1016 928 1087 ‘quiiibet
960 1016 1416 1089 Evangeiistarum
1445 1014 1680 1075 caelestis
1708 1017 1854 1075 vocis

256 1109 416 1163 etiam
464 1108 627 1163 verba
674 1109 934 1174 tenuerit,
986 1106 1118 1164 alios
1167 1106 1234 1163 ad
1264 1110 1505 1164 eamdem
1537 1108 1852 1165 sententiam

256 1194 566 1251 familiarius
603 1198 973 1267 espli‘canda‘m
1017 1199 1178 1255 verba
1210 1204 1441 1254 variasse
1470 1215 1482 1253 :
1514 1208 1569 1255 ut
1596 1200 1856 1271 intelliga-

257 1298 343 1343 tur
372 1288 474 1344 hoc
503 1289 701 1345 dictum
733 1294 851 1347 esse
881 1291 948 1346 ab
978 1292 1255 1357 omnibus,
1283 1294 1531 1363 tanquam
1564 1290 1852 1361 diceretur,

258 1383 315 1436 in
341 1389 393 1438 te
426 1382 674 1453 placitum
698 1392 871 1439 meum
900 1384 1152 1439 constitui
1177 1426 1192 1451 ,
1218 1384 1318 1439 hoc
1348 1394 1448 1453 est,
1481 1382 1577 1457 per
1597 1396 1647 1441 te
1668 1386 1856 1457 gerere

256 1472 394 1542 quod
426 1474 551 1528 mihi
580 1474 771 1544 placet.
801 1475 931 1529 illud
954 1490 1080 1530 vero
1101 1475 1239 1547 quod
1264 1468 1499 1531 nonnulli
1524 1477 1735 1533 codices
1758 1478 1855 1532 iia-

256 1564 384 1618 bent
429 1565 719 1620 secundum
762 1566 957 1620 Lucam
985 1610 999 1633 ,
1033 1566 1135 1622 iioc
1166 1564 1256 1622 illa
1288 1570 1417 1623 vo‘c‘e
1442 1569 1685 1624 Sonuissc
1713 1566 1855 1639 quod

255 1656 309 1711 in
352 1657 565 1713 Psalmo
593 1659 848 1731 scriptum
880 1668 993 1727 est,
1031 1659 1193 1714 Filius
1221 1662 1362 1715 meus
1390 1664 1441 1715 es
1469 1664 1519 1714 tu
1542 1703 1556 1727 ,
1587 1678 1676 1733 ego
1708 1654 1856 1716 hodie

256 1749 408 1819 genui
440 1760 487 1805 te
513 1750 684 1823 (Ptol.
718 1768 791 1819 ιι,
822 1753 879 1824 '7)
905 1769 918 1819 ;
947 1752 1247 1825 quanquam
1276 1755 1328 1809 in
1357 1752 1737 1826 antiquioribus
1765 1772 1856 1811 co-

256 1840 460 1895 dicibus
485 1842 674 1911 grzceis
697 1858 800 1897 non
830 1843 1057 1899 inveniri
1091 1840 1462 1914 perhibeatur,
1492 1842 1667 1901 tanien
1691 1848 1734 1902 si
1758 1844 1856 1901 ali-

255 1932 447 2002 quibus
490 1932 594 1988 ilde
631 1932 803 2004 dignis
848 1934 1241 2005 exemplaribus
1295 1924 1597 1990 conlirmari
1653 1937 1852 2006 possit,

255 2023 381 2094 quid
411 2025 553 2080 ali‘dd
579 2028 737 2096 quam
766 2030 1049 2097 utrumque
1078 2026 1479 2097 intelligendum
1513 2032 1595 2084 eSt
1621 2021 1856 2099 quolibet

256 2116 534 2172 verborum
568 2118 755 2175 ordine
784 2118 851 2175 de
877 2119 1014 2175 cmlo
1040 2116 1328 2175 sonuisse?

256 2196 481 2267 CAPUT
516 2202 720 2266 ΧΨ-
748 2210 1012 2277 Quomodo
1042 2212 1312 2267 secundum
1338 2208 1595 2268 Joannem
1618 2208 1854 2283 Evange-

325 2302 492 2358 listant
512 2298 646 2358 dicat
668 2294 891 2359 Joannes
915 2305 1167 2376 Baptista,
1192 2305 1302 2376 Ego
1328 2323 1427 2360 non
1452 2314 1686 2361 noveram
1708 2323 1820 2361 eum
1834 2322 1856 2371 ;

325 2400 439 2448 cum
490 2397 764 2450 secundum
811 2397 937 2451 alios
984 2399 1266 2452 inveniatur
1308 2398 1443 2470 quod
1483 2400 1598 2470 jam
1650 2400 1856 2452 noverat

328 2488 463 2542 eum.
578 2560 581 2561 ν

320 2570 413 2631 32.
438 2570 589 2643 Quod
616 2572 793 2632 autem
825 2580 1115 2635 secundum
1136 2572 1395 2636 Joannem
1421 2572 1486 2636 d‘e
1506 2582 1751 2637 columba
1774 2583 1853 2638 di-

252 2656 423 2734 citur,
468 2670 574 2723 non
616 2666 825 2740 qnando
872 2662 1067 2727 factum
1117 2672 1197 2728 est
1242 2680 1523 2740 narratur,
1569 2672 1661 2728 sed
1692 2675 1852 2730 verba

252 2757 472 2813 Joannis
496 2757 745 2829 Baptistae
768 2752 1069 2817 referuntur
1083 2758 1551 2818 commemorantis
1568 2754 1693 2835 quid
1708 2762 1853 2820 vidc-

251 2850 340 2904 rit.
386 2850 442 2904 in
481 2852 584 2922 quo
616 2852 871 2922 quaeritur
893 2896 905 2918 ,
947 2854 1394 2925 quemadmodum
1424 2852 1620 2910 dictum
1654 2854 1753 2920 sit,
1786 2856 1852 2910 Et

252 2940 343 3013 ego
382 2950 481 2995 non
529 2946 763 2997 noveram
806 2960 953 3011 eum,
995 2944 1080 2999 Sed
1118 2940 1204 3015 qui
1246 2946 1380 3000 misit
1415 2950 1489 3000 me
1516 2938 1771 3017 baptizare
1798 2948 1851 3002 in

251 3040 424 3106 aqua,
469 3032 557 3089 ille
591 3036 717 3090 mihi
753 3037 916 3103 dixit,
963 3038 1130 3109 Super
1176 3056 1321 3109 quem
1373 3041 1554 3095 videris
1599 3038 1851 3112 Spiritum

251 3127 630 3181 descendentem
658 3136 704 3181 et
726 3134 1007 3184 ntanentem
1027 3146 1176 3199 super
1196 3148 1307 3184 eam
1332 3174 1344 3195 ,
1375 3130 1454 3185 hic
1480 3138 1552 3186 est
1574 3134 1657 3202 qui
1684 3134 1847 3203 bapti-

251 3225 334 3272 καί
373 3218 427 3270 in
473 3216 671 3288 Spiritu
713 3229 884 3273 sancto
912 3219 1068 3292 (Joan
1095 3234 1141 3286 ι,
1171 3220 1285 3292 55).
1318 3222 1373 3278 Si
1404 3224 1545 3278 enim
1576 3228 1701 3278 tunc
1726 3218 1849 3313 enin

252 3308 529 3378 cogndvit,
572 3325 691 3364 cum
737 3309 1031 3364 columbam
1076 3310 1208 3366 vidit
1249 3310 1660 3369 descendentem
1691 3308 1850 3383 super

255 3410 377 3454 eum
411 3442 424 3465 ,
476 3400 821 3469 quaerendum
865 3410 948 3457 est
992 3403 1258 3472 quomodo
1298 3396 1490 3459 dixerit
1530 3408 1763 3461 venienti
1794 3404 1850 3462 ut

252 3489 644 3560 baptizaretur,
688 3492 799 3563 Ego
840 3495 1001 3564 magis
1041 3511 1071 3548 a
1099 3504 1145 3548 te
1171 3495 1322 3549 debeo
1355 3498 1601 3567 baptizari
1634 3486 1845 3571 (Matth.

252 3598 331 3648 ιιι⁷
364 3584 449 3654 id)
482 3600 495 3637 :
529 3585 632 3640 hoc
659 3586 798 3640 enim
822 3584 868 3640 ci
900 3586 1030 3641 dixit
1056 3596 1338 3657 antequam
1363 3591 1603 3646 columba
1626 3592 1847 3648 descen-

251 3673 423 3728 deret.
452 3672 529 3729 Ex
554 3692 657 3746 quo
678 3685 919 3747 apparet,
945 3681 1184 3748 quamvis
1212 3697 1331 3735 eum
1356 3681 1465 3750 jam
1491 3682 1671 3738 nosset
1698 3685 1846 3755 (nam

253 3767 413 3821 etiam
457 3762 511 3821 in
558 3778 707 3823 utero
750 3770 933 3825 matris
974 3772 1294 3839 exsultavit,
1327 3790 1446 3828 cum
1478 3772 1542 3829 ad
1576 3774 1846 3832 Eiisabcth

251 3856 418 3913 Maria
447 3859 678 3914 venisset
703 3858 851 3931 (Luc.
886 3876 934 3926 ι,
964 3860 1054 3933 ΑΗ)
1078 3905 1092 3928 ,
1120 3864 1316 3934 aliquid
1344 3874 1520 3921 tamen
1546 3868 1594 3921 in
1620 3886 1683 3923 eo
1705 3868 1846 3940 quod

252 3949 492 4003 nondum
542 3962 802 4016 noverat,
852 3953 1113 4007 columba:
1160 3954 1508 4011 deScensione
1556 3954 1842 4027 didicisse,

254 4038 394 4109 quod
425 4040 539 4110 ipse
570 4038 771 4097 scilicet
798 4040 1089 4112 baptizaret
1118 4046 1169 4098 in
1196 4045 1397 4115 Spiritu
1424 4059 1607 4104 sancto
1634 4046 1845 4122 propria

252 4133 480 4203 quadam
505 4143 557 4189 et
580 4134 758 4189 divina
790 4146 1049 4206 potestate
1075 4156 1087 4192 ε
1112 4148 1167 4192 ιιι
1189 4139 1361 4195 nullus
1391 4140 1552 4197 homo
1578 4145 1666 4214 qui
1691 4161 1846 4202 acce-

253 4227 420 4293 pisset
449 4240 476 4278 a
504 4224 615 4281 Deo
642 4226 967 4297 Baptismum
992 4270 1004 4293 ,
1037 4231 1244 4285 etiamsi
1273 4231 1504 4302 aliquem
1531 4233 1843 4306 baptizaret,

253 4325 435 4384 posset
474 4316 651 4373 dicere
680 4334 832 4373 suum
863 4318 1144 4391 essequod
1177 4323 1409 4379 traderet
1431 4367 1445 4389 ,
1480 4327 1561 4382 vel
1590 4342 1619 4382 a
1646 4342 1704 4383 sc
1732 4315 1847 4384 dari

253 4406 511 4477 Spiritum
544 4417 805 4463 sanctum.

559 4501 785 4559 CAPUT
815 4500 951 4558 XVI.
984 4536 1053 4545 —
1080 4494 1158 4560 De
1187 4515 1369 4562 tentato
1396 4504 1539 4563 Jesu.

320 4592 415 4648 3'5.
452 4592 700 4664 Sequitur
740 4590 1047 4662 Matutinus,
1090 4608 1143 4653 et
1170 4599 1295 4653 dicit
1342 4618 1354 4653 :
1404 4596 1541 4653 Tunc
1569 4590 1719 4655 .lesas
1749 4603 1848 4655 du—

253 4694 362 4737 ctus
384 4695 454 4737 est
478 4682 526 4737 in
570 4686 818 4739 desertum
852 4705 881 4739 α
913 4686 1111 4758 Spiritu
1135 4732 1147 4753 ,
1183 4701 1237 4743 ut
1265 4699 1541 4745 tentaretur
1568 4702 1597 4745 α
1626 4694 1845 4751 diabolo.

258 4776 322 4828 Et
352 4794 464 4830 cum
484 4779 761 4849 jejunasset
781 4782 1117 4852 quadraginta
1139 4774 1311 4837 diebus
1333 4794 1378 4837 et
1399 4785 1734 4857 quadraginta
1754 4804 1849 4841 uo-

252 4871 446 4934 ctibus,
496 4882 666 4942 postea
705 4875 896 4929 csmiit.
943 4874 1010 4927 Et
1054 4866 1541 4933 accedmislentator
1579 4881 1705 4934 dixit
1758 4882 1803 4935 ei
1832 4898 1851 4936 :

253 4963 319 5017 Si
352 4963 489 5031 [ilius
518 4963 613 5018 Dei
639 4982 719 5031 es,
753 4966 833 5041 dic
868 4978 921 5021 nt
951 4964 1144 5040 lapides
1172 4970 1252 5024 isti
1284 4978 1434 5041 panes
1465 4973 1604 5041 ﬁant.
1643 4970 1741 5039 Qui
1773 4993 1851 5029 re-

251 5055 508 5122 spondens
550 5056 678 5109 dixit
722 5073 738 5110 :
782 5056 1043 5129 Scriptum
1083 5060 1188 5127 est,
1224 5060 1343 5116 Non
1370 5063 1420 5115 in
1451 5078 1578 5131 pane
1602 5066 1708 5118 solo
1735 5067 1851 5120 vivit

252 5149 406 5201 homo
434 5150 450 5179 ¹
473 5190 487 5213 ,
538 5151 626 5205 sed
667 5153 719 5205 in
766 5156 902 5207 omni
928 5156 1071 5209 verba
1097 5152 1232 5227 quod
1264 5154 1483 5226 procedit
1512 5159 1573 5211 de
1602 5176 1686 5213 ore
1717 5148 1847 5228 Dei,

252 5250 358 5295 etc.
410 5252 577 5312 usque
617 5244 683 5299 ad
713 5244 761 5300 id
794 5246 934 5316 quod
973 5244 1171 5304 dictum
1199 5259 1310 5318 est,
1345 5244 1482 5305 Tunc
1511 5248 1709 5325 reliquit
1738 5273 1851 5310 eum

252 5333 489 5389 diabolus
511 5353 531 5402 ;
572 5348 618 5392 et
659 5355 768 5393 ecce
796 5341 973 5410 Angeii
1001 5342 1310 5397 accesserunt
1338 5354 1383 5397 et
1412 5345 1756 5400 ministrabant
1781 5350 1846 5404 ei.

254 5426 447 5480 Totum
470 5418 573 5482 hoc
598 5431 839 5485 similiter
860 5430 1029 5487 Lucas
1053 5443 1261 5496 narrat,
1295 5430 1392 5490 etsi
1418 5438 1520 5489 non
1548 5436 1735 5492 eodem
1762 5456 1846 5493 or-

252 5515 399 5570 dine.
434 5515 589 5574 Unde
615 5519 872 5576 incertum
904 5530 984 5577 est
1011 5523 1134 5594 quid
1161 5526 1303 5594 prius
1330 5525 1527 5581 factum
1555 5529 1642 5595 sit,
1671 5538 1847 5585 utrum

251 5622 419 5679 regna
470 5617 626 5666 terrae
668 5613 815 5683 prius
859 5612 1219 5671 demonsnata
1249 5617 1356 5673 sint
1382 5617 1464 5684 ei,
1497 5627 1551 5674 et
1579 5628 1761 5691 postea
1792 5622 1844 5677 in

538 5753 637 5797 Rat.
665 5754 717 5822 e‘t
741 5763 867 5822 unus
886 5763 920 5822 re
941 5751 1071 5801 Θου).
1097 5760 1203 5822 ipse.
1242 5752 1359 5811 vivat
1380 5752 1518 5807 homo
1538 5769 1555 5815 ἱ
1579 5757 1627 5815 in
1650 5756 1845 5822 ἷυωΐον

253 5803 388 5921 i'uxstn
414 5822 629 5871 graecum
650 5808 825 5864 zésetai
846 5825 863 5865 :
888 5814 1084 5866 favente
1107 5803 1475 5886 bebrteo'testu
1494 5803 1633 5870 bent.
1786 5803 1845 5887 '8;

1568 428 1773 501 LIBER
1810 432 2168 507 SECUNDUS

3408 464 3551 528 1094

1960 561 2174 632 pinnam
2214 562 2396 638 templi
2426 566 2629 625 levatus
2656 570 2760 639 sit;
2791 588 2857 628 an
2885 574 2985 632 hoc
3011 577 3189 648 prius,
3216 587 3269 634 et
3295 572 3422 637 illud
3452 600 3549 655 po-

1961 663 2093 709 stea.
2123 656 2262 713 Nihil
2293 669 2466 715 tamen
2496 662 2561 716 ad
2590 678 2701 717 rem
2722 707 2736 729 ,
2765 664 2890 719 dum
2921 669 3098 722 omnia
3130 670 3261 725 facta
3283 686 3402 727 esse
3427 690 3545 729 ma-

1962 736 2213 802 nifestum
2258 751 2324 804 sit
2358 768 2370 805 :
2399 746 2451 807 et
2484 750 2624 823 quod
2663 746 2779 810 aliis
2806 744 2984 813 verbis
3011 758 3225 817 easdem
3259 764 3553 825 sententias

1962 838 2131 894 Lucas
2161 834 2406 911 explicat,
2432 860 2533 899 non
2563 850 2774 918 Semper
2791 850 3267 910 commendandum
3288 867 3540 929 estquam

1962 924 2095 987 dibil
2132 932 2384 1021 depereat
2418 936 2645 994 veritati.
2688 936 2893 999 lii-arens
2926 952 3101 1001 antem
3127 924 3413 1006 attestatur
3433 950 3548 1023 qui-

1962 1022 2081 1081 dem
2112 1036 2231 1081 cum
2264 1030 2313 1083 in
2345 1020 2558 1087 deserto
2588 1030 2616 1087 a
2646 1032 2857 1089 diabolo
2887 1052 3005 1092 esse
3033 1046 3289 1097 tentatum
3317 1044 3548 1113 quadra-

1962 1120 2102 1189 ginta
2129 1110 2314 1177 diebus
2341 1132 2393 1178 et
2418 1125 2660 1181 noctibus
2685 1145 2698 1195 ;
2729 1128 2823 1183 sed
2854 1138 2991 1185 tacet
3012 1124 3136 1203 quid
3162 1134 3211 1187 ei
3237 1110 3434 1192 dictum
3461 1138 3550 1206 sit,

1963 1212 2155 1282 quidve
2184 1206 2537 1286 responderit.
2568 1208 2696 1273 ltcm
2722 1216 2861 1291 quod
2884 1222 3054 1278 Lucas
3074 1222 3429 1294 praetermisit,
3456 1222 3556 1286 iste

1964 1318 2070 1357 non
2104 1307 2299 1373 tacuit,
2332 1308 2473 1377 quod
2504 1300 2695 1381 Angeli
2726 1306 3096 1369 ministrabant
3124 1310 3197 1370 illi
3229 1310 3443 1388 (Matth.
3469 1316 3551 1389 tv,

1964 1392 2086 1483 i-il
2112 1440 2126 1465 ,
2173 1396 2338 1454 Marc.
2387 1416 2436 1466 ι,
2484 1398 2583 1470 12,
2618 1398 2720 1471 l3,
2752 1416 2795 1460 et
2822 1394 2947 1460 Luc.
2978 1424 3060 1472 ιν,
3094 1410 3247 1483 1-15)
3280 1430 3293 1466 :
3322 1410 3555 1470 Joannes

1962 1504 2091 1544 vero
2122 1497 2289 1545 totum
2318 1492 2475 1547 istum
2508 1494 2681 1549 locum
2707 1498 3068 1567 praetermisit.

1963 1579 2187 1668 CAPUT
2209 1580 2369 1638 XVII.
2386 1616 2457 1625 —
2476 1586 2554 1640 De
2574 1590 2830 1643 vocatione
2859 1590 3199 1662 apostolorum
3231 1598 3554 1668 piscantium.

2037 1660 2123 1729 34.
2170 1671 2417 1747 Sequitur
2458 1695 2682 1735 narrans
2722 1672 3031 1752 Mattiacas,
3077 1684 3205 1742 Cum
3251 1700 3416 1744 autem
3460 1710 3555 1747 au-

1963 1756 2115 1820 disset
2139 1769 2272 1837 quod
2295 1762 2519 1826 Joannes
2545 1774 2759 1829 traditus
2787 1786 2930 1853 esset,
2959 1780 3154 1833 secessit
3178 1781 3229 1835 in
3254 1780 3556 1853 Gttlilwant:

1964 1859 2066 1915 hoc
2094 1869 2147 1915 et
2167 1862 2372 1917 Marcus
2397 1864 2613 1930 dicit,et
2643 1868 2810 1921 Lucas
2842 1850 3053 1939 (lilatth.
3085 1888 3157 1939 ιν,
3190 1872 3288 1941 12;
3318 1874 3482 1931 Marc.
3513 1850 3552 1943 i,

1964 1951 2051 2018 14,
2080 1962 2125 2005 ct
2149 1952 2275 2007 Luc.
2301 1971 2372 2021 tv,
2407 1956 2496 2026 14)
2522 1975 2535 2023 ;
2560 1956 2652 2011 sed
2678 1958 2849 2014 Lucas
2878 1958 2943 2016 de
2968 1962 3173 2018 Joanne
3206 1966 3398 2021 tradito
3423 1962 3554 2024 nihil

1963 2042 2065 2099 hoc
2084 2043 2201 2099 loco
2230 2045 2375 2099 dicit.
2402 2040 2633 2102 Joannes
2659 2060 2835 2105 autem
2863 2042 3217 2123 Eraugclista,
3250 2058 3555 2129 priusquam

1962 2135 2061 2190 iret
2088 2130 2265 2191 ‘Jesus
2309 2134 2361 2191 in
2410 2138 2714 2209 Gaiilmam,
2760 2141 2890 2198 dicit
2934 2128 3148 2201 Petrum
3193 2159 3246 2203 et
3285 2128 3554 2211 Andream

1961 2232 2219 2285 mansnsSe
2249 2246 2368 2285 cum
2399 2230 2493 2286 illo
2523 2249 2628 2287 uno
2659 2233 2777 2304 die,
2811 2246 2863 2289 et
2890 2247 3014 2292 tunc
3043 2240 3202 2295 Petro
3230 2259 3423 2299 nomen
3453 2246 3556 2300 im-

1961 2321 2226 2390 positum,
2268 2338 2389 2377 cum
2419 2332 2573 2379 antea
2604 2324 2787 2381 Simon
2814 2340 3112 2386 vocaretur.
3144 2330 3399 2405 Sequenti
3427 2337 3553 2393 item

1960 2409 2047 2465 die
2085 2412 2195 2481 jam
2237 2410 2504 2469 volentem
2535 2416 2682 2472 exire
2711 2416 2761 2472 in
2793 2408 3063 2476 Galilaeam
3088 2465 3102 2490 ,
3137 2424 3405 2483 invenisse
3432 2428 3557 2484 Phi-

1958 2502 2192 2573 lippum,
2234 2510 2288 2560 et
2321 2505 2368 2560 ei
2411 2506 2608 2562 dixisse
2646 2517 2703 2563 ut
2738 2522 3047 2581 sequeretur
3074 2529 3195 2569 cum
3230 2532 3243 2570 :
3272 2516 3396 2575 inde
3424 2535 3555 2576 ven-

1960 2606 2069 2651 tum
2109 2606 2188 2652 est
2224 2606 2281 2652 ut
2318 2597 2477 2655 etiam
2517 2599 2584 2655 de
2605 2600 2933 2685 Nathanaele
2962 2618 3223 2685 narraret.
3254 2609 3346 2665 Die
3375 2622 3554 2669 autem

1958 2692 2117 2744 tertio
2142 2691 2192 2745 in
2221 2689 2437 2747 Galilma
2471 2686 2844 2762 constitutum,
2878 2684 3069 2751 fecisse
3091 2696 3215 2754 illud
3244 2701 3294 2755 in
3320 2702 3458 2757 Cana
3487 2704 3554 2761 de

1956 2796 2108 2851 aquae
2148 2782 2199 2836 in
2238 2780 2419 2837 vinum
2447 2784 2797 2841 conversione
2828 2785 3139 2842 miraculum
3171 2788 3349 2861 (Joan.
3380 2809 3429 2859 1,
3460 2795 3555 2851 59-

1864 2930 1865 2933 η
1957 2893 2025 2943 ιι,
2077 2876 2188 2952 li).
2237 2879 2366 2946 Quae
2394 2882 2570 2936 omnia
2599 2876 2777 2938 caeteri
2810 2884 3163 2957 Evangelistze
3192 2884 3552 2963 prretermisc-

1956 2981 2116 3041 runt,
2157 2973 2210 3028 id
2247 2983 2594 3031 contexentes
2622 2978 3016 3035 narrationibus
3048 2983 3157 3036 suis
3181 3023 3198 3050 ,
3230 2983 3369 3054 quod
3396 2983 3554 3041 Jesus

1956 3081 2204 3121 reversus
2246 3067 2297 3121 in
2326 3060 2597 3123 Galilrcam
2626 3070 2695 3125 sit
2728 3087 2741 3123 :
2774 3070 2915 3127 unde
2943 3072 3251 3145 intelligitur
3278 3074 3441 3130 fuisse
3468 3076 3554 3131 in-

1958 3159 2242 3227 terpositos
2271 3158 2473 3228 aliquot
2501 3156 2615 3216 dies
2638 3203 2653 3226 ,
2681 3162 2873 3231 quibus
2898 3161 2984 3218 illa
3010 3163 3079 3219 de
3108 3164 3379 3236 discipulis
3399 3176 3552 3237 gesta

1956 3258 2106 3317 sunt,
2154 3266 2270 3320 quae
2314 3250 2720 3322 interponuntur
2761 3269 2790 3308 a
2832 3252 3055 3310 Joanne.
3102 3256 3215 3310 Non
3256 3268 3337 3312 est
3373 3268 3553 3315 autem

1954 3345 2275 3398 contrarium
2322 3345 2371 3401 ei
2416 3347 2565 3413 loco,
2616 3349 2703 3403 ubi
2744 3348 3024 3406 Matthaeus
3063 3362 3240 3407 narrat
3269 3354 3552 3411 Dominum

1954 3436 2151 3511 dixisse
2199 3438 2386 3506 Petro,
2428 3439 2508 3505 Tu
2551 3459 2603 3496 es
2650 3441 2872 3520 Petrus,
2919 3454 2963 3498 et
3002 3462 3154 3515 super
3193 3447 3323 3501 lianc
3360 3456 3554 3520 petram

1952 3526 2213 3597 aediﬁcabo
2261 3527 2539 3584 Ecclesium
2582 3549 2747 3586 meam
2790 3516 3004 3603 (Matt/1.
3049 3552 3169 3603 xvi,
3221 3536 3328 3609 18).
3360 3516 3553 3611 ‘Neque

1952 3619 2093 3672 enim
2128 3619 2228 3674 hoc
2259 3636 2453 3676 nomen
2484 3633 2607 3677 tunc
2633 3625 2903 3693 accepisse
2926 3626 3298 3697 intelligendus
3325 3640 3422 3697 est,
3451 3628 3549 3686 sed

1953 3718 2077 3765 tunc
2117 3712 2293 3780 potius
2316 3754 2331 3777 ,
2363 3712 2576 3781 quando
2602 3715 2652 3769 ei
2678 3714 2913 3770 Joannes
2938 3717 3135 3772 dictum
3165 3734 3283 3774 esse
3312 3734 3550 3777 comme-

1952 3812 2155 3869 morat,
2182 3802 2261 3857 Tu
2291 3803 2540 3859 vocaberis
2570 3804 2767 3875 Cepltas
2785 3848 2800 3872 ,
2828 3808 2962 3877 quod
2984 3809 3341 3880 interpretatur
3362 3811 3549 3867 Petrus

1957 3894 2130 3966 (.loan.
2182 3912 2231 3958 ι,
2275 3896 2364 3964 42)
2395 3915 2407 3949 :
2442 3907 2497 3951 nt
2523 3912 2643 3952 eum
2676 3897 2778 3953 hoc
2807 3900 3021 3955 nomine
3049 3903 3338 3971 appellaret
3368 3916 3550 3973 postea

1954 3986 2206 4041 Dominus
2233 3986 2414 4043 dicens
2437 4030 2451 4056 ,
2488 3988 2562 4041 Tu
2585 4005 2637 4044 es
2668 3987 2870 4044 Petrus.
2902 3990 3017 4046 Non
3051 3995 3191 4048 enim
3216 3996 3325 4063 ait,
3349 3996 3428 4052 'l‘u
3447 4012 3544 4052 vo-

1952 4078 2158 4132 cubaris
2182 4080 2387 4145 Petrus,
2420 4080 2534 4147 sed,
2565 4079 2645 4135 'l'u
2665 4098 2715 4135 es
2736 4080 2960 4149 Petrus;
2983 4084 3123 4154 quod
3146 4086 3193 4141 ei
3209 4086 3318 4156 jam
3343 4087 3544 4143 dictum

1952 4180 2068 4225 erat
2092 4178 2246 4227 antea
2269 4214 2283 4239 ,
2314 4171 2395 4226 Tu
2426 4173 2696 4228 vocaberis.

2022 4288 2110 4342 55.
2154 4287 2355 4343 Deinde
2381 4288 2617 4342 contexit
2646 4286 3004 4343 narrationem
3032 4286 3346 4357 Mattiacas,
3377 4299 3432 4346 et
3458 4291 3547 4348 di-

1952 4380 2024 4435 cit
2066 4397 2078 4432 :
2120 4379 2188 4433 Et
2228 4382 2403 4435 relicta
2420 4381 2636 4441 ‘ivitate
2658 4380 2922 4445 Nazareth
2944 4421 2959 4447 ,
2988 4382 3118 4435 venit
3141 4390 3191 4437 et
3219 4382 3465 4443 habitavit
3490 4386 3549 4440 in

1954 4470 2667 4545 Capharnaummaritima,in
2694 4472 2879 4543 ﬁtu‘bus
2897 4473 3127 4529 Zabulou
3152 4485 3199 4529 et
3228 4474 3543 4548 Nephtalém,

1955 4573 2009 4618 et
2036 4574 2259 4632 caetera,
2293 4580 2567 4635 quousque
2596 4581 2774 4621 sermo
2800 4567 3146 4635 terminetur,
3178 4584 3335 4639 quem
3366 4570 3552 4629 habuit

1955 4656 2008 4709 in
2053 4665 2253 4712 monte.
2296 4654 2355 4712 in
2396 4672 2501 4727 quo
2539 4666 2791 4713 contextu
2828 4659 3153 4716 narrationis
3189 4670 3472 4719 attestatur
3497 4650 3552 4721 ei

1954 4748 2160 4803 Marcus
2188 4747 2255 4803 de
2280 4748 2658 4818 discipulorum
2684 4752 2992 4819 vocatione,
3021 4752 3163 4809 Petti
3193 4767 3246 4810 et
3276 4757 3502 4814 Andreas
3522 4800 3540 4828 ,

1956 4843 2011 4889 et
2048 4835 2209 4903 paulo
2249 4843 2368 4904 post
2406 4834 2591 4891 Jacobi
2630 4845 2684 4891 et
2710 4836 2950 4894 Joannis.
2984 4838 3091 4897 Sed
3120 4857 3243 4898 cum
3272 4842 3549 4901 Matthaem

1956 4925 2209 4981 continuo
2254 4927 2600 4998 conjungeret
2636 4930 2994 4988 narrationem
3038 4933 3231 5003 prolixi
3258 4935 3401 4991 illius
3428 4950 3547 4993 ser-

1957 5019 2131 5073 monis
2159 5034 2313 5088 quem
2339 5019 2392 5073 in
2410 5031 2590 5077 monte
2611 5021 2792 5078 habuit
2813 5066 2829 5091 ,
2862 5033 3207 5097 posteaquam
3236 5029 3432 5085 multos
3453 5046 3549 5087 cu-

1956 5110 2121 5175 ravit,
2149 5120 2203 5165 et
2232 5126 2353 5165 eum
2380 5110 2559 5168 multa:
2582 5115 2748 5171 turbat
2770 5127 2963 5172 secuta:
2987 5128 3128 5182 sunt,
3159 5120 3364 5177 Marcus
3385 5122 3548 5177 inter-

1957 5204 2133 5273 posuit
2172 5203 2313 5273 alia,‘
2334 5207 2457 5277 quia
2484 5207 2714 5265 docebat
2743 5224 2837 5264 eos
2866 5210 2915 5264 in
2945 5226 3208 5283 synagoga
3231 5254 3247 5278 ,
3278 5223 3331 5269 et
3360 5224 3545 5285 stupe—

1955 5298 2084 5353 bant
2104 5313 2264 5370 super
2302 5299 2544 5356 doctrina
2584 5302 2720 5371 ejus.
2772 5302 2922 5359 Tunc
2971 5305 3083 5374 ipse
3125 5306 3294 5371 dixit,
3326 5308 3465 5378 quod
3488 5316 3549 5365 et.

1955 5391 2230 5447 Matthmus
2277 5402 2399 5462 post
2428 5393 2586 5449 illum
2634 5394 2894 5463 prolixum
2927 5404 3259 5464 seimonem,
3291 5400 3411 5470 quia
3437 5410 3548 5457 erat

1955 5484 2137 5539 docens
2159 5500 2243 5538 eos
2268 5486 2414 5553 quasi
2437 5493 2728 5557 potestatem
2748 5486 2957 5553 habens,
2982 5498 3028 5543 et
3058 5508 3155 5544 non
3178 5497 3306 5545 sicut
3326 5491 3543 5565 Scriba.

1954 5578 2199 5635 Narravit
2222 5579 2381 5633 etiam
2407 5579 2474 5635 de
2502 5578 2716 5635 homine
2749 5592 2778 5633 a
2800 5596 2905 5650 quo
2928 5583 3180 5652 expulsus
3202 5595 3281 5640 est
3310 5579 3546 5643 immun4

1953 5671 2053 5726 dus
2077 5671 2332 5740 spiritus;
2364 5669 2554 5726 deinde
2577 5670 2645 5726 de
2673 5686 2828 5727 socru
2849 5671 3011 5727 Petti.
3044 5674 3099 5727 in
3128 5675 3213 5730 Με
3241 5685 3413 5733 autem
3434 5678 3519 5740 Lu

1953 5765 2105 5821 casei
2124 5763 2389 5820 consentit
2416 5761 2623 5835 (Matth.
2641 5781 2710 5827 ιγ,
2735 5766 2920 5831 15,ν11,
2940 5765 3201 5833 29,Μαι’σ.
3228 5785 3264 5837 t,
3290 5771 3469 5841 16-51,
3491 5780 3543 5829 et

1955 5858 2081 5914 Luc.
2115 5872 2199 5926 tv,
2228 5853 2417 5929 51-59)
2450 5872 2463 5912 ξ
2496 5854 2772 5913 laturus
2800 5873 2924 5914 vero
2944 5858 3143 5917 deisto
3160 5860 3430 5921 daemonio
3454 5863 3541 5923 ni-
