4082 6482
571 419 707 479 1095
988 376 1026 412 "
1175 375 1182 382 ’
1252 455 1257 460 .
1327 411 1414 470 οε
1450 408 1798 471 consensu
1838 405 2474 486 EVANGELISTARUM,
2513 411 2570 472 s.
2610 413 2976 476 AUGUSTINI

565 537 638 592 hil
664 533 934 599 narravit;
959 532 1028 590 de
1046 545 1202 589 socru
1221 538 1396 585 autem
1421 527 1564 584 Petri
1582 541 1688 583 non
1714 525 1911 595 tacuit,
1935 523 2027 580 sed
2047 537 2141 594 po-

563 637 669 683 stea
702 625 910 697 (Matth.
940 640 1056 689 vut,
1080 623 1174 689 14,
1202 618 1313 693 15).

633 720 724 775 56.
755 718 811 774 ln
840 718 940 774 hoc
965 727 1140 772 autem
1168 715 1321 783 loco,
1351 728 1509 786 quem
1539 727 1681 770 nunc
1703 709 2136 779 consideramus,

562 811 703 869 idem
729 809 1002 865 Matthteus
1029 817 1147 878 post
1173 806 1504 862 vocationem
1528 804 1924 875 discipulorum,
1946 800 2140 872 quibus

566 901 894 974 piscantibus
926 899 1077 970 jussit
1113 907 1175 954 ut
1209 912 1332 954 eum
1371 905 1757 967 sequerentur,
1798 903 1977 974 narrat
2001 906 2137 947 eum

565 993 814 1049 circuisse
839 990 1108 1048 Galilaeam
1133 1029 1150 1054 ,
1177 989 1455 1044 docentem
1478 988 1529 1042 in
1550 985 1850 1058 synagogis,
1874 991 1929 1040 et
1948 982 2140 1053 praedi-

561 1095 768 1142 cantem
801 1083 1164 1154 Evangelium,
1193 1091 1246 1137 et
1264 1090 1538 1136 sanantem
1559 1094 1770 1135 omnem
1792 1079 2134 1147 languorem;

560 1185 614 1232 et
640 1174 876 1231 collectis
901 1174 966 1227 ad
993 1189 1114 1228 eum
1142 1171 1339 1238 turbis,
1371 1171 1673 1227 ascendisse
1697 1170 1748 1224 in
1778 1176 2013 1223 montem
2039 1209 2054 1233 ,
2082 1173 2137 1222 et

559 1283 714 1322 usum
743 1266 904 1320 fuisse
931 1265 1022 1319 illo
1048 1279 1297 1319 sermone
1327 1263 1550 1333 prolixo.
1576 1261 1675 1316 Dat
1697 1275 1823 1331 ergo
1844 1260 2015 1314 locum
2047 1258 2133 1312 in-

559 1357 845 1427 telligendi,
870 1365 993 1410 tunc
1025 1357 1156 1411 facta
1181 1370 1302 1411 esse
1330 1370 1447 1424 quae
1461 1353 1666 1408 Marcus
1686 1362 1803 1421 post
1818 1351 2132 1407 electionem

557 1447 870 1504 eorumdem
915 1446 1292 1515 discipulorum
1333 1453 1542 1507 narrat,
1565 1458 1686 1498 cum
1716 1443 1966 1497 circuiret
1990 1439 2134 1495 Gali-

555 1538 707 1594 laeam
727 1579 743 1605 ,
774 1547 827 1593 et
845 1537 1061 1593 doceret
1089 1537 1140 1590 in
1162 1536 1440 1608 synagogis
1471 1551 1652 1591 eorum
1684 1552 1698 1589 :
1730 1541 1856 1588 tunc
1885 1533 2044 1588 etiam
2063 1531 2132 1589 de

555 1648 712 1689 socru
755 1633 897 1688 Petri
942 1650 956 1686 :
997 1631 1091 1687 sed
1116 1647 1251 1687 eum
1291 1638 1473 1700 postea
1511 1642 1959 1684 commemorasse
1989 1625 2130 1698 quod

551 1724 963 1794 praetermiserat
987 1765 1003 1789 ,
1042 1722 1283 1793 quamvis
1320 1736 1426 1775 non
1474 1719 1649 1774 omnia
1680 1719 2035 1790 praetermissa
2076 1717 2129 1772 in

547 1817 907 1872 narrationem
933 1813 1282 1870 revocaverit.

621 1909 711 1965 37.
749 1909 887 1965 Sane
923 1916 1098 1978 potest
1131 1920 1372 1968 movere,
1405 1902 1671 1974 quomodo
1694 1901 1925 1956 Joannes
1951 1899 2128 1965 dicat,

550 2015 656 2057 non
685 2017 737 2056 In
763 2001 975 2056 Galilasa
996 2041 1011 2066 ,
1042 1998 1134 2055 sed
1161 1997 1310 2068 juxta
1335 1996 1642 2058 Jordauem,
1667 1994 1838 2064 primo
1858 1993 2126 2047 Andream

547 2102 786 2150 secutum
822 2108 939 2148 esse
967 2092 1244 2146 Dominum
1273 2104 1392 2145 cum
1421 2088 1526 2142 alio
1544 2127 1559 2152 ,
1587 2087 1738 2155 cujus
1766 2101 1959 2140 nomen
1985 2094 2130 2140 tace-

547 2190 637 2238 tur
659 2225 675 2250 ,
717 2183 905 2238 deinde
940 2183 1152 2237 Petrum
1187 2181 1253 2235 ab
1287 2180 1379 2236 illo
1415 2193 1605 2232 nomen
1643 2177 1945 2245 accepisse,
1971 2177 2126 2229 tertio

549 2258 843 2346 Philippum
873 2286 1118 2331 vocatum
1143 2283 1200 2329 ut
1221 2289 1343 2329 eum
1371 2279 1680 2343 sequeretur
1705 2289 1716 2323 :
1743 2271 1919 2325 caeteri
1946 2279 2124 2324 autem

549 2377 655 2424 tres
680 2367 1026 2438 Evangelistze
1051 2367 1117 2422 de
1143 2365 1432 2436 piscatione
1458 2374 1671 2419 vocatos
1691 2378 1782 2416 eos
1799 2363 1976 2416 dicant
1994 2361 2126 2417 satis

547 2459 687 2515 inter
724 2474 782 2514 se
819 2460 1227 2521 convenienter,
1266 2457 1494 2510 maxime
1519 2455 1793 2508 Mattuteus
1817 2462 1872 2508 et
1893 2453 2120 2507 Marcus.

545 2548 673 2604 Nam
713 2549 883 2604 Lucas
915 2549 1180 2604 Andream
1213 2563 1316 2602 non
1345 2545 1614 2613 nominat,
1643 2547 1730 2615 qui
1756 2553 1930 2600 tamen
1959 2544 2122 2599 intel-

543 2639 719 2710 ligitur
755 2641 808 2694 in
847 2655 909 2694 ea
947 2639 1066 2694 navi
1107 2638 1268 2693 fuisse
1307 2637 1598 2692 secundum
1638 2635 1941 2690 Matthaeict
1964 2633 2121 2689 Marci

543 2732 898 2786 narrationem
921 2771 936 2795 ,
965 2730 1052 2800 qui
1082 2729 1311 2784 breviter
1333 2727 1433 2782 hoc
1461 2728 1838 2798 perstringunt,
1864 2727 2120 2796 quemad-

543 2825 756 2879 modum
803 2833 1011 2895 gestum
1050 2823 1118 2876 sit
1147 2840 1160 2874 :
1188 2822 1326 2892 quod
1353 2821 1524 2876 Lucas
1549 2819 1780 2892 apertius
1807 2819 2117 2889 explicavit,

539 2931 962 2970 commemorans
985 2915 1053 2969 ibi
1081 2915 1236 2970 etiam
1260 2914 1570 2968 miraculum
1618 2927 1776 2982 super
1802 2920 2016 2980 captura
2040 2911 2118 2981 pi-

540 3008 729 3073 scium,
748 3017 798 3061 et
821 3006 957 3075 quod
979 3022 1043 3062 ex
1065 3005 1177 3076 ipsa
1202 3005 1322 3060 navi
1351 3006 1603 3061 Dominus
1622 3005 1769 3074 prius
1793 3003 1950 3060 fuerit
1974 3004 2122 3060 locu-

541 3104 627 3153 tus
649 3097 716 3153 ad
742 3099 942 3154 turbas.
973 3099 1084 3154 Hoc
1105 3100 1262 3154 etiam
1287 3099 1493 3155 videtur
1511 3098 1730 3164 distare,
1752 3097 1891 3169 quod
1913 3105 2116 3152 tantum

539 3189 698 3246 Petro
740 3206 769 3244 a
820 3191 1041 3246 Domino
1079 3191 1275 3246 dictum
1318 3199 1732 3257 commemorat,
1777 3190 1861 3245 Ea:
1896 3192 1989 3245 hoc
2001 3192 2117 3262 jam

539 3279 763 3337 homines
799 3283 896 3336 eris
929 3284 1170 3354 capiens;
1207 3282 1349 3352 quod
1378 3282 1450 3336 illi
1477 3283 1733 3338 ambobus
1763 3281 2014 3337 fratribus
2037 3282 2118 3337 di-

537 3381 679 3427 ctum
703 3387 821 3428 esse
849 3385 1145 3427 narrarunt.
1176 3373 1280 3428 Sed
1302 3373 1470 3442 potuit
1485 3374 1663 3443 utique
1685 3374 1830 3442 prius
1845 3371 1946 3428 hoc
1960 3373 2116 3426 Petro

535 3465 672 3529 dici,
695 3481 812 3520 cum
839 3465 905 3520 de
933 3477 1084 3534 capta
1115 3463 1313 3535 ingenti
1343 3465 1674 3519 multitudine
1703 3465 1923 3534 piscium
1950 3464 2114 3519 mira-

533 3566 696 3620 retur,
718 3556 857 3627 quod
882 3555 1051 3613 Lucas
1069 3556 1384 3619 insinuavit;
1406 3564 1460 3610 et
1474 3555 1728 3610 ambobus
1750 3566 1950 3625 postea,
1973 3555 2113 3625 quod

533 3650 608 3705 illi
633 3651 738 3704 duo
767 3657 1332 3704 commemoraverunt.
1357 3646 1486 3702 Illud
1514 3661 1640 3718 ergo
1659 3647 1798 3718 quod
1822 3647 1887 3701 de
1906 3647 2112 3702 Joanne

531 3741 790 3806 diximus,
836 3739 1118 3810 diligenter
1154 3737 1594 3793 considerandum
1634 3748 1716 3792 est
1756 3755 1769 3791 :
1819 3754 1922 3792 non
1967 3738 2109 3792 enim

532 3848 691 3902 parva
721 3831 1064 3901 repugnantia
1096 3829 1266 3900 putari
1291 3838 1491 3898 potest,
1520 3845 1640 3883 cum
1662 3838 1714 3884 et
1739 3830 1972 3883 locorum
1998 3829 2109 3898 plu-
2133 3894 2135 3896 η

532 3925 722 3978 rituum
752 3924 986 3986 intersit,
1009 3932 1060 3977 et
1087 3922 1357 3990 temporis,
1382 3931 1436 3976 et
1461 3922 1623 3990 ipsius
1643 3922 1951 3989 vocationis.
1974 3921 2107 3976 Nam

530 4013 575 4068 si
600 4014 746 4084 juxta
767 4013 1071 4078 Jordancm,
1101 4021 1380 4082 antequam
1403 4012 1556 4067 Jesus
1584 4013 1713 4067 isset
1737 4013 1788 4067 iu
1811 4013 2102 4081 Galilaeam,

527 4105 593 4161 ad
622 4106 979 4160 testimonium
1001 4103 1215 4159 Joannis
1243 4104 1490 4173 Baptista:
1511 4105 1676 4159 secuti
1696 4113 1817 4158 sunt
1836 4119 1954 4158 eum
1977 4104 2102 4172 duo,

528 4212 753 4266 quorum
781 4204 894 4252 erat
922 4210 1059 4250 unus
1085 4195 1322 4249 Andreas
1342 4235 1357 4261 ,
1388 4196 1475 4264 qui
1507 4195 1720 4250 fratrem
1751 4211 1902 4250 suum
1931 4195 2105 4250 Simo-

525 4301 648 4343 nem
673 4288 922 4343 continuo
943 4285 1160 4341 adduxit
1182 4285 1246 4339 ad
1272 4283 1452 4340 Jesum
1470 4325 1484 4350 ,
1511 4285 1720 4353 quando
1749 4295 1801 4340 et
1829 4301 2022 4341 nomen
2047 4295 2104 4342 ut

523 4378 712 4434 Petrus
750 4387 1029 4433 vocaretur
1057 4377 1295 4447 accepit;
1327 4376 1595 4446 quomodo
1621 4377 1689 4433 ab
1714 4376 1829 4432 aliis
1858 4376 2103 4448 Evange-

521 4471 657 4526 listis
691 4471 882 4526 dicitur
905 4469 1048 4540 quod
1076 4484 1170 4524 eos
1197 4469 1246 4523 in
1273 4468 1487 4524 Galilzea
1516 4471 1782 4539 piscantes
1807 4469 2102 4538 invenerit,

519 4573 679 4634 atque
719 4562 784 4618 ad
820 4562 1188 4631 discipulatum
1227 4563 1495 4617 vocaverit
1537 4560 1745 4634 (Matth.
1788 4579 1866 4630 ιν,
1896 4563 2098 4629 15-25ς

520 4655 686 4710 Marc.
730 4671 782 4722 ι,
824 4655 1029 4720 16-20;
1075 4654 1199 4710 Luc.
1239 4671 1307 4722 v,
1337 4656 1457 4711 i-il
1483 4698 1498 4724 ,
1530 4667 1576 4711 et
1601 4656 1756 4713 Joan.
1787 4673 1836 4722 ι,
1869 4657 2101 4727 35-44)?

517 4747 618 4802 nisi
663 4746 784 4816 quia
828 4747 1220 4816 intelligendum
1249 4757 1364 4816 est,
1394 4762 1500 4802 non
1531 4748 1608 4803 sic
1630 4764 1722 4803 eos
1753 4748 1946 4802 vidisse
1975 4756 2100 4804 tunc

517 4841 798 4896 Dominum
838 4839 987 4910 juxta
1027 4839 1346 4907 Jordanem,
1391 4847 1449 4894 ut
1475 4840 1523 4896 ei
1545 4839 1652 4910 jam
1681 4839 2101 4909 inseparabiliter

515 4932 878 5000 cohmrerent,
907 4931 998 4986 sed
1029 4940 1231 4987 tantum
1258 4933 1570 5002 cognovisse
1600 4933 1718 5003 quis
1743 4942 1915 5001 esset,
1949 4949 2100 4988 eum-

514 5038 616 5092 que
645 5023 864 5078 miratos
887 5024 953 5078 ad
985 5024 1192 5094 pr0pria
1218 5038 1502 5079 remeasse.

585 5116 673 5170 58.
713 5114 844 5170 Nam
876 5123 930 5170 et
955 5117 1007 5170 in
1035 5113 1175 5170 Cana
1205 5115 1435 5171 Galilaeae
1465 5131 1586 5171 cum
1630 5115 1842 5171 fecisset
1867 5115 1936 5172 de
1960 5132 2094 5188 aqua

515 5209 719 5274 viuum,
748 5209 870 5264 dicit
897 5209 1042 5264 idem
1072 5209 1322 5276 Joannes,
1351 5210 1490 5280 quod
1530 5201 1850 5266 crediderint
1889 5211 1942 5267 in
1971 5227 2093 5268 eum

510 5300 754 5371 discipuli
785 5301 920 5371 ejus.
947 5300 1096 5368 Quod
1141 5302 1209 5355 ita
1250 5309 1432 5357 narrat
1459 5319 1473 5356 :
1496 5301 1564 5356 Et
1605 5303 1688 5357 die
1725 5305 1870 5359 tertio
1905 5305 2097 5375 nuptias

514 5396 663 5463 facta:
684 5400 797 5448 sunt
821 5393 872 5447 in
903 5392 1043 5448 Cana
1066 5391 1312 5460 Catillus,
1336 5403 1382 5448 et
1407 5404 1512 5447 erat
1542 5405 1700 5449 mater
1721 5395 1759 5448 Ι
1761 5413 1846 5450 esu
1866 5396 1954 5451 ibi.
1986 5394 2091 5451 Vo-

512 5497 656 5541 catus
701 5494 772 5541 est
817 5494 981 5540 autent
1023 5494 1070 5540 et
1108 5483 1261 5540 Jesus
1302 5495 1350 5540 et
1393 5486 1629 5556 discipuli
1666 5491 1773 5557 ejus
1797 5487 1866 5540 ad
1891 5489 2093 5558 nuptias

513 5579 690 5650 (Joan.
709 5595 766 5646 ιι,
789 5581 840 5644 l,
861 5579 942 5650 2).
965 5578 1062 5647 Qui
1091 5579 1269 5648 utique
1288 5577 1333 5632 si
1362 5587 1486 5633 tunc
1511 5579 1561 5632 in
1585 5594 1704 5633 eum
1731 5579 2088 5647 crediderunt,

510 5675 649 5728 sicut
675 5675 830 5743 paulo
854 5683 974 5744 post
1001 5673 1148 5738 dicit,
1172 5672 1408 5727 nondum
1437 5683 1591 5728 erant
1614 5673 1855 5743 discipuli
1881 5688 2002 5728 cum
2023 5673 2089 5729 ad

511 5768 722 5837 nuptias
765 5767 938 5822 vocati
988 5774 1130 5822 sunt.
1175 5765 1280 5822 Sed
1327 5765 1418 5820 illo
1461 5781 1613 5821 more
1660 5766 1941 5821 locutionis
1989 5766 2090 5822 hoc

508 5861 710 5924 dictum
750 5871 854 5930 est,
883 5873 990 5936 quo
1034 5858 1321 5932 loquimur,
1356 5873 1478 5915 cum
1523 5858 1748 5918 dicimus
1791 5865 2085 5940 apostolum

2246 523 2467 581 Paulum
2497 527 2549 582 in
2575 527 2741 584 Tarso
2765 531 2963 586 Ciliciae
2991 539 3170 588 natum
3200 531 3336 603 (Aet.
3358 546 3496 600 xxu,
3519 531 3574 607 3)
3599 551 3614 588 :
3641 551 3820 608 neque

2242 614 2383 669 enim
2423 625 2548 672 tunc
2580 618 2688 698 jam
2724 630 2838 676 erat
2864 623 3151 693 apostolus.
3188 622 3264 680 Ita
3300 624 3586 696 discipulos
3620 626 3825 685 Christi

2242 702 2492 762 invitatos
2515 710 2583 763 ad
2613 711 2823 781 nuptias
2856 728 2977 769 cum
3017 714 3286 781 audimus,
3314 731 3422 770 non
3447 716 3556 786 jam
3583 717 3825 788 discipu-

2245 797 2348 866 los,
2366 800 2458 854 sed
2481 801 2568 870 qui
2597 802 2756 860 futuri
2785 815 2938 861 erant
2963 806 3202 878 discipuli
3231 809 3523 880 intelligere
3543 810 3823 868 debemus.

2240 887 2357 945 Jam
2387 892 2526 947 enim
2567 894 2750 965 utique
2791 896 3032 968 discipuli
3059 897 3254 953 Christi
3283 908 3456 967 erant,
3479 902 3694 970 quando
3719 902 3824 959 ista

2239 989 2448 1036 narrata
2475 992 2634 1054 atque
2659 987 2954 1058 conscripta
2981 996 3134 1055 sunt;
3164 998 3219 1045 et
3247 989 3366 1045 ideo
3394 991 3473 1046 sic
3495 992 3562 1048 de
3589 992 3697 1050 illis
3733 993 3826 1049 lo-

2238 1083 2392 1129 cutus
2417 1084 2502 1130 est
2526 1085 2818 1148 temporum
2840 1082 3226 1149 praeteritorum
3250 1091 3514 1138 narrator.

2307 1167 2396 1222 59.
2437 1167 2589 1236 Quod
2625 1180 2801 1227 autem
2836 1171 2966 1228 dicit
3000 1173 3142 1229 idem
3159 1173 3419 1243 Joannes,
3452 1175 3578 1232 Post
3607 1175 3704 1232 hoc
3733 1178 3824 1233 de-

2235 1261 2430 1314 scendit
2457 1261 2814 1333 Capharnnum
2835 1266 2964 1337 ipse,
2984 1277 3032 1322 et
3055 1276 3216 1324 mater
3250 1271 3379 1341 ejus,
3404 1281 3450 1324 et
3479 1271 3675 1341 fratres?
3688 1273 3819 1342 ejus,

2237 1360 2284 1405 et
2311 1352 2546 1426 discipuli
2585 1357 2728 1427 ejus;
2753 1367 2800 1412 et
2841 1359 2910 1412 ibi
2954 1370 3243 1415 manserunt
3290 1379 3392 1416 non
3429 1361 3598 1418 multis
3646 1365 3821 1419 diebus

2240 1442 2417 1516 (Joan.
2446 1461 2503 1511 ιι,
2537 1447 2626 1520 12)
2647 1466 2660 1511 ;
2685 1449 2945 1505 incertum
2976 1462 3058 1506 est
3092 1461 3267 1508 utrum
3303 1453 3412 1523 jam
3458 1454 3532 1508 illi
3571 1455 3817 1510 adhrese-

2235 1546 2390 1603 rant,
2427 1538 2585 1594 etiam
2615 1541 2800 1597 Petrus
2823 1551 2879 1598 et
2903 1544 3142 1600 Andreas
3170 1554 3224 1600 et
3263 1545 3356 1600 lilii
3386 1545 3652 1602 Zebedaei.
3684 1547 3820 1602 Mat-

2237 1627 2406 1684 thaeus
2431 1631 2571 1685 enim
2596 1633 2768 1701 primo
2791 1644 2972 1689 narrat
2998 1635 3140 1706 quod
3165 1637 3391 1704 venerit,
3415 1646 3472 1692 et
3499 1638 3818 1696 habitaverit

2235 1719 2287 1774 in
2315 1719 2719 1791 Capltarnaum;
2751 1734 2806 1780 et
2828 1734 3013 1796 postea
3055 1727 3196 1797 quod
3235 1743 3328 1783 eos
3368 1728 3434 1784 de
3454 1729 3677 1785 navibus
3724 1731 3811 1802 pi-

2233 1822 2444 1866 scantes
2468 1816 2740 1870 vocaverit
2767 1835 2778 1870 :
2808 1817 2909 1872 iste
2932 1826 3133 1884 autem,
3154 1819 3296 1889 quod
3319 1835 3439 1874 cum
3468 1821 3559 1876 illo
3577 1821 3819 1892 Caphar-

2232 1919 2391 1958 naum
2413 1908 2655 1960 venerint
2674 1907 2918 1978 discipuli
2943 1908 3078 1978 ejus.
3110 1911 3190 1964 An
3214 1908 3352 1966 forte
3371 1911 3650 1967 Matthzeus
3667 1913 3816 1983 quod

2239 1995 2655 2063 prtetermiserat
2693 1999 3058 2069 recapitulavit
3084 2017 3098 2053 :
3125 2000 3246 2070 quia
3277 2017 3381 2054 non
3407 2001 3481 2055 ait
3509 2002 3655 2071 ipse,
3685 2003 3815 2059 Post

2230 2085 2331 2141 hoc
2351 2087 2631 2144 ambulans
2654 2089 2803 2160 juxta
2829 2105 2976 2146 mare
2991 2091 3244 2158 Galilazaa,
3267 2092 3399 2146 vidit
3423 2092 3555 2148 duos
3580 2092 3810 2162 fratres;

2231 2178 2323 2235 sed
2343 2181 2456 2234 sine
2473 2181 2578 2236 ulla
2600 2182 2972 2249 consequentis
2998 2183 3254 2252 temporis
3283 2182 3596 2250 differentia,
3617 2184 3814 2240 Ambu-
3859 2218 3862 2219 ν

2230 2269 2341 2324 lans
2379 2257 2564 2336 autem,
2592 2271 2779 2341 inquit,
2793 2273 2945 2343 juxta
2972 2288 3111 2326 mare
3131 2269 3376 2338 Galiltzw,
3402 2273 3523 2326 uidit
3549 2273 3679 2328 duos
3704 2275 3814 2343 fra-

2229 2370 2354 2429 tres,
2387 2370 2442 2417 et
2467 2363 2695 2418 caetera?
2726 2363 2953 2418 Proinde
2984 2363 3095 2418 ﬁeri
3122 2373 3296 2433 potest
3321 2372 3378 2418 ut
3404 2373 3584 2434 postea
3619 2380 3812 2421 narra-

2227 2452 2397 2519 verit,
2439 2467 2545 2508 non
2589 2453 2727 2524 quod
2772 2464 2953 2524 postea
2983 2453 3176 2508 factum
3207 2465 3343 2522 erat,
3375 2455 3469 2510 sed
3497 2457 3635 2526 quod
3662 2459 3810 2526 prius

2227 2543 2660 2610 prtetermiserat,
2689 2553 2749 2599 ut
2776 2561 2896 2599 cum
2937 2544 3033 2600 illo
3074 2546 3436 2616 intelligantur
3472 2549 3682 2604 venisse
3707 2549 3810 2605 Ca-

2225 2632 2538 2701 pharnaum,
2571 2650 2678 2705 quo
2699 2623 2930 2690 Joannes
2954 2635 3084 2690 dicit
3116 2644 3170 2691 et
3199 2637 3370 2706 ipsum
3409 2645 3464 2692 et
3492 2647 3716 2694 matrem
3754 2647 3810 2697 et

2225 2722 2514 2793 discipulos
2542 2724 2658 2795 ejus
2686 2727 2915 2782 venisse.
2940 2728 3020 2781 An
3052 2727 3224 2796 potius
3265 2728 3354 2782 alii
3398 2728 3644 2799 discipuli
3684 2729 3808 2786 fue-

2138 2819 2140 2821 ’
2225 2825 2376 2896 runt;
2407 2816 2544 2871 sicut
2575 2831 2694 2871 eum
2721 2817 2829 2887 jam
2861 2817 3136 2888 Philippus
3169 2817 3509 2888 sequebatur,
3539 2835 3696 2891 quem
3727 2821 3807 2882 sic

2223 2915 2526 2971 vocaverat,
2557 2917 2614 2962 ut
2639 2908 2840 2963 diceret
2866 2909 2945 2977 ei,
2978 2909 3197 2978 Sequere
3237 2909 3350 2964 me?
3375 2909 3491 2980 Quo
3531 2914 3672 2968 enim
3713 2929 3807 2970 or-

2222 2995 2348 3051 dine
2377 2997 2549 3052 vocati
2593 2997 2701 3052 sint
2733 3013 2921 3054 omnes
2954 2997 3233 3057 duodecim
3259 3000 3522 3072 Apustoli,
3554 3004 3607 3058 in
3631 3003 3808 3060 Evan-

2219 3087 2530 3158 gelistarum
2556 3091 2947 3148 narrationibus
2976 3109 3080 3148 non
3109 3103 3348 3164 apparet,
3371 3096 3802 3168 quandoquidem

2221 3195 2330 3235 non
2379 3189 2578 3236 tantum
2628 3182 2763 3237 ordo
2808 3185 3119 3252 vocationis,
3164 3184 3259 3240 sed
3303 3200 3402 3240 nec
3451 3185 3564 3256 ipsa
3594 3175 3805 3245 vocatio

2220 3280 2633 3330 commemorata
2679 3283 2762 3328 est
2807 3277 3064 3339 omnium,
3104 3277 3198 3331 sed
3245 3278 3721 3349 tantumeilippi,
3747 3288 3803 3336 et

2220 3363 2385 3432 Petri,
2413 3373 2468 3420 et
2489 3366 2737 3433 Andreae,
2761 3377 2814 3423 et
2839 3368 3064 3423 tiliorum
3085 3369 3346 3433 Zebedaai,
3369 3382 3424 3426 et
3449 3372 3680 3429 Mattbaei
3707 3390 3803 3444 pu-

2217 3455 2432 3524 blicani,
2464 3459 2554 3528 qui
2583 3460 2739 3514 etiam
2772 3460 2896 3515 Levi
2923 3461 3210 3516 vocabatur
3236 3461 3465 3535 (Matth.
3499 3479 3569 3530 tv,
3589 3464 3800 3534 18-22,

2217 3558 2264 3602 et
2291 3565 2364 3616 Ix,
2393 3552 2450 3616 9;
2475 3551 2642 3608 Marc.
2665 3569 2702 3617 ι,
2727 3554 2915 3620 16-20,
2940 3564 2987 3609 et
3009 3571 3064 3621 ιι,
3085 3544 3173 3622 ης
3193 3556 3318 3611 Luc.
3342 3575 3394 3625 v,
3415 3559 3554 3624 Ml,
3576 3568 3623 3612 et
3637 3559 3803 3614 loan.

2216 3654 2255 3706 ι,
2285 3639 2484 3713 35-44)
2519 3641 2832 3714 Singillatim
2875 3653 3046 3700 tamen
3088 3645 3155 3700 ab
3196 3662 3262 3702 eo
3291 3662 3482 3702 nomen
3513 3658 3569 3702 et
3596 3649 3802 3716 primus

2215 3739 2269 3785 et
2296 3731 2443 3787 solus
2463 3732 2652 3789 Petrus
2673 3735 2873 3805 accepit
2897 3734 3071 3807 (Joan.
3101 3752 3138 3803 ι,
3166 3736 3281 3809 42).
3311 3737 3441 3792 Nam
3471 3738 3608 3792 filios
3631 3738 3803 3795 Zebe-

2213 3819 2315 3876 daei
2343 3839 2450 3878 non
2477 3825 2806 3895 singillatim,
2828 3826 2923 3881 sed
2951 3827 3108 3882 simul
3135 3829 3321 3884 ambos
3345 3829 3631 3899 appellavit
3658 3830 3802 3886 filios

2213 3917 2430 3972 tonitrui
2457 3916 2645 3988 (Marc.
2668 3935 2744 3984 ιιι,
2774 3918 2885 3991 17).

2280 4009 2370 4065 40.
2430 4009 2570 4068 Sane
2613 4011 3140 4068 animadvertendum
3193 4022 3276 4070 est
3327 4014 3469 4084 quod
3515 4012 3797 4086 Scriptura

2209 4103 2511 4173 evangelica
2539 4112 2591 4158 et
2619 4103 2905 4173 apostolica
2932 4120 3035 4160 non
3067 4105 3211 4159 solos
3238 4106 3354 4160 illos
3379 4105 3661 4162 duodecim
3689 4121 3797 4177 ap-

2209 4194 2372 4265 pellat
2400 4194 2688 4266 discipulos
2722 4198 2858 4266 ejus,
2888 4197 2982 4252 sed
3009 4213 3194 4252 omnes
3218 4199 3306 4268 qui
3336 4200 3388 4253 in
3419 4214 3539 4254 eum
3561 4199 3795 4254 creden-

2210 4297 2310 4354 tes,
2337 4288 2641 4359 magisterio
2669 4289 2784 4358 ejus
2819 4289 2884 4344 ad
2915 4305 3134 4361 regnum
3173 4291 3425 4345 cmiorum
3467 4291 3795 4346 erudieban-

2208 4387 2312 4433 tur.
2340 4378 2418 4433 Ex
2449 4395 2675 4450 quorum
2707 4380 3037 4435 multitudine
3066 4377 3223 4452 elegit
3250 4381 3551 4447 duodecim,
3581 4396 3716 4452 quos
3739 4390 3796 4436 et

2208 4469 2490 4538 Apostolus
2527 4468 2846 4537 nominavit,
2875 4471 3012 4526 sicut
3039 4471 3208 4526 Lucas
3235 4481 3636 4526 commemorat.
3667 4473 3793 4542 ipse

2205 4559 2400 4632 quippe
2430 4561 2587 4631 paulo
2611 4571 2732 4632 post
2759 4563 2833 4616 ait
2861 4581 2874 4616 :
2905 4563 2972 4618 Et
2991 4563 3296 4618 descendens
3317 4581 3429 4617 cum
3457 4564 3562 4619 illis
3580 4566 3713 4619 stetit
3735 4567 3789 4620 in

2205 4651 2314 4708 loco
2343 4656 2629 4726 campestri,
2657 4665 2702 4710 et
2729 4655 2871 4711 turba
2899 4656 3260 4728 discipulorum
3289 4660 3418 4730 ejus,
3445 4669 3489 4714 et
3517 4660 3790 4714 multitudo

2202 4747 2408 4818 copiosa
2453 4746 2613 4818 plebis
2655 4745 2676 4821 (
2703 4747 2828 4802 Luc.
2859 4763 2934 4814 v1,
2969 4750 3128 4804 15-17
3156 4749 3196 4820 ).
3228 4749 3342 4805 Non
3373 4751 3554 4818 utique
3581 4751 3790 4806 diceret

2202 4838 2410 4894 turbam
2451 4838 2827 4911 discipulorum
2848 4881 2864 4907 ,
2896 4840 3140 4896 homines
3168 4842 3467 4897 duodecim.
3492 4843 3622 4897 Aliis
3648 4859 3787 4912 quo-

2202 4948 2306 5003 que
2333 4933 2720 5003 Scripturarum
2754 4919 2885 4990 locis
2915 4934 3018 4991 hoc
3044 4936 3318 4991 evidenter
3351 4945 3589 5006 apparet,
3618 4936 3786 4990 disci-

2199 5025 2355 5097 pulos
2369 5027 2484 5098 ejus
2501 5041 2687 5083 omnes
2701 5029 2992 5098 appellatos
3007 5029 3094 5100 qui
3111 5029 3254 5085 abeo
3274 5029 3541 5085 discerent
3552 5028 3695 5099 quod
3717 5028 3784 5085 ad

2198 5128 2452 5175 aeternam
2473 5120 2632 5174 vitam
2660 5121 2966 5190 pertineret.
3137 5107 3143 5112 ’

2268 5213 2358 5267 41.
2399 5211 2574 5280 Quaeri
2604 5222 2778 5268 autem
2818 5221 2992 5283 potest
3023 5212 3292 5284 quomodo
3329 5212 3483 5268 binos
3511 5212 3784 5268 vocaverit

2197 5305 2266 5362 de
2304 5306 2560 5361 naviculis
2602 5306 2912 5376 piscatores,
2943 5317 3114 5376 primo
3141 5306 3354 5360 Petrum
3393 5314 3447 5359 et
3473 5304 3778 5370 Andream;

2196 5397 2389 5453 deinde
2425 5412 2739 5467 progressus
2784 5397 3074 5466 paululum,
3105 5396 3238 5450 alios
3279 5397 3409 5450 duos
3440 5395 3578 5449 filios
3604 5394 3778 5450 Zebe-

2197 5473 2317 5553 dari,
2351 5488 2489 5543 sicut
2516 5499 2734 5543 narrant
2767 5487 3042 5542 Mattlueus
3081 5496 3136 5542 et
3177 5487 3420 5542 Marcus:
3451 5501 3573 5540 cum
3605 5486 3779 5541 Lucas

2195 5581 2336 5637 dicat
2360 5581 2542 5636 ambas
2569 5597 2752 5636 eorum
2780 5580 3048 5635 naviculas
3079 5580 3319 5650 impletas
3349 5594 3536 5649 magna
3568 5579 3655 5632 illa
3683 5594 3776 5634 ca-

2195 5681 2346 5744 ptura
2369 5674 2615 5743 piscium,
2644 5673 2921 5742 sociosque
2947 5671 3087 5727 Petri
3118 5680 3495 5725 commemoret
3514 5669 3774 5726 Jacobum

2193 5774 2248 5819 et
2274 5763 2532 5819 Joannem
2579 5762 2714 5816 filios
2743 5761 2986 5817 Zebedzei
3025 5769 3239 5816 vocatos
3285 5759 3347 5814 ad
3391 5759 3770 5829 adjuvandum,

2192 5873 2316 5917 cum
2344 5857 2475 5912 retia
2499 5853 2778 5911 extrahere
2804 5853 2957 5926 plena
2987 5857 3354 5927 nonpossent,
3381 5851 3647 5919 simulque
3673 5851 3774 5911 mi.
