4082 6532
313 469 449 526 1097

310 592 456 638 ratos
482 588 682 636 tantam
711 579 1102 635 multitudinem
1130 578 1376 649 piscium,
1404 592 1523 649 quae
1552 584 1705 647 capta
1733 585 1888 631 erat:

311 684 366 729 et
388 691 509 730 eum
536 675 694 730 Petro
726 682 927 729 tantum
953 673 1195 741 dixisset,
1222 672 1344 727 Noli
1372 672 1563 739 timere,
1584 688 1647 725 ea:
1673 670 1765 722 hoc
1779 670 1894 740 jam

316 767 542 822 homines
567 768 664 822 eris
690 768 924 838 capiens;
950 766 1107 823 simul
1137 782 1257 821 eum
1298 774 1474 820 tamen
1516 762 1786 820 subductis
1827 760 1895 815 ad

314 868 512 915 terram
552 861 775 916 navibus
823 868 1034 916 secutos
1086 859 1271 915 fuisse.
1304 858 1452 914 Unde
1498 856 1895 927 intelligendum

317 958 400 1005 est
426 951 527 1005 hoc
552 952 726 1021 primo
758 967 875 1007 esse
914 953 1107 1007 factum
1138 950 1279 1021 quod
1304 950 1476 1005 Lucas
1504 950 1768 1015 insinuat;
1796 962 1897 1003 nec

315 1053 440 1098 tunc
471 1058 563 1098 eos
587 1059 617 1097 a
646 1044 869 1099 Domino
895 1054 1111 1101 vocatos
1132 1087 1147 1112 ,
1187 1044 1279 1099 sed
1311 1052 1514 1099 tantum
1543 1044 1699 1098 Petro
1737 1043 1898 1099 fuisse

316 1137 625 1207 praedictum
662 1136 805 1206 quod
849 1138 1091 1193 homines
1131 1146 1271 1193 esset
1309 1145 1580 1207 capturus.
1604 1136 1753 1204 Quod
1793 1150 1899 1191 non

318 1226 387 1280 ita
417 1226 615 1281 dictum
639 1236 740 1294 est,
766 1229 917 1297 quasi
937 1232 1045 1298 jam
1076 1228 1250 1298 pisces
1268 1242 1537 1297 nunquam
1558 1236 1700 1281 esset
1717 1234 1902 1297 captu-

313 1333 409 1373 rus
436 1335 449 1371 :
476 1333 596 1372 nam
624 1326 678 1373 et
704 1328 825 1389 post
850 1320 1292 1375 resurrectionem
1320 1318 1528 1373 Domini
1560 1317 1783 1388 legimus
1808 1332 1901 1374 eos

314 1426 437 1467 esse
464 1412 697 1482 piscatos
724 1411 741 1481 (
768 1412 924 1467 Joan.
956 1429 1066 1480 xxi,
1101 1415 1134 1468 5
1162 1413 1200 1483 ).
1235 1413 1443 1467 Dictum
1487 1420 1569 1467 est
1606 1426 1733 1483 ergo
1763 1410 1903 1482 quod

314 1504 568 1574 deinceps
610 1514 862 1576 capturus
906 1516 1048 1560 esset
1091 1505 1367 1572 homines;
1419 1520 1526 1559 non
1574 1503 1774 1559 dictum
1823 1511 1906 1559 est

314 1596 457 1667 quod
482 1596 593 1666 jam
614 1612 720 1652 non
742 1606 884 1652 esset
907 1606 1156 1667 capturus
1178 1598 1371 1667 pisces.
1395 1596 1551 1652 Unde
1576 1596 1730 1652 datur
1752 1596 1905 1652 locus

316 1686 613 1758 intelligere
632 1702 725 1742 eos
745 1687 812 1741 ad
825 1696 1095 1757 eapturam
1115 1688 1338 1758 piscium
1359 1702 1425 1743 ex
1445 1703 1594 1743 more
1613 1702 1902 1754 remeasse,

317 1788 376 1835 ut
418 1791 601 1851 postea
655 1781 808 1837 ﬁeret
854 1780 995 1851 quod
1039 1781 1316 1837 Matthreus
1352 1791 1405 1837 et
1431 1782 1637 1837 Marcus
1665 1789 1903 1847 narrant,

316 1873 529 1944 quando
547 1889 639 1929 eos
665 1876 821 1929 binos
842 1874 1068 1939 vocavit,
1095 1883 1148 1930 et
1172 1875 1285 1946 ipse
1309 1875 1469 1945 jussit
1490 1883 1546 1929 ut
1569 1889 1692 1929 eum
1715 1888 1908 1944 seque-

314 1974 523 2033 rentur,
553 1966 727 2035 primo
761 1965 967 2021 duobus
994 1966 1156 2021 Petro
1186 1974 1241 2021 et
1269 1966 1519 2033 Andreze,
1553 1965 1746 2020 deinde
1790 1964 1908 2019 aliis

318 2057 525 2112 duobus
568 2056 688 2111 (iliis
726 2057 992 2112 Zebedzei.
1025 2057 1175 2112 Tunc
1213 2057 1358 2111 enim
1389 2071 1496 2111 non
1543 2054 1816 2110 subductis
1843 2052 1910 2108 ad

318 2158 518 2205 terram
544 2149 764 2204 navibus
796 2157 1047 2220 tanquam
1070 2163 1196 2203 cura
1227 2147 1505 2213 redeundi,
1540 2145 1634 2201 sed
1673 2146 1744 2199 ita
1787 2159 1908 2199 eum

319 2244 488 2299 secuti
518 2254 659 2310 sunt,
700 2252 950 2312 tanquam
980 2250 1260 2297 vocantem
1290 2255 1354 2295 ac
1378 2239 1650 2310 jubentem
1691 2244 1748 2292 ut
1787 2251 1910 2292 eum

319 2345 688 2406 sequerentur.

395 2427 616 2483 CAPUT
655 2426 841 2482 XVIII.
866 2457 933 2465 —
962 2424 1041 2480 De
1076 2435 1297 2496 tempore
1338 2423 1627 2479 secessionis
1652 2425 1761 2495 ejus
1786 2423 1841 2477 in

975 2518 1261 2573 Galilaeam.

395 2611 484 2667 42.
524 2610 660 2666 Illud
689 2611 849 2667 etiam
892 2609 1274 2681 requirendum
1315 2616 1417 2675 est,
1460 2608 1729 2679 quomodo
1754 2608 1915 2664 Joan-

325 2720 421 2761 nes
462 2704 821 2775 evangelista,
862 2713 1146 2773 antequam
1176 2702 1408 2757 Joannes
1448 2701 1683 2771 Baptista
1719 2701 1915 2756 missus

326 2802 470 2851 esset
500 2795 554 2849 in
579 2787 875 2861 carcerem,
901 2793 1028 2848 dicit
1054 2792 1235 2848 Jesum
1265 2792 1370 2847 isse
1400 2792 1452 2847 in
1482 2791 1756 2847 Galilaeam
1784 2790 1914 2863 (Po-

326 2897 440 2944 stea
456 2889 597 2944 enim
619 2904 778 2959 quam
799 2888 1255 2953 commemoravit,
1281 2885 1422 2957 quod
1444 2887 1496 2941 in
1516 2885 1662 2941 Cana
1682 2885 1916 2942 Galilaea

323 2980 453 3038 fecit
490 2982 558 3038 de
599 2997 734 3053 aqua
766 2982 943 3037 vinum
963 3025 976 3049 ,
1005 2989 1059 3037 et
1086 2980 1363 3037 descendit
1389 2978 1765 3053 Capharnaum
1792 2994 1915 3035 cum

325 3084 499 3131 matre
524 3083 578 3131 et
606 3075 897 3146 discipulis,
926 3083 979 3130 et
1013 3075 1084 3129 ibi
1112 3084 1426 3129 manserunt
1452 3089 1558 3129 non
1589 3073 1771 3129 multis
1798 3073 1915 3128 die-

327 3167 446 3235 bus,
471 3167 599 3223 dicit
620 3184 741 3223 eum
764 3167 958 3223 deinde
974 3166 1279 3223 ascendisse
1296 3166 1679 3237 Jerosolymam
1703 3175 1918 3237 propter

327 3259 564 3328 Pascha;
594 3270 716 3332 post
745 3260 860 3316 haec
882 3261 1095 3316 venisse
1123 3261 1177 3314 in
1197 3260 1434 3315 Judaaam
1466 3269 1661 3315 terram
1688 3270 1742 3315 et
1761 3260 1918 3316 disci-

327 3351 482 3420 pulos
512 3348 647 3420 ejus,
694 3361 748 3407 et
790 3352 900 3407 illic
933 3351 1265 3407 demoratam
1292 3367 1413 3406 cum
1452 3352 1529 3406 eis
1556 3361 1610 3406 et
1646 3351 1921 3421 baptizan-

330 3452 433 3497 tem
470 3462 482 3497 :
514 3444 603 3498 ubi
632 3452 844 3508 secutus
874 3444 967 3508 ait,
1000 3442 1125 3497 Erat
1150 3452 1319 3497 autent
1343 3453 1390 3497 et
1409 3442 1634 3497 Joannes
1660 3442 1921 3513 baptizans

328 3534 382 3587 in
410 3532 587 3588 JEnon
606 3535 759 3605 juxta
785 3534 981 3602 Salim,
1021 3536 1139 3603 quia
1167 3550 1311 3605 aqua:
1337 3535 1512 3588 multa:
1534 3543 1676 3589 erant
1700 3535 1805 3588 illic
1827 3551 1847 3601 ;
1876 3543 1923 3589 et

328 3625 674 3689 adveniebant,
696 3636 741 3679 et
768 3626 1188 3697 baptizabantur:
1208 3627 1433 3679 nondum
1459 3624 1591 3679 enim
1615 3626 1796 3680 missus
1816 3634 1924 3681 erat

326 3717 380 3771 in
407 3735 657 3773 carcerem
692 3717 917 3772 Joannes
940 3716 1120 3790 [Joan.
1146 3734 1205 3785 ll,
1233 3718 1321 3786 15,
1350 3726 1395 3773 et
1424 3734 1501 3785 ut,
1524 3717 1736 3790 2234])
1759 3734 1774 3784 ;
1794 3717 1925 3773 Mat-

331 3810 503 3863 thmus
532 3818 707 3863 autem
744 3809 905 3876 dicat,
934 3808 1062 3863 Cum
1086 3819 1255 3865 autem
1290 3811 1510 3865 audisset
1540 3810 1679 3881 quod
1701 3808 1926 3867 Joannes

332 3900 548 3954 traditus
570 3910 717 3964 esset,
740 3900 941 3955 secessit
968 3901 1021 3954 in
1043 3900 1312 3955 Galilteam
1338 3901 1357 3972 (
1380 3900 1566 3955 Matth.
1592 3918 1663 3968 ιν,
1693 3901 1817 3974 12).
1843 3900 1929 3957 Si-

332 3991 532 4045 militer
558 4000 611 4046 et
636 3991 843 4046 Marcus
873 4010 886 4046 :
925 3991 1262 4064 Posteaquam
1284 4003 1451 4047 autem
1474 3995 1691 4048 traditus
1716 4000 1809 4062 est,
1839 3994 1927 4050 in-

332 4083 469 4153 quit,
496 4082 741 4151 Joannes,
770 4083 901 4136 venit
924 4082 1077 4138 Jesus
1102 4084 1154 4137 in
1179 4083 1446 4138 Galilwam
1471 4086 1489 4154 (
1522 4084 1688 4139 Marc.
1715 4100 1753 4151 ι,
1784 4084 1855 4140 14
1884 4082 1925 4158 ).

334 4173 506 4228 Lucas
531 4175 690 4228 etiam
721 4175 852 4229 nihil
874 4175 1089 4245 quidem
1118 4175 1245 4230 dicit
1263 4176 1332 4231 de
1364 4176 1556 4231 tradito
1584 4176 1810 4244 Joanne,
1832 4174 1930 4233 sed

336 4275 516 4323 tamen
543 4278 597 4322 et
624 4268 737 4337 ipse
766 4277 885 4338 post
914 4270 1237 4338 baptismum
1266 4276 1321 4325 et
1363 4270 1709 4325 tentatiouem
1730 4269 1930 4325 Christi

333 4358 467 4413 dicit
506 4374 625 4413 eum
671 4359 777 4414 isse
819 4360 870 4413 in
903 4359 1195 4427 Galilaeam,
1241 4362 1377 4415 sicut
1420 4362 1495 4416 illi
1543 4361 1669 4416 duo.
1691 4360 1826 4415 Nam
1856 4361 1925 4415 ita

335 4448 577 4504 contexit
599 4448 958 4503 narrationem
987 4466 1135 4503 suam
1166 4469 1177 4503 :
1204 4450 1268 4503 Et
1294 4461 1638 4505 consummata
1666 4452 1802 4505 omni
1822 4460 1929 4505 ten-

338 4540 557 4604 tatione,
587 4538 816 4593 diabolus
844 4538 1045 4594 recessit
1075 4541 1137 4594 ab
1180 4540 1271 4595 illo
1316 4558 1469 4613 usque
1505 4543 1573 4595 ad
1618 4552 1832 4613 tempus.
1862 4540 1929 4595 Et

335 4649 592 4702 regressus
627 4641 699 4686 est
737 4632 890 4687 Jesus
923 4634 976 4687 in
1011 4635 1190 4689 virtute
1227 4634 1450 4705 Spiritus
1488 4636 1541 4688 in
1565 4634 1853 4701 Galilteam,
1883 4643 1931 4688 et

338 4728 481 4794 fama
510 4724 630 4777 exiit
656 4741 743 4795 per
768 4725 1051 4779 universam
1076 4726 1329 4796 regionem
1358 4725 1420 4778 de
1448 4726 1537 4779 illo
1561 4724 1710 4797 (Luc.
1735 4740 1808 4792 Iv,
1838 4725 1927 4792 l5,

338 4815 455 4887 14).
480 4815 628 4870 Unde
655 4817 963 4887 intelligitur
984 4817 1081 4871 hos
1109 4826 1216 4872 tres
1246 4817 1596 4887 evangelistas
1616 4832 1722 4872 non
1740 4816 1932 4871 Joanni

338 4908 680 4977 evangelistae
736 4909 1002 4963 contraria
1051 4923 1332 4973 narrasse,
1386 4909 1479 4963 sed
1527 4909 1933 4979 praetermisisse

338 5000 571 5067 primum
618 4998 825 5052 Domini
852 4999 1135 5053 adventum
1176 5000 1229 5053 in
1270 4999 1541 5054 Galilaeam
1586 5009 1934 5071 posteaquam

341 5090 639 5161 baptizatus
661 5099 762 5157 est,
782 5092 992 5162 quando
1017 5093 1124 5146 illic
1145 5108 1333 5163 aquam
1360 5094 1624 5148 convertit
1645 5094 1699 5147 in
1718 5093 1930 5160 vinum;

340 5192 471 5239 tunc
509 5185 650 5239 enim
682 5186 913 5240 nondum
954 5194 1068 5240 erat
1107 5185 1330 5241 traditus
1354 5186 1588 5243 Joannes
1618 5204 1631 5240 :
1661 5202 1784 5243 eum
1807 5201 1936 5243 vero

342 5277 629 5331 adventum
659 5278 775 5347 ejus
802 5277 854 5331 in
881 5276 1150 5332 Galilaeam
1171 5278 1523 5333 connexuisse
1541 5276 1945 5343 narrationibus

341 5367 490 5431 suis,
522 5368 612 5439 qui
641 5376 762 5439 post
795 5367 1053 5424 Joannem
1088 5368 1335 5423 traditum
1381 5368 1551 5424 factus
1595 5378 1706 5436 est;
1733 5369 1801 5425 de
1832 5383 1945 5440 quo,

344 5458 461 5527 ejus
490 5458 663 5513 reditu
693 5458 747 5513 in
768 5458 1039 5513 Galilaeam
1082 5460 1194 5530 ipse
1220 5460 1452 5515 Joannes
1489 5460 1811 5531 evangelista
1860 5460 1939 5515 sic

344 5550 617 5622 loquitur:
647 5550 714 5606 Ut
732 5568 853 5622 ergo
878 5552 1105 5623 cognovit
1130 5551 1279 5606 Jesus
1306 5554 1422 5623 quia
1450 5554 1719 5607 audierunt
1744 5552 1937 5607 Phari-

346 5642 437 5697 saei
467 5643 585 5714 quia
612 5642 763 5697 Jesus
790 5644 958 5714 plures
989 5644 1264 5713 discipulos
1303 5644 1425 5713 facit
1460 5652 1505 5698 et
1540 5644 1761 5714 baptizat
1786 5661 1951 5715 quam,

346 5731 574 5787 Joannes
605 5732 927 5806 (quanquam
952 5732 1101 5789 Jesus
1130 5751 1229 5787 non
1257 5734 1551 5804 baptizaret,
1588 5735 1675 5789 sed
1704 5735 1956 5806 discipuli.

344 5824 523 5895 ejus),
567 5826 768 5896 reliquit
795 5824 1061 5890 Judwam,
1104 5836 1151 5880 et
1196 5826 1316 5879 abiit
1356 5827 1534 5881 iterant
1579 5827 1633 5880 in
1674 5825 1955 5895 Galilaeam.

346 5914 526 5994 (Joan.
556 5933 630 5985 tv,
661 5918 801 5988 1-5).
850 5917 998 5973 Tunc
1048 5933 1175 5988 ergo
1227 5918 1570 5994 intelligimus
1614 5919 1725 5994 jam
1772 5919 1937 5983 fuisse

583 6010 813 6086 Sacr.
848 6012 1127 6083 Accusa.
1158 6011 1279 6095 III.

1590 458 1795 517 LIBER
1831 456 2207 516 SECUNDUS.

3444 464 3585 526 1098

2002 575 2249 632 traditum
2279 578 2557 646 Joannem,
2585 578 2798 637 Judaeos
2829 596 2958 638 vero
2986 583 3199 641 audisse
3228 586 3367 656 quod
3396 590 3582 657 plures

2000 667 2288 739 discipulos
2326 670 2525 728 faceret
2563 682 2617 729 et
2656 675 2968 746 baptizaret,
2996 691 3154 748 quam
3184 677 3383 736 fecerat
3406 691 3461 738 et
3486 683 3584 740 ba-

1999 760 2286 827 ptizaverat
2312 762 2562 820 Joannes.

2002 847 2225 906 CAPUT
2262 851 2405 909 XIX.
2432 885 2507 895 -—
2529 855 2607 911 De
2632 856 2723 911 illo
2754 874 2981 915 sermone
3006 862 3205 933 prolixo
3225 882 3374 936 quem
3400 885 3583 926 secun-

2323 946 2442 999 dum
2469 946 2768 1003 Matt/uvam
2796 952 2970 1007 habuit
2999 954 3051 1008 in
3075 966 3260 1011 monte.

2074 1035 2164 1090 45.
2206 1035 2322 1091 Jam
2354 1055 2492 1094 nunc
2528 1041 2593 1096 de
2637 1042 2728 1097 illo
2771 1058 3017 1102 sermone
3056 1049 3280 1118 prolixo,
3312 1068 3468 1123 quem
3502 1070 3592 1112 se-

2006 1128 2237 1183 cundum
2266 1130 2568 1188 Matthaeum
2598 1135 2649 1189 in
2680 1145 2860 1192 monte
2891 1138 3072 1194 habuit
3095 1142 3368 1212 Dominus,
3401 1148 3592 1205 videa-

2007 1235 2126 1274 mus
2154 1230 2326 1277 utrum
2367 1224 2417 1278 ei
2458 1226 2639 1281 caeteri
2667 1227 3015 1298 Evangelistze
3046 1232 3175 1288 nihil
3214 1235 3483 1293 adversari
3512 1240 3595 1294 vi-

2009 1309 2253 1367 deantur.
2306 1314 2513 1371 Marcus
2563 1318 2757 1389 quippe
2810 1336 2917 1375 non
2967 1338 3090 1378 eum
3155 1331 3593 1387 commemoravit

1984 1406 2246 1473 omnino,
2275 1423 2374 1463 nec
2413 1409 2609 1480 aliquid
2639 1411 2753 1481 ejus
2797 1414 2971 1471 simile
3012 1417 3163 1486 dixit,
3196 1423 3296 1476 nisi
3336 1425 3594 1493 quasdam

2010 1499 2320 1567 sententias,
2358 1516 2462 1556 non
2506 1505 2815 1574 contextim,
2844 1508 2938 1562 sed
2968 1512 3213 1580 sparsim,
3247 1530 3377 1584 quas
3410 1517 3595 1573 Domi-

1988 1606 2111 1663 pnus
2158 1590 2286 1647 locis
2333 1593 2451 1648 aliis
2498 1596 2761 1665 repetivit.
2810 1598 3041 1670 Reliquit
3090 1610 3267 1659 tamen
3316 1607 3489 1661 locum
3539 1610 3597 1665 in

2013 1688 2162 1736 textu
2190 1684 2507 1740 narrationis
2536 1702 2666 1753 sure,
2699 1688 2787 1743 ubi
2829 1691 3182 1763 intelligamus
3224 1696 3362 1751 hunc
3395 1698 3597 1755 dictum

2012 1789 2133 1831 esse
2161 1791 2495 1843 sermonem,
2532 1780 2626 1835 sed
2669 1783 2736 1837 ab
2774 1798 2837 1837 eo
2876 1789 3289 1853 praetermissum
3328 1810 3340 1845 :
3374 1792 3440 1845 Et
3464 1801 3595 1863 erat,

2013 1866 2199 1937 inquit,
2233 1869 2512 1937 prwdicans
2540 1872 2593 1925 in
2618 1876 2887 1946 synagogis
2912 1893 3101 1944 eorum,
3128 1890 3173 1932 et
3202 1884 3336 1935 omni
3358 1882 3594 1952 Galileea,

2014 1968 2062 2013 et
2104 1960 2353 2014 daemonia
2395 1964 2617 2032 ejiciens.
2649 1964 2705 2018 ln
2731 1966 2827 2021 hac
2855 1970 3228 2035 praedicatione
3270 1991 3429 2044 quam
3471 1977 3601 2033 dicit

2016 2066 2139 2106 eum
2187 2052 2439 2108 habuisse
2488 2055 2542 2109 in
2590 2059 2732 2111 omni
2778 2059 3023 2128 Galil-aea,
3074 2064 3384 2136 intelligitur
3437 2070 3599 2125 etiam

2016 2160 2194 2199 sermo
2220 2146 2319 2200 iste
2341 2146 2552 2203 habitus
2572 2148 2624 2203 in
2647 2160 2845 2218 monte,
2870 2154 3020 2223 cujus
3039 2163 3603 2218 commemorationem

2016 2234 2143 2292 facit
2166 2236 2464 2293 Mattbazus.
2489 2238 2728 2310 Namque
2760 2243 2897 2298 idem
2925 2245 3131 2302 Marcus
3158 2249 3227 2302 ita
3253 2254 3509 2321 sequitur,
3535 2254 3605 2309 Et

2017 2329 2150 2382 venit
2172 2330 2239 2382 ad
2258 2346 2368 2383 eum
2392 2330 2616 2401 leprosus
2638 2333 2913 2403 deprecans
2936 2353 3069 2403 eum,
3089 2349 3136 2392 et
3154 2344 3420 2412 genu/laxo
3440 2346 3606 2400 dixit:

2019 2419 2083 2475 Si
2108 2421 2201 2488 vis,
2232 2431 2370 2491 potes
2394 2440 2472 2476 me
2492 2424 2736 2480 mundare
2767 2428 2783 2497 (
2812 2427 2975 2482 Marc.
2999 2446 3036 2495 ι,
3060 2431 3149 2499 59,
3167 2434 3236 2488 40
3261 2435 3303 2505 ),
3332 2444 3386 2489 et
3408 2446 3605 2493 caetera

2020 2509 2088 2566 de
2121 2510 2222 2566 hoc
2246 2512 2457 2582 leproso
2477 2514 2733 2570 mundato
2758 2517 2881 2571 talia
2906 2522 3194 2586 connectit,
3223 2533 3281 2578 ut
3308 2526 3420 2594 ipse
3444 2527 3603 2582 intel-

2020 2601 2231 2673 ligatur,
2255 2620 2412 2674 quem
2439 2606 2716 2662 Matthaaus
2745 2622 3129 2667 commemorat
3155 2623 3279 2669 tunc
3303 2632 3422 2673 esse
3449 2635 3605 2673 mun-

2020 2692 2220 2760 datum,
2266 2697 2477 2763 quando
2529 2707 2647 2767 post
2692 2699 2837 2754 illum
2893 2717 3192 2759 sermonem
3241 2708 3494 2763 Dominus
3538 2710 3607 2766 de

2020 2794 2202 2841 monte
2222 2786 2514 2843 descendit.
2544 2788 2634 2845 Sic
2662 2792 2802 2845 enim
2829 2793 2904 2847 ait
2932 2794 3210 2851 Matthzeus
3242 2816 3255 2852 :
3284 2799 3409 2853 Cum
3437 2806 3608 2856 antem

2021 2877 2356 2934 descendisset
2389 2882 2451 2935 de
2478 2892 2671 2948 monte,
2700 2894 2884 2939 secuta
2917 2897 3036 2941 sunt
3070 2905 3182 2943 eum
3222 2892 3378 2946 turba:
3411 2895 3605 2950 multae.

2021 2968 2090 3025 Et
2115 2987 2225 3025 ecce
2247 2972 2491 3043 leprosus,
2510 2977 2708 3029 veniens
2729 2977 2971 3031 adorabat
2999 2995 3129 3046 eum,
3155 2982 3355 3037 dicens:
3373 2984 3603 3053 Domine,

2021 3062 2067 3116 si
2090 3064 2184 3128 vis,
2208 3074 2347 3133 potes
2368 3081 2445 3118 me
2467 3066 2714 3121 mundare
2740 3066 2950 3137 (Matth.
2980 3086 3093 3136 vm,
3115 3074 3167 3138 l,
3194 3072 3274 3142 2),
3303 3085 3358 3129 et
3392 3087 3607 3131 cetera.

2094 3154 2184 3208 44.
2226 3154 2393 3225 Hujus
2438 3157 2635 3228 leprosi
2678 3160 2836 3214 etiam
2865 3160 3035 3217 Lucas
3064 3166 3307 3220 meminit
3345 3168 3364 3239 (
3393 3168 3517 3223 Luc.
3552 3186 3608 3237 ν,

2026 3246 2265 3319 42,13),
2302 3264 2408 3304 non
2436 3265 2564 3306 sane
2590 3251 2692 3307 hoc
2716 3254 2923 3320 ordine,
2965 3257 3057 3311 sed
3102 3266 3157 3312 ut
3186 3261 3359 3315 solent
3388 3274 3611 3332 praeter-

2025 3340 2187 3393 missa
2212 3341 2502 3408 recordari,
2528 3343 2609 3398 vel
2642 3346 2903 3413 posterius
2924 3348 3059 3402 facta
3086 3364 3479 3422 praeoccupare,
3504 3357 3612 3412 sic-

2026 3441 2084 3486 ut
2108 3432 2360 3487 divinitus
2381 3436 2819 3505 suggerebantur,
2849 3454 2970 3508 quae
2994 3448 3150 3496 antea
3175 3445 3404 3513 cognita,
3426 3457 3611 3516 postea

2027 3521 2359 3578 recordando
2387 3526 2805 3583 conscriberent.
2839 3527 3221 3588 Verumtamen
3262 3534 3404 3591 idem
3439 3537 3612 3594 Lucas

2028 3628 2333 3669 sermonem
2359 3616 2519 3671 etiam
2549 3617 2667 3688 ipse
2694 3620 2903 3676 Domini
2936 3624 3198 3692 prolixum
3229 3629 3487 3697 narravit,
3519 3631 3613 3688 ubi

2033 3706 2196 3761 etiam
2230 3707 2307 3762 sic
2340 3723 2564 3765 exorsus
2589 3719 2700 3779 est,
2726 3720 2785 3767 ut
2814 3713 2867 3768 in
2898 3713 3000 3769 isto
3024 3715 3318 3773 Mattbmus.
3346 3720 3440 3775 llic
3466 3722 3612 3776 enim

2038 3792 2172 3845 dixit
2201 3810 2213 3845 :
2242 3791 2391 3848 Beati
2420 3812 2666 3867 pauperes
2687 3799 2895 3866 spiritu,
2914 3801 3155 3868 quoniam
3180 3803 3407 3869 ipsorum
3432 3813 3505 3855 est
3525 3819 3618 3857 re-

2037 3900 2194 3955 gnum
2220 3884 2461 3939 caelorum
2485 3902 2505 3940 :
2529 3898 2577 3941 et
2611 3888 2700 3943 ille
2726 3905 2739 3941 :
2772 3888 2921 3942 Beati
2948 3906 3215 3961 pauperes,
3246 3892 3365 3960 quia
3394 3901 3616 3946 vestrum

2036 3982 2107 4028 est
2129 3991 2339 4045 regnum
2358 3975 2476 4031 Dei.
2498 3978 2700 4033 Deinde
2722 3980 2889 4033 multa
2913 3995 3032 4049 qua:
3055 3990 3350 4051 sequuntur
3375 3984 3533 4037 etiam
3559 3982 3615 4038 in

2034 4064 2193 4121 Lucae
2214 4068 2519 4123 narratione
2538 4070 2729 4125 similia
2750 4080 2894 4127 sunt.
2918 4072 2984 4126 Et
3006 4072 3072 4126 ad
3095 4080 3389 4128 extremum
3408 4087 3615 4129 sermo-

2032 4158 2117 4212 nis
2167 4159 2279 4227 ipsa
2324 4162 2598 4216 conclusio
2639 4177 2855 4231 prorsus
2884 4164 3067 4220 eadem
3105 4166 3386 4233 reperitur,
3417 4164 3485 4221 de
3512 4169 3613 4221 ho-

2030 4250 2176 4306 mine
2198 4250 2458 4320 prudente
2477 4270 2597 4324 quaa
2618 4254 2843 4310 aedificat
2861 4269 3023 4324 super
3044 4265 3269 4324 petram,
3287 4264 3341 4309 et
3361 4256 3427 4310 de
3443 4257 3611 4312 stulto

2030 4345 2120 4415 qui
2150 4346 2382 4401 mdilieat
2403 4361 2563 4416 super
2584 4352 2798 4402 arenam
2831 4366 2843 4400 :
2874 4348 2977 4402 nisi
3008 4348 3149 4417 quod
3189 4348 3241 4401 in
3264 4347 3460 4402 flumen
3488 4356 3608 4402 tan-

2030 4448 2141 4492 tum
2171 4439 2299 4494 dicit
2326 4440 2523 4495 illisum
2573 4442 2783 4507 domui,
2822 4458 2926 4496 non
2956 4450 3011 4496 et
3056 4440 3284 4509 pluviam
3313 4452 3366 4495 et
3396 4449 3606 4507 ventos,

2034 4532 2173 4588 sicut
2192 4531 2489 4587 Matthreus.
2512 4533 2699 4589 Posset
2731 4548 2859 4605 ergo
2898 4535 3149 4592 facillime
3184 4538 3330 4594 credi
3368 4541 3617 4599 eumdem

2036 4623 2194 4677 etiam
2234 4623 2349 4693 ipse
2386 4623 2597 4677 Domini
2635 4625 3015 4694 interposuisse
3053 4643 3376 4699 sermonem,
3418 4633 3624 4704 aliquas

2037 4724 2214 4769 autem
2260 4715 2665 4784 praetermisisse
2704 4719 3013 4787 sententias,
3050 4735 3182 4791 quas
3218 4721 3495 4779 Matthazus
3528 4740 3625 4794 po-

2038 4808 2310 4862 suit:item
2332 4809 2461 4864 alias
2483 4808 2745 4879 posuisse,
2771 4825 2900 4880 quas
2926 4811 3025 4866 iste
3053 4827 3157 4867 non
3181 4813 3341 4881 dixit;
3366 4816 3625 4885 quasdam

2038 4902 2197 4956 etiam
2225 4916 2331 4955 non
2359 4900 2547 4957 iisdem
2569 4901 2767 4970 verbis,
2797 4903 3061 4959 custodita
3083 4902 3257 4960 tamen
3278 4907 3515 4962 veritatis
3540 4907 3625 4963 in-

2041 4997 2305 5067 tegritate,
2328 4995 2570 5051 similiter
2595 4996 2908 5066 explicasse.

2111 5090 2199 5145 45.
2248 5088 2435 5143 Posset
2477 5087 2614 5157 hoc,
2643 5089 2779 5144 sicut
2825 5089 2966 5155 dixi,
3006 5088 3256 5145 facillime
3296 5092 3480 5159 credi,
3525 5092 3631 5151 nisi

2041 5190 2280 5239 moveret
2300 5181 2440 5251 quod
2466 5181 2744 5237 Matthaaus
2772 5182 2824 5236 in
2852 5190 3033 5238 monte
3060 5183 3189 5239 dicit
3216 5184 3357 5239 hunc
3391 5184 3631 5240 habitum

2043 5290 2163 5331 esse
2204 5289 2506 5330 sermonem
2548 5290 2580 5329 a
2621 5274 2844 5330 Domino
2888 5273 3137 5341 sedente;
3176 5275 3348 5332 Lucas
3373 5287 3549 5332 autem
3578 5277 3636 5335 in

2044 5369 2164 5424 loco
2184 5367 2469 5438 campestri
2499 5382 2529 5421 a
2557 5366 2783 5422 Domino
2823 5375 3014 5423 stante.
3044 5368 3170 5425 Haec
3195 5369 3373 5440 itaque
3410 5370 3639 5426 diversi-

2045 5470 2125 5517 tas
2156 5460 2471 5535 facitvideri
2497 5460 2659 5515 alium
2689 5459 2855 5515 fuisse
2883 5459 3029 5514 illum
3051 5503 3066 5529 ,
3091 5461 3253 5516 alium
3284 5461 3464 5517 istum.
3497 5461 3638 5528 Quid

2045 5555 2187 5611 enim
2217 5553 2525 5625 prohiberet
2542 5551 2808 5607 Christum
2838 5552 2963 5608 alibi
2984 5552 3225 5623 quaedam
3252 5563 3493 5624 repetere
3517 5568 3638 5625 qua}

2042 5647 2150 5718 jam
2194 5655 2350 5701 antea
2393 5644 2637 5710 dixerat,
2668 5652 2760 5698 aut
2800 5644 2989 5701 iterum
3027 5644 3270 5715 quaedam
3297 5644 3473 5701 facere
3516 5662 3638 5716 qua:

2047 5751 2201 5797 antea
2224 5740 2335 5805 jam
2380 5737 2614 5793 fecerat?
2655 5736 2772 5791 Non
2815 5752 2943 5792 sane
2978 5738 3107 5791 istos
3150 5737 3283 5791 duos
3322 5752 3637 5807 sermones,

2046 5846 2273 5904 quorum
2311 5845 2476 5885 unum
2523 5828 2837 5896 Matthaaus,
2882 5828 3104 5882 alterum
3152 5829 3321 5884 Lucas
3372 5829 3635 5899 inseruit,

2050 5925 2210 6000 longa
2239 5923 2491 5998 temporis
2533 5922 2782 6015 distantia
2814 5921 3099 6015 separari,
3124 5920 3266 6015 hinc
3293 5921 3653 5995 probabiliter

2778 6013 3281 6107 (Tremo-cina.)
