4082 6456
507 554 769 619 creditur,
805 547 950 623 quod
989 556 1044 609 et
1074 554 1281 607 anteet
1302 553 1489 617 postea
1515 544 1761 617 qudam
1783 541 1976 599 similia
2012 541 2097 598 vel

510 648 700 706 eadem
724 646 880 702 ambo
906 650 1187 705 narrarunt
1202 682 1221 706 ,
1242 649 1305 697 ut
1320 654 1433 697 non
1464 637 1696 695 absrde
1720 637 1983 694 sentiatur
2002 649 2097 692 eo--

510 755 632 796 rum
670 738 1002 794 narrationes
1040 734 1157 789 lucc
1185 731 1635 804 inter-ponentium
1662 730 1717 785 in
1740 728 1941 785 eisdem
1967 727 2099 782 locis

511 843 566 895 et
588 834 777 891 diebus
797 846 920 889 esse
958 837 1219 889 versatus.
1236 826 1371 883 Nam
1395 825 1675 882 Maltinus
1703 820 1806 880 hoc
1831 825 1901 879 ita
1926 822 2053 879 dicit
2081 839 2095 875 :

511 926 581 980 Et
619 934 800 980 secuta:
834 932 950 981 sunt
984 937 1103 979 eum
1129 921 1288 977 turba
1313 919 1488 974 aurita
1516 917 1583 973 ds
1601 916 1834 983 Galilaza,
1863 926 1909 971 et
1936 915 2100 971 Deca-

509 1017 646 1088 poli,
691 1024 737 1073 et
775 1011 1143 1087 Jerosolqmis,
1172 1021 1221 1069 et
1243 1011 1431 1068 ,ιητωα
1455 1020 1501 1065 et
1538 1010 1602 1065 de
1633 1020 1775 1064 trans
1797 1008 2096 1064 Iordanem.

518 1108 706 1165 Videas
728 1116 897 1163 autem
926 1106 1103 1162 turbas
1119 1104 1343 1163 ascendit
1369 1104 1425 1159 in
1449 1112 1700 1167 malim;
1728 1112 1775 1156 et
1800 1118 1916 1157 cum
1941 1101 2101 1157 sedis-

507 1211 615 1265 set,
646 1207 961 1257 accessmsst
988 1196 1057 1253 ad
1099 1214 1216 1255 suus
1255 1195 1491 1267 discipuli
1532 1196 1658 1265 ejus.
1687 1193 1757 1249 Et
1785 1196 2020 1265 aperiens
2045 1211 2101 1250 os

506 1309 655 1349 suum
692 1292 899 1353 docebat
936 1307 1020 1347 eos
1044 1291 1219 1347 dicens
1242 1305 1261 1345 :
1290 1288 1434 1344 Beati
1458 1303 1707 1359 pauperes
1729 1288 1910 1359 spiritu
1927 1330 1940 1352 ,
1972 1302 2098 1369 quq-

511 1390 652 1445 niam
680 1388 907 1461 ipsorum
932 1395 1005 1445 est
1040 1400 1249 1457 regnum
1276 1385 1517 1439 calorum
1536 1423 1550 1449 ,
1579 1391 1634 1438 et
1662 1390 1855 1437 caetera
1886 1380 2097 1455 (Matth.

508 1496 584 1549 sv,
610 1480 681 1537 25
697 1496 799 1546 ;vu
817 1518 833 1548 ,
858 1466 975 1551 29).
992 1478 1093 1538 llic
1114 1484 1289 1547 potest
1310 1475 1479 1532 videri
1510 1474 1703 1530 nmltas
1728 1472 1909 1528 turbas
1934 1473 2102 1529 vitare

507 1574 746 1633 voluisse
766 1615 779 1636 ,
811 1583 865 1627 et
901 1572 973 1629 ob
996 1570 1098 1628 hoc
1122 1569 1431 1625 ascendisse
1470 1569 1523 1623 in
1548 1575 1783 1623 montem
1809 1609 1823 1632 ,
1849 1573 2100 1637 tanquam

510 1665 813 1727 accedentia
835 1680 863 1719 a
892 1665 1057 1721 turbis
1076 1703 1092 1730 ,
1120 1670 1178 1719 ut
1195 1662 1323 1717 solis
1347 1661 1460 1717 suis
1475 1659 1753 1730 discipulis
1772 1659 2098 1728 loqueretur.

510 1761 615 1825 Cui
656 1761 733 1819 rei
762 1759 969 1815 videtur
1009 1756 1249 1815 attestari
1292 1756 1449 1811 etiam
1502 1755 1707 1821 Lucas,
1737 1752 1809 1807 ita
1832 1764 2099 1807 narrans:

508 1853 731 1919 Faciunt
751 1860 824 1911 est
847 1861 1014 1909 autem
1031 1851 1085 1905 iu
1108 1849 1214 1904 illis
1238 1848 1411 1903 diebus
1429 1888 1443 1911 ,
1473 1846 1593 1901 exiit
1613 1846 1668 1900 in
1686 1852 1902 1899 montem
1922 1859 2069 1899 orare
2085 1885 2100 1911 ,

508 1954 561 2007 ct
593 1954 703 2004 erat
743 1952 1039 2015 pernoctasse
1066 1942 1118 1996 in
1155 1940 1384 1995 oratione
1416 1935 1529 1993 Dei.
1578 1935 1643 1991 Et
1669 1952 1784 1991 cum
1809 1936 1914 1990 dies
1940 1936 2105 2007 factus

510 2050 674 2109 esset,
718 2037 909 2096 merit
943 2034 1220 2107 discipulos
1258 2048 1376 2089 suos
1395 2073 1410 2099 ,
1451 2039 1499 2087 et
1548 2029 1695 2101 elegit
1741 2027 2005 2083 duodecim
2044 2042 2106 2082 ea:

513 2132 668 2204 ipsis,
687 2147 813 2202 quos
831 2137 877 2185 et
895 2127 1161 2199 Apostolos
1179 2123 1455 2181 nominauit
1483 2137 1504 2179 :
1534 2120 1794 2177 Simonem
1810 2159 1824 2185 ,
1856 2136 2001 2191 quem
2021 2134 2106 2174 co-

513 2224 823 2301 gnominauit
849 2220 1058 2277 Petrum
1072 2260 1088 2284 ,
1111 2226 1160 2275 et
1183 2217 1433 2273 Andream
1464 2215 1675 2286 fratrem
1693 2214 1821 2286 ejus,
1852 2211 2105 2266 Iacobum

512 2325 562 2371 st
587 2314 870 2379 Joannem,
902 2311 1203 2381 Philippum
1237 2317 1287 2362 et
1317 2304 1773 2368 Bartltolomatum,
1805 2301 2108 2357 Hattha‘um

510 2418 563 2464 et
594 2406 869 2471 Thomam,
893 2403 1142 2461 Iacobum
1175 2399 1377 2471 Alphei
1402 2406 1452 2454 et
1480 2396 1741 2453 Simonem
1777 2394 1864 2465 qui
1901 2402 2109 2449 uocatur

510 2500 745 2564 Zelotes,
763 2496 958 2553 Iudam
979 2494 1163 2551 Jacobi
1186 2491 1444 2548 etIudout
1468 2489 1706 2546 Scarioth
1723 2530 1738 2556 ,
1760 2487 1847 2559 qui
1868 2487 1965 2556 fuit
1988 2503 2108 2556 pro-

514 2595 667 2653 diter.
693 2591 759 2647 Et
782 2589 1085 2647 ducendus
1101 2603 1217 2643 ann
1240 2585 1348 2641 illis
1369 2584 1505 2640 stetit
1526 2583 1584 2637 in
1610 2580 1721 2638 loco
1745 2580 2034 2649 campestri,
2062 2588 2110 2634 et

512 2687 668 2745 turba
685 2683 1056 2753 discipulorum
1081 2680 1192 2752 sius
1209 2722 1225 2748 ,
1255 2688 1306 2735 et
1323 2676 1595 2733 multitudo
1612 2674 1818 2745 copiosa
1842 2671 2017 2742 plebis,
2046 2672 2109 2726 ab

520 2777 664 2837 omni
696 2775 904 2839 Iudea,
944 2783 991 2829 et
1024 2771 1343 2837 Ierusalem,
1370 2768 1727 2835 «maritima,
1768 2775 1818 2822 et
1849 2765 1971 2838 Tyri
1990 2765 2031 2834 ⁸,
2064 2772 2111 2820 et

517 2868 731 2929 Sidonis
748 2908 765 2933 ,
790 2866 877 2935 qui
902 2872 1139 2921 unumst
1162 2872 1221 2917 ut
1262 2861 1499 2916 audircttt
1519 2874 1634 2915 eum
1668 2867 1718 2913 et
1739 2866 2043 2913 sanarentur
2077 2873 2111 2911 a

516 2958 844 3030 languoribus
865 2956 993 3012 suis.
1024 2952 1090 3010 Et
1116 2954 1202 3024 qui
1224 2952 1537 3008 uexabatur
1552 2966 1586 3004 ι
1608 2949 1867 3021 spiritibus
1884 2948 2109 3002 immun-

518 3053 600 3109 dis
615 3091 633 3119 ,
654 3049 978 3105 curabuntur.
1012 3045 1081 3103 Et
1106 3046 1272 3100 omnis
1298 3046 1444 3099 turba
1463 3042 1717 3117 parebat
1733 3059 1846 3097 eum
1870 3050 2073 3114 tangere
2091 3083 2106 3107 ,

516 3143 637 3214 quia
655 3141 810 3196 uirtus
837 3138 901 3195 de
921 3136 1014 3195 illo
1038 3135 1234 3202 coibat,
1263 3145 1313 3191 et
1336 3136 1549 3190 sanabat
1575 3150 1762 3190 omnes.
1795 3133 1863 3188 Et
1884 3135 1994 3205 ipse
2011 3132 2106 3188 ele-

516 3234 649 3295 vatis
673 3232 834 3289 oculis
859 3231 915 3286 in
938 3229 1213 3300 discipulos
1248 3244 1367 3283 suos
1406 3226 1599 3282 dicebat
1621 3241 1641 3282 :
1660 3224 1807 3281 Beati
1830 3242 2073 3297 pauperes
2092 3268 2105 3292 ,

515 3329 638 3399 quia
667 3334 884 3385 uestrum
909 3333 979 3382 est
1004 3337 1215 3393 regnum
1238 3320 1355 3384 Dei,
1385 3328 1489 3376 etc.
1518 3319 1666 3392 (Luc.
1689 3334 1764 3385 vr,
1790 3316 2109 3390 l!-i9).llic

514 3426 697 3493 potest
736 3416 957 3487 intelligi
994 3430 1125 3473 eum
1172 3414 1226 3469 in
1273 3420 1457 3469 monte
1495 3410 1773 3466 duodecim
1816 3409 2108 3480 discipulos

514 3510 681 3581 elegit
721 3523 789 3569 ex
838 3505 1112 3578 pluribus,
1139 3517 1274 3576 quos
1301 3501 1585 3573 Apostolos
1611 3500 1935 3564 nominavit,
1968 3500 2106 3571 quod

516 3602 798 3664 latthasus
828 3598 1201 3671 prauos-misit,
1246 3605 1374 3651 tunc
1412 3594 1562 3650 illum
1607 3592 1857 3648 habuisse
1900 3602 2108 3647 sermo.

515 3712 643 3761 nem
686 3709 846 3766 quem
888 3691 1169 3749 Msttltutus
1213 3689 1561 3758 interposuit,
1601 3693 1657 3742 et
1694 3685 1870 3741 Lucas
1911 3684 2106 3752 tacuit,

515 3786 624 3843 hoc
657 3793 744 3842 est
779 3785 835 3839 in
876 3791 1093 3847 monte;
1132 3795 1197 3836 sc
1231 3778 1424 3836 deinde
1458 3792 1578 3833 cum
1616 3776 2014 3842 descendisset,
2054 3776 2108 3830 in

515 3877 640 3937 loco
686 3874 970 3946 campestri
1010 3871 1267 3929 habuisse
1302 3870 1529 3925 alterum
1575 3868 1805 3923 similem
1826 3909 1841 3934 ,
1886 3867 1954 3923 de
2002 3881 2109 3940 quo

518 3967 795 4027 laminas
820 3973 989 4029 tacet,
1040 3964 1208 4019 Lucas
1234 3976 1340 4017 non
1366 3968 1507 4016 tacet
1540 3976 1554 4014 :
1598 3968 1653 4016 et
1679 3967 1961 4031 utrumque
1986 3973 2106 4015 ser-

519 4072 734 4114 monem
765 4054 955 4119 eodem
984 4052 1144 4109 modo
1166 4066 1289 4107 esse
1313 4052 1643 4107 conclusum.

591 4147 684 4206 46.
708 4145 865 4215 Quod
892 4154 1066 4202 autem
1096 4143 1374 4199 Matthzeus
1410 4142 1514 4198 isto
1541 4152 1792 4197 sermone
1828 4141 2108 4196 terminato

521 4238 762 4310 sequitur
786 4246 841 4293 et
862 4236 1020 4303 dicit,
1046 4233 1119 4290 Et
1138 4238 1328 4307 factum
1351 4243 1442 4298 est,
1461 4244 1577 4288 cum
1603 4240 1993 4287 consummasset
2018 4231 2111 4287 Ie-

520 4348 610 4389 sus
636 4329 783 4386 verba
802 4330 909 4384 lucc
926 4370 942 4388 .
970 4324 1351 4382 admirabantur
1366 4323 1526 4379 turbat
1547 4338 1699 4396 super
1712 4322 1942 4377 doctrina
1961 4324 2072 4395 ejus
2090 4365 2105 4390 ,

520 4430 701 4496 potest
732 4419 899 4476 videri
934 4418 1316 4489 discipulon
1352 4416 1533 4471 turbes
1556 4413 1791 4483 dixisse,
1815 4428 1884 4471 ex
1916 4414 2110 4485 quibus

519 4514 645 4573 illos
666 4511 948 4571 duodecim
974 4509 1228 4580 elegerat.
1258 4506 1411 4573 Quod
1431 4520 1559 4562 vero
1581 4519 1707 4560 mox
1730 4505 1835 4573 sit,
1858 4504 1984 4560 Cum
2012 4521 2109 4560 au-

522 4614 623 4667 tem
650 4601 982 4659 descendisset
1007 4599 1072 4657 de
1102 4606 1267 4655 monte
1284 4638 1300 4664 ,
1324 4606 1507 4653 secutis
1528 4604 1645 4651 sunt
1661 4611 1776 4651 eum
1802 4595 1963 4651 turba:
1978 4597 2111 4652 mul-

522 4706 590 4757 to:
620 4712 640 4751 :
667 4703 715 4751 et
737 4711 850 4752 ecce
880 4693 1108 4765 leprosus
1128 4693 1329 4749 veniens
1370 4688 1615 4745 adorabat
1649 4706 1797 4759 eum,
1825 4699 2001 4762 potest
2026 4688 2110 4745 iu-

521 4788 687 4860 telligi
726 4796 847 4860 post
877 4795 1163 4856 utrumque
1200 4798 1505 4841 sermonem
1536 4781 1731 4838 factum
1760 4781 1958 4851 fuisse,
2003 4797 2109 4839 non

521 4883 699 4949 solum
728 4898 885 4953 quem
910 4879 1190 4939 listtbseus
1207 4919 1223 4942 .
1251 4892 1438 4935 verum
1467 4876 1627 4934 etiam
1653 4890 1811 4947 quem
1833 4876 2003 4932 Lucas
2026 4877 2123 4932 in-'

523 4975 775 5045 terponit.
824 4973 1006 5044 Neque
1032 4971 1171 5027 enim
1200 4977 1420 5040 apparet
1444 4977 1568 5041 post
1594 4969 1994 5026 descensionem
2043 4969 2112 5025 de

522 5077 706 5127 monte
750 5074 1006 5138 quantum
1054 5063 1308 5134 temporis
1352 5061 1513 5118 fuerit
1557 5062 1964 5132 interpositum;
2015 5061 2110 5116 sed

525 5158 627 5217 hoc
648 5157 823 5215 solum
860 5156 1025 5215 voluit
1043 5153 1342 5227 signiﬁcem
1371 5153 1667 5220 Mattheus,
1699 5161 1818 5223 post
1844 5152 1987 5209 illam
2017 5152 2113 5209 de-

522 5250 860 5309 sconsionem
880 5248 1074 5305 multas
1098 5247 1279 5305 tut-bss
1298 5245 1464 5303 fuisse
1485 5260 1607 5301 cum
1629 5245 1874 5313 Domino,
1897 5246 2113 5316 quando

522 5346 797 5419 leprosum
824 5340 1134 5407 mandavit,
1163 5354 1271 5395 non
1295 5348 1551 5409 quantum
1573 5338 1827 5407 temporis
1850 5339 2110 5395 interluc-

521 5438 620 5497 rit:
639 5435 940 5511 praesrtim
957 5446 1080 5493 eum
1092 5431 1339 5493 eumdem
1356 5431 1621 5500 leprosum
1638 5429 1809 5486 Lucas
1823 5431 1932 5502 jam
1959 5432 2012 5486 in
2034 5432 2112 5487 ci-

519 5531 688 5586 vitate
737 5528 913 5599 posito
960 5525 1187 5583 Domino
1229 5522 1373 5580 dicat
1417 5537 1538 5579 esse
1579 5521 1924 5589 mandatum,
1968 5521 2109 5594 quod

522 5619 801 5678 Isttbscus
816 5619 995 5676 dicere
1016 5631 1125 5673 non
1150 5615 1372 5672 curavit.
1539 5609 1545 5615 ’

594 5713 687 5769 ιτ.
725 5712 1037 5781 Quanquam
1056 5709 1218 5765 etiam
1240 5706 1369 5764 illud
1396 5706 1564 5777 possit
1587 5719 1896 5772 coemere,
1928 5703 1981 5762 in
2012 5705 2112 5761 sli-

586 5848 851 5899 ιιςοεαιω
875 5844 1035 5907 editis,
1057 5839 1438 5907 amomum:
1464 5850 1592 5907 nm-
1617 5838 2027 5907 Αιξιίφιοιωεεη
2061 5843 2129 5903 ει.

523 5904 1980 5973 wm:m,a,qwsmemm

1322 427 1413 486 DE
1448 425 1796 486 CONSENSU
1836 416 2484 496 EVANGEUS’I‘ARUM,
2524 426 2584 486 S.
2621 423 2983 489 AUGUSTINI

3648 435 3789 498 1100

2204 554 2309 612 qua
2336 542 2631 600 excelsiore
2656 554 2803 616 parte
2821 547 3016 604 montis
3038 546 3209 619 primo
3228 563 3351 607 cura
3369 550 3497 611 solis
3518 549 3797 626 discipulis

2205 631 2489 689 Dominum
2535 634 2696 693 ibisse
2714 678 2729 704 ,
2759 637 2972 710 quando
2999 655 3064 696 ex
3098 640 3177 698 eis
3214 641 3332 701 illos
3360 643 3644 702 duodecim
3670 646 3791 707 clo-

2204 727 2279 798 git
2308 744 2321 781 :
2350 727 2543 786 deinde
2567 746 2688 786 cum
2720 732 2799 788 eis
2819 732 3159 792 descendisse
3176 778 3192 806 ,
3223 752 3332 792 non
3357 737 3426 799 de
3451 747 3635 805 monte
3651 782 3673 810 ,
3697 740 3794 805 sed

2205 818 2276 874 de
2306 818 2420 890 ipsa
2444 822 2642 877 montis
2670 823 2985 882 celsitudine
3023 825 3079 882 in
3115 839 3467 907 campestrem
3494 831 3708 905 locum,
3738 832 3795 889 id

2203 920 2317 980 est,
2361 912 2415 968 in
2463 914 2694 986 aliquam
2737 917 3130 989 aequalitatem,
3157 936 3277 993 quae
3308 922 3360 977 in
3387 922 3555 979 latere
3595 924 3796 983 montis

2205 1013 2352 1074 erat,
2389 1014 2444 1061 et
2471 1007 2662 1064 multas
2690 1010 2873 1066 turbas
2901 1026 3094 1083 capere
3128 1022 3373 1091 poterat;
3403 1024 3563 1091 atque
3586 1017 3659 1079 ibi
3687 1027 3798 1079 ste-

2206 1096 2335 1152 tisse
2357 1097 2529 1155 donec
2566 1099 2633 1155 ad
2662 1116 2785 1157 eum
2815 1103 2980 1160 turba
3005 1117 3453 1181 congregarentur
3475 1126 3489 1163 :
3508 1124 3585 1166 ac
3612 1120 3800 1181 postea

2205 1202 2327 1246 etim
2351 1191 2607 1261 sedisset,
2629 1197 2919 1254 accessisse
2944 1199 3295 1277 propinquius
3324 1201 3613 1273 discipulos
3642 1205 3763 1277 eius
3778 1246 3795 1273 ,

2205 1286 2366 1354 utque
2405 1284 2476 1339 its
2519 1285 2624 1342 illis
2666 1290 2985 1362 caeterisque
3034 1292 3203 1348 turbis
3246 1295 3593 1365 praesentibus
3632 1312 3800 1359 unum

2206 1373 2458 1433 habuisse
2485 1392 2785 1437 sermonem
2807 1422 2822 1445 ,
2853 1396 3011 1451 quem
3042 1382 3322 1441 Mattltaeus
3352 1385 3632 1460 Lucasque
3670 1402 3800 1451 nar-

2205 1472 2431 1534 rarunt,
2486 1469 2700 1527 diverso
2741 1473 2993 1528 narrandi
3033 1475 3227 1545 modo,
3279 1474 3374 1533 sed
3414 1478 3603 1543 eadem
3652 1479 3800 1539 veri-

2207 1565 2319 1617 tate
2360 1576 2541 1619 rerum
2586 1573 2643 1621 et
2686 1564 3101 1638 sententiarum,
3146 1586 3280 1642 quas
3321 1572 3480 1630 ambo
3524 1572 3798 1633 dixerunt.

2206 1654 2323 1711 tam
2349 1657 2492 1713 enim
2527 1660 2940 1730 prtemonuimus
2959 1704 2974 1730 ,
3004 1662 3146 1739 quod
3172 1672 3227 1721 et
3252 1665 3401 1721 nullo
3431 1675 3797 1736 przemoneute

2207 1745 2492 1820 unicuique
2515 1759 2705 1819 sponte
2731 1751 3014 1808 videndum
3047 1752 3173 1819 fuit,
3204 1758 3248 1811 si
3286 1756 3406 1827 quis
3428 1758 3803 1829 praetermittat

2207 1838 2407 1910 aliquid
2435 1839 2577 1913 quod
2602 1841 2739 1898 allus
2764 1843 2937 1909 dicat,
2969 1860 3074 1901 non
3095 1861 3215 1903 esse
3237 1848 3602 1916 contrarium;
3633 1863 3738 1913 nec
3753 1848 3803 1913 si

2208 1930 2342 1987 alius
2369 1931 2477 1987 alio
2502 1933 2662 1991 modo
2687 1935 2883 2007 aliquid
2909 1935 3079 2007 dicat,
3112 1938 3234 1995 dum
3259 1940 3445 1999 eadem
3472 1957 3652 2003 rerum
3677 1956 3803 2003 sell-

2211 2022 2601 2095 tentlarumque
2641 2026 2838 2081 veritas
2864 2027 3201 2100 explicetur:
3234 2039 3291 2086 ut
3336 2031 3480 2107 quod
3520 2031 3803 2095 Mattheus

2209 2114 2310 2182 sit,
2339 2114 2464 2170 Dum
2489 2125 2655 2172 autem
2682 2119 3012 2176 descendisset
3044 2123 3108 2177 de
3138 2135 3306 2180 monte
3322 2168 3338 2194 ,
3361 2126 3518 2182 simul
3546 2127 3707 2184 etiam
3733 2126 3805 2185 de

2209 2204 2302 2261 illo
2328 2209 2611 2278 campestri
2655 2209 2775 2267 loco
2802 2213 2892 2283 qui
2937 2213 2989 2269 in
3036 2214 3199 2271 latere
3225 2217 3421 2283 montis
3450 2233 3567 2275 esse
3591 2219 3802 2295 potuit,

2211 2296 2549 2369 intelligatur.
2598 2300 2802 2358 Deinde
2844 2303 3119 2361 Matthzeus
3167 2305 3235 2362 de
3270 2307 3496 2379 Aleproso
3543 2309 3801 2369 mundata

2212 2398 2424 2455 narrat,
2446 2391 2587 2461 quod
2611 2393 2772 2451 etiam
2796 2394 3004 2454 Marcus
3028 2405 3082 2453 et
3105 2376 3561 2457 Lucas-similiter.

2211 2476 2437 2536 CAPUT
2453 2480 2574 2537 XX.
2593 2511 2662 2527 -ι
2688 2484 2950 2552 Quomodo
2983 2486 3119 2542 dicat
3142 2488 3415 2544 Mattiacas
3446 2488 3804 2551 Centurionem

2283 2572 2352 2625 ad
2387 2588 2502 2627 eum
2540 2578 2806 2633 accessisse
2854 2594 2946 2649 pro
2993 2596 3148 2650 puero
3191 2598 3307 2650 suo,
3328 2598 3444 2637 cum
3474 2581 3640 2641 Lucas
3667 2584 3805 2641 dicti

2283 2667 2420 2740 quod
2442 2669 2632 2724 amicos
2654 2669 2724 2724 ad
2750 2687 2864 2725 eum
2888 2673 3098 2727 miserit.

2283 2760 2371 2815 48.
2396 2759 2523 2816 Post
2547 2759 2661 2817 haec
2686 2762 2965 2820 Mattbazus
2993 2766 3248 2837 sequitur,
3274 2775 3331 2824 et
3356 2765 3483 2823 dicit
3510 2785 3524 2822 :
3555 2767 3683 2825 Cum
3702 2785 3801 2827 au-

2214 2860 2311 2907 tem
2334 2854 2588 2910 introisset
2607 2852 2965 2929 Capharnaum
2987 2901 3003 2925 ,
3034 2860 3245 2915 accessit
3267 2861 3336 2914 ad
3367 2861 3510 2915 illum
3527 2861 3766 2921 Centurio
3780 2905 3801 2934 ,

2210 2956 2399 3016 rogans
2441 2961 2558 3001 eum
2580 2987 2595 3013 ,
2637 2955 2685 3001 et
2723 2947 2933 3004 dicens:
2964 2946 3207 3018 Domine,
3254 2967 3381 3027 puer
3400 2968 3538 3008 meus
3568 2954 3710 3033 jacet
3747 2954 3803 3011 in

2212 3038 2364 3093 domo
2392 3039 2700 3110 paralyticus
2719 3081 2734 3107 ,
2766 3050 2815 3096 et
2837 3042 2969 3096 male
2994 3051 3262 3113 torquetur,
3294 3053 3348 3099 et
3375 3052 3599 3111 caetera,
3633 3060 3804 3121 usque

2213 3128 2280 3184 sd
2310 3144 2432 3185 eum
2468 3130 2641 3185 locum
2668 3130 2755 3186 ubi
2780 3132 2887 3199 ait,
2914 3130 2983 3187 Et
3001 3142 3208 3188 sanatus
3228 3143 3300 3188 est
3320 3152 3447 3208 puer
3468 3151 3531 3189 ea:
3558 3134 3648 3193 illa
3676 3135 3805 3199 liora

2206 3216 2427 3295 (Matth.
2455 3236 2585 3288 vm,
2614 3220 2904 3296 5-l5).lloc
2942 3224 3007 3279 de
3057 3241 3221 3297 puero
3260 3226 3596 3285 Centuriouls
3638 3227 3803 3285 etiam

2214 3311 2384 3368 Lucas
2411 3324 2795 3370 commemorat
2827 3333 2839 3369 :
2871 3330 2975 3371 non
2998 3358 3012 3382 ,
3040 3317 3176 3372 sicut
3216 3318 3332 3384 iste,
3381 3326 3501 3390 post
3526 3317 3802 3393 leprosum

2211 3404 2521 3459 renudatum
2545 3447 2559 3473 ,
2589 3421 2747 3476 quem
2787 3406 2878 3462 ille
2906 3415 3091 3477 postea
3131 3407 3442 3465 recordatus
3475 3423 3807 3471 commemo-

2210 3498 2376 3563 ravit,
2425 3497 2519 3554 sed
2564 3506 2683 3569 post
2735 3498 2894 3555 linem
2949 3499 3093 3555 illius
3142 3500 3450 3579 prolixioris
3500 3501 3802 3571 sermonis,

2212 3588 2354 3660 quod
2382 3589 2451 3644 ita
2483 3589 2755 3663 coniungit
2793 3608 2809 3645 :
2833 3590 2959 3647 Cum
2985 3599 3154 3646 autent
3181 3591 3434 3663 implesset
3462 3593 3633 3647 omnia
3656 3592 3808 3647 verba

2204 3695 2309 3734 sua
2334 3681 2387 3734 in
2410 3697 2559 3736 aures
2583 3678 2768 3751 plebis,
2800 3682 3003 3737 intravit
3027 3680 3389 3753 Capharnaum
3422 3698 3443 3738 :
3483 3680 3808 3739 Centurionis

2208 3782 2381 3827 autem
2405 3773 2671 3843 cujusdam
2687 3790 2857 3829 servus
2883 3775 3014 3829 male
3040 3775 3225 3831 habens
3247 3784 3353 3830 erat
3382 3774 3655 3834 moriturus
3673 3816 3692 3847 ,
3714 3775 3807 3848 qui

2208 3865 2291 3919 illi
2330 3873 2437 3920 erat
2476 3866 2759 3935 pretiosus,
2796 3876 2924 3935 ctc.,
2976 3881 3142 3938 usque
3191 3868 3248 3924 in
3295 3883 3420 3923 eum
3451 3861 3637 3923 locum
3692 3881 3805 3941 quo

2212 3964 2433 4012 senatus
2485 3964 2567 4012 est
2611 3956 2763 4029 (Luc.
2786 3974 2857 4014 vn
2879 4001 2893 4026 ,
2924 3959 3094 4029 l-lO).
3126 3958 3221 4015 llic
3249 3958 3653 4033 intelligendum
3681 3970 3804 4031 eet,

2212 4062 2335 4104 cum
2384 4049 2654 4120 implesset
2700 4050 2912 4121 quidem
2964 4050 3141 4105 omnia
3187 4050 3351 4108 verba
3388 4065 3484 4106 sua
3531 4049 3585 4106 in
3636 4064 3806 4113 aures

2213 4140 2420 4211 plebis,
2475 4140 2702 4197 intrasse
2746 4141 3017 4197 Christum
3070 4141 3476 4212 Capharnaum,
3530 4139 3635 4197 hoc
3683 4149 3808 4212 est,

2213 4234 2335 4305 quia
2365 4249 2471 4289 non
2509 4243 2790 4306 antequam
2834 4233 2948 4289 haec
2977 4233 3138 4290 verba
3169 4236 3510 4290 terminasset
3535 4233 3756 4290 intravit
3786 4250 3803 4289 :

2212 4324 2307 4381 sed
2342 4340 2451 4381 non
2494 4340 2615 4382 esse
2642 4339 2951 4396 expressum
2993 4334 3113 4396 post
3154 4333 3409 4397 quantum
3439 4325 3695 4396 temporis
3724 4325 3810 4380 in-

2215 4418 2494 4475 terrenum
2524 4433 2642 4474 cum
2683 4418 2813 4473 istos
2848 4432 3122 4473 sermones
3152 4417 3488 4473 terminasset
3524 4416 3809 4473 intraverit

2213 4508 2604 4580 Capitur-nsum.
2657 4510 2777 4581 ipso
2826 4511 3023 4581 quippe
3078 4508 3354 4564 intervallo
3415 4509 3657 4581 leprosus
3712 4507 3809 4566 ille

2214 4604 2496 4660 mundatus
2525 4615 2631 4671 est,
2662 4620 2819 4677 quem
2868 4604 2986 4660 loco
3029 4619 3127 4659 suo
3168 4602 3446 4661 Mattbteus
3476 4603 3805 4677 interponit,

2214 4696 2315 4753 iste
2339 4706 2513 4752 autem
2547 4703 2728 4767 postea
2757 4695 3085 4753 recordatur.

2286 4788 2373 4845 i9.
2416 4789 2529 4845 lam
2559 4805 2686 4861 ergo
2729 4787 3000 4844 videamus
3026 4796 3205 4847 utrum
3251 4786 3353 4844 sibi
3391 4786 3462 4844 de
3498 4785 3602 4842 hoc
3643 4800 3807 4843 servo

2214 4879 2553 4935 Cettturlonis
2600 4879 2872 4936 Mattbzeus
2926 4878 3202 4951 Lucasque
3254 4877 3606 4935 consentiant.
3665 4875 3805 4933 Mat-

2216 4970 2386 5026 thuans
2414 4972 2554 5027 enim
2581 4971 2709 5027 dicit
2738 4988 2750 5025 :
2791 4969 3012 5025 Accessit
3057 4969 3126 5023 ad
3162 4986 3274 5024 eum
3314 4966 3587 5035 Centurio,
3614 4982 3806 5045 rogus

2219 5078 2332 5116 eum
2361 5071 2408 5116 et
2446 5059 2617 5118 dicens
2647 5078 2665 5118 :
2694 5059 2831 5117 Puer
2856 5078 2995 5115 meus
3014 5062 3155 5132 jacet
3182 5061 3235 5114 in
3280 5060 3430 5114 domo
3465 5057 3803 5138 paralyticus.

2214 5154 2311 5211 Cui
2336 5154 2543 5210 videtur
2562 5168 2856 5226 repugnare
2884 5152 3026 5225 quod
3052 5153 3127 5208 ait
3145 5152 3317 5213 Lucas
3349 5170 3363 5208 :
3388 5149 3460 5207 Et
3484 5168 3599 5205 cum
3624 5148 3806 5209 audis:

2215 5253 2288 5303 set
2310 5245 2374 5302 de
2401 5245 2524 5301 Iesu
2543 5290 2558 5314 ,
2591 5247 2723 5301 misit
2761 5246 2829 5300 ad
2861 5262 2973 5302 eum
2998 5245 3218 5300 seniores
3241 5243 3542 5299 Iudworum
3558 5284 3578 5315 ,
3614 5257 3805 5312 rogans

2216 5356 2327 5396 eunt
2356 5351 2411 5394 ut
2442 5340 2625 5395 ueniret
2643 5382 2658 5406 ,
2694 5349 2741 5395 et
2761 5340 2978 5395 salvaret
3001 5354 3197 5393 seruum
3216 5339 3344 5409 ejus.
3373 5336 3438 5391 At
3462 5334 3539 5392 illi
3566 5350 3684 5390 cum
3723 5349 3806 5388 oe-

2214 5433 2404 5489 nissent
2444 5433 2511 5487 ad
2545 5432 2719 5487 Iesum
2760 5432 3003 5505 rogabant
3045 5447 3158 5487 eum
3198 5428 3441 5496 sollicite,
3472 5427 3694 5483 dicentes
3718 5426 3766 5482 ei
3784 5439 3805 5480 :

2217 5524 2352 5590 Quia
2376 5525 2561 5597 dignus
2586 5534 2689 5592 est,
2714 5533 2768 5579 ut
2786 5524 2878 5579 hoc
2897 5522 2975 5578 illi
2993 5531 3198 5594 praestes
3219 5536 3240 5575 :
3260 5520 3422 5594 diligit
3445 5518 3578 5574 enim
3604 5526 3806 5592 gentem

2212 5624 2437 5673 nostram
2455 5658 2470 5682 ,
2498 5626 2544 5671 et
2565 5632 2873 5688 synagogam
2897 5616 3004 5687 ipse
3038 5611 3304 5685 wdiﬁcavit
3328 5611 3487 5666 nobis.
3514 5608 3670 5669 Iesus
3707 5626 3807 5666 au-

2215 5718 2313 5765 tem
2336 5708 2440 5763 ibat
2460 5725 2573 5763 cum
2592 5708 2695 5763 illis
2721 5722 2740 5762 :
2762 5717 2941 5762 etcum
2956 5707 3072 5778 jam
3100 5723 3202 5760 non
3227 5705 3373 5778 longe
3392 5714 3517 5759 esset
3540 5720 3576 5761 tt
3612 5702 3766 5761 domo
3782 5740 3802 5774 ,

2213 5799 2349 5854 misit
2384 5799 2453 5854 ad
2484 5814 2597 5853 eum
2636 5796 2870 5853 Centurio
2911 5798 3098 5851 amicos
3125 5795 3295 5850 dicens
3337 5811 3358 5850 :
3398 5793 3648 5861 Domine,
3698 5789 3807 5855 noli

2212 5891 2556 5950 mimon
2586 5890 2718 5950 enim
2752 5889 3071 5961 dianussutn
3113 5895 3167 5946 ut
3202 5882 3803 5951 “Nummis-
