  <div class='ocr_page' id='page_1' title='image "/cluster/home/n/w/nwhite01/storage/ocr_20150623/34/hvd.32044015706310/557.png"; bbox 0 0 4082 6462; ppageno 0'>
   <div class='ocr_carea' id='block_1_1' title="bbox 1213 419 3710 540">
    <p class='ocr_par' dir='ltr' id='par_1_1' title="bbox 1213 419 3710 540">
     <span class='ocr_line' id='line_1_1' title="bbox 1213 419 3710 540; baseline -0.024 0"><span class='ocrx_word' id='word_1_1' title='bbox 1213 484 1302 540; x_wconf 84' lang='lat' dir='ltr'><strong><em>DE</em></strong></span> <span class='ocrx_word' id='word_1_2' title='bbox 1339 469 1683 536; x_wconf 86' lang='lat' dir='ltr'><strong>CONSENSU</strong></span> <span class='ocrx_word' id='word_1_3' title='bbox 1726 448 2366 523; x_wconf 76' lang='lat' dir='ltr'><strong>EVANGELISTARUM,</strong></span> <span class='ocrx_word' id='word_1_4' title='bbox 2407 449 2468 506; x_wconf 89' lang='lat' dir='ltr'><strong>S.</strong></span> <span class='ocrx_word' id='word_1_5' title='bbox 2509 437 2872 503; x_wconf 83' lang='lat' dir='ltr'><strong>AUGUSTINI</strong></span> <span class='ocrx_word' id='word_1_6' title='bbox 3572 419 3710 481; x_wconf 75' lang='lat' dir='ltr'><strong>HM</strong></span> 
     </span>
    </p>
   </div>
   <div class='ocr_carea' id='block_1_2' title="bbox 2136 536 3714 636">
    <p class='ocr_par' dir='ltr' id='par_1_2' title="bbox 2136 536 3714 636">
     <span class='ocr_line' id='line_1_2' title="bbox 2136 536 3714 636; baseline -0.017 -15"><span class='ocrx_word' id='word_1_7' title='bbox 2136 567 2265 636; x_wconf 92' lang='lat' dir='ltr'><strong>quit,</strong></span> <span class='ocrx_word' id='word_1_8' title='bbox 2296 561 2568 636; x_wconf 73' lang='lat' dir='ltr'><strong>designavit</strong></span> <span class='ocrx_word' id='word_1_9' title='bbox 2593 557 2838 612; x_wconf 91' lang='lat' dir='ltr'><strong><em>Dominus</em></strong></span> <span class='ocrx_word' id='word_1_10' title='bbox 2853 561 2898 607; x_wconf 91' lang='lat' dir='ltr'><strong>et</strong></span> <span class='ocrx_word' id='word_1_11' title='bbox 2917 551 3044 606; x_wconf 85' lang='lat' dir='ltr'><strong><em>alios</em></strong></span> <span class='ocrx_word' id='word_1_12' title='bbox 3063 544 3381 628; x_wconf 77' lang='lat' dir='ltr'><strong><em>septuaginta</em></strong></span> <span class='ocrx_word' id='word_1_13' title='bbox 3405 540 3532 595; x_wconf 87' lang='lat' dir='ltr'><strong><em>duos</em></strong></span> <span class='ocrx_word' id='word_1_14' title='bbox 3555 536 3714 605; x_wconf 84' lang='lat' dir='ltr'><strong><em>(Luc.</em></strong></span> 
     </span>
    </p>
   </div>
   <div class='ocr_carea' id='block_1_3' title="bbox 2136 635 3719 729">
    <p class='ocr_par' dir='ltr' id='par_1_3' title="bbox 2136 635 3719 729">
     <span class='ocr_line' id='line_1_3' title="bbox 2136 635 3719 729; baseline -0.02 -14"><span class='ocrx_word' id='word_1_15' title='bbox 2136 635 2212 727; x_wconf 73' lang='lat' dir='ltr'><strong>rx,</strong></span> <span class='ocrx_word' id='word_1_16' title='bbox 2232 660 2318 724; x_wconf 81' lang='lat'><strong>57;</strong></span> <span class='ocrx_word' id='word_1_17' title='bbox 2340 635 2491 729; x_wconf 55' lang='grc' dir='ltr'><strong>ΧΑ).</strong></span> <span class='ocrx_word' id='word_1_18' title='bbox 2516 655 2642 708; x_wconf 90' lang='lat' dir='ltr'><strong>Post</strong></span> <span class='ocrx_word' id='word_1_19' title='bbox 2665 651 2780 707; x_wconf 76' lang='lat' dir='ltr'><strong>haec</strong></span> <span class='ocrx_word' id='word_1_20' title='bbox 2807 645 3042 719; x_wconf 83' lang='lat' dir='ltr'><strong>quidem,</strong></span> <span class='ocrx_word' id='word_1_21' title='bbox 3058 638 3370 704; x_wconf 78' lang='lat' dir='ltr'><strong>manifeste;</strong></span> <span class='ocrx_word' id='word_1_22' title='bbox 3400 635 3495 690; x_wconf 82' lang='lat' dir='ltr'><strong>sed</strong></span> <span class='ocrx_word' id='word_1_23' title='bbox 3518 639 3719 704; x_wconf 86' lang='lat' dir='ltr'><strong>quanto</strong></span> 
     </span>
    </p>
   </div>
   <div class='ocr_carea' id='block_1_4' title="bbox 2138 725 3718 822">
    <p class='ocr_par' dir='ltr' id='par_1_4' title="bbox 2138 725 3718 822">
     <span class='ocr_line' id='line_1_4' title="bbox 2138 725 3718 822; baseline -0.022 -14"><span class='ocrx_word' id='word_1_24' title='bbox 2138 725 2392 822; x_wconf 84' lang='lat' dir='ltr'><strong>temporis</strong></span> <span class='ocrx_word' id='word_1_25' title='bbox 2435 725 2710 803; x_wconf 84' lang='lat' dir='ltr'><strong>intervallo</strong></span> <span class='ocrx_word' id='word_1_26' title='bbox 2761 740 2998 812; x_wconf 86' lang='lat' dir='ltr'><strong>posthaec</strong></span> <span class='ocrx_word' id='word_1_27' title='bbox 3040 735 3227 792; x_wconf 78' lang='lat' dir='ltr'><strong>fecerit</strong></span> <span class='ocrx_word' id='word_1_28' title='bbox 3273 730 3401 787; x_wconf 91' lang='lat' dir='ltr'><strong>illud</strong></span> <span class='ocrx_word' id='word_1_29' title='bbox 3437 725 3718 786; x_wconf 85' lang='lat' dir='ltr'><strong>Dominus,</strong></span> 
     </span>
    </p>
   </div>
   <div class='ocr_carea' id='block_1_5' title="bbox 2143 815 3724 914">
    <p class='ocr_par' dir='ltr' id='par_1_5' title="bbox 2143 815 3724 914">
     <span class='ocr_line' id='line_1_5' title="bbox 2143 815 3724 914; baseline -0.023 -12"><span class='ocrx_word' id='word_1_30' title='bbox 2143 862 2248 902; x_wconf 91' lang='lat' dir='ltr'><strong>non</strong></span> <span class='ocrx_word' id='word_1_31' title='bbox 2277 851 2512 914; x_wconf 78' lang='lat' dir='ltr'><strong>apparet.</strong></span> <span class='ocrx_word' id='word_1_32' title='bbox 2539 839 2596 894; x_wconf 92' lang='lat' dir='ltr'><strong>ln</strong></span> <span class='ocrx_word' id='word_1_33' title='bbox 2622 838 2736 908; x_wconf 89' lang='lat' dir='ltr'><strong>ipso</strong></span> <span class='ocrx_word' id='word_1_34' title='bbox 2761 843 2938 889; x_wconf 88' lang='lat' dir='ltr'><strong>tamen</strong></span> <span class='ocrx_word' id='word_1_35' title='bbox 2965 826 3243 884; x_wconf 89' lang='lat' dir='ltr'><strong>intervallo</strong></span> <span class='ocrx_word' id='word_1_36' title='bbox 3280 823 3341 877; x_wconf 82' lang='lat' dir='ltr'><strong>lit</strong></span> <span class='ocrx_word' id='word_1_37' title='bbox 3383 817 3525 890; x_wconf 92' lang='lat' dir='ltr'><strong>quod</strong></span> <span class='ocrx_word' id='word_1_38' title='bbox 3566 815 3724 869; x_wconf 91' lang='lat' dir='ltr'><strong>dein-</strong></span> 
     </span>
    </p>
   </div>
   <div class='ocr_carea' id='block_1_6' title="bbox 2145 905 3782 1009">
    <p class='ocr_par' dir='ltr' id='par_1_6' title="bbox 2145 905 3782 1009">
     <span class='ocr_line' id='line_1_6' title="bbox 2145 905 3782 1009; baseline -0.023 -15"><span class='ocrx_word' id='word_1_39' title='bbox 2145 953 2272 1009; x_wconf 88' lang='lat' dir='ltr'><strong>ceps</strong></span> <span class='ocrx_word' id='word_1_40' title='bbox 2308 905 2585 990; x_wconf 73' lang='lat' dir='ltr'><strong>Mattbaeus</strong></span> <span class='ocrx_word' id='word_1_41' title='bbox 2612 905 2879 996; x_wconf 74' lang='lat' dir='ltr'><strong>subiungit</strong></span> <span class='ocrx_word' id='word_1_42' title='bbox 2902 941 2916 977; x_wconf 92' lang='lat'><strong>:</strong></span> <span class='ocrx_word' id='word_1_43' title='bbox 2939 937 3062 977; x_wconf 91' lang='lat' dir='ltr'><strong>nam</strong></span> <span class='ocrx_word' id='word_1_44' title='bbox 3107 919 3248 974; x_wconf 91' lang='lat' dir='ltr'><strong>idem</strong></span> <span class='ocrx_word' id='word_1_45' title='bbox 3277 913 3558 970; x_wconf 77' lang='lat' dir='ltr'><strong>Matthaeus</strong></span> <span class='ocrx_word' id='word_1_46' title='bbox 3583 905 3727 962; x_wconf 84' lang='lat' dir='ltr'><strong>ordi-</strong></span> <span class='ocrx_word' id='word_1_47' title='bbox 3773 937 3782 942; x_wconf 64' lang='grc' dir='ltr'><strong><em>ρ</em></strong></span> 
     </span>
    </p>
   </div>
   <div class='ocr_carea' id='block_1_7' title="bbox 2149 1018 3379 1095">
    <p class='ocr_par' dir='ltr' id='par_1_7' title="bbox 2149 1018 3379 1095">
     <span class='ocr_line' id='line_1_7' title="bbox 2149 1018 3379 1095; baseline -0.023 -10"><span class='ocrx_word' id='word_1_48' title='bbox 2149 1046 2272 1085; x_wconf 93' lang='lat' dir='ltr'><strong>nem</strong></span> <span class='ocrx_word' id='word_1_49' title='bbox 2306 1037 2602 1095; x_wconf 78' lang='lat' dir='ltr'><strong>temporum</strong></span> <span class='ocrx_word' id='word_1_50' title='bbox 2629 1018 2800 1074; x_wconf 87' lang='lat' dir='ltr'><strong>adhuc</strong></span> <span class='ocrx_word' id='word_1_51' title='bbox 2827 1023 2992 1082; x_wconf 91' lang='lat' dir='ltr'><strong>tenet,</strong></span> <span class='ocrx_word' id='word_1_52' title='bbox 3023 1019 3094 1066; x_wconf 86' lang='lat' dir='ltr'><strong>tta</strong></span> <span class='ocrx_word' id='word_1_53' title='bbox 3119 1020 3341 1065; x_wconf 87' lang='lat' dir='ltr'><strong>narrans</strong></span> <span class='ocrx_word' id='word_1_54' title='bbox 3366 1022 3379 1057; x_wconf 84' lang='lat'><strong>:</strong></span> 
     </span>
    </p>
   </div>
   <div class='ocr_carea' id='block_1_8' title="bbox 2151 1084 3731 1178">
    <p class='ocr_par' dir='ltr' id='par_1_8' title="bbox 2151 1084 3731 1178">
     <span class='ocr_line' id='line_1_8' title="bbox 2151 1084 3731 1178; baseline -0.025 -1"><span class='ocrx_word' id='word_1_55' title='bbox 2151 1084 2373 1178; x_wconf 47' lang='lat' dir='ltr'><strong>CAPUT</strong></span> <span class='ocrx_word' id='word_1_56' title='bbox 2413 1084 2600 1171; x_wconf 60' lang='lat' dir='ltr'><strong>iiXlV.</strong></span> <span class='ocrx_word' id='word_1_57' title='bbox 2623 1141 2694 1152; x_wconf 92' lang='lat'><strong><em>—</em></strong></span> <span class='ocrx_word' id='word_1_58' title='bbox 2724 1108 2799 1162; x_wconf 88' lang='lat' dir='ltr'><strong><em>De</em></strong></span> <span class='ocrx_word' id='word_1_59' title='bbox 2847 1101 3250 1173; x_wconf 75' lang='lat' dir='ltr'><strong>transfretatione</strong></span> <span class='ocrx_word' id='word_1_60' title='bbox 3285 1097 3426 1166; x_wconf 88' lang='lat' dir='ltr'><strong><em>ejus,</em></strong></span> <span class='ocrx_word' id='word_1_61' title='bbox 3471 1089 3555 1144; x_wconf 88' lang='lat' dir='ltr'><strong>ubi</strong></span> <span class='ocrx_word' id='word_1_62' title='bbox 3606 1084 3731 1140; x_wconf 81' lang='lat' dir='ltr'><strong><em>dor-</em></strong></span> 
     </span>
    </p>
   </div>
   <div class='ocr_carea' id='block_1_9' title="bbox 449 507 590 569">
    <p class='ocr_par' dir='ltr' id='par_1_9' title="bbox 449 507 590 569">
     <span class='ocr_line' id='line_1_9' title="bbox 449 507 590 569; baseline -0.028 0"><span class='ocrx_word' id='word_1_63' title='bbox 449 507 590 569; x_wconf 71' lang='grc'><strong>1105</strong></span> 
     </span>
    </p>
   </div>
   <div class='ocr_carea' id='block_1_10' title="bbox 451 573 2029 696">
    <p class='ocr_par' dir='ltr' id='par_1_10' title="bbox 451 573 2029 696">
     <span class='ocr_line' id='line_1_10' title="bbox 451 573 2029 696; baseline -0.035 -14"><span class='ocrx_word' id='word_1_64' title='bbox 451 626 659 696; x_wconf 85' lang='lat' dir='ltr'><strong>cipere;</strong></span> <span class='ocrx_word' id='word_1_65' title='bbox 689 629 789 672; x_wconf 87' lang='lat' dir='ltr'><strong>nec</strong></span> <span class='ocrx_word' id='word_1_66' title='bbox 808 610 898 667; x_wconf 89' lang='lat' dir='ltr'><strong>ubi</strong></span> <span class='ocrx_word' id='word_1_67' title='bbox 924 606 1133 668; x_wconf 91' lang='lat' dir='ltr'><strong>dicitur,</strong></span> <span class='ocrx_word' id='word_1_68' title='bbox 1160 596 1402 659; x_wconf 78' lang='lat' dir='ltr'><strong>diluculo,</strong></span> <span class='ocrx_word' id='word_1_69' title='bbox 1433 587 1671 660; x_wconf 83' lang='lat' dir='ltr'><strong>ejusdem</strong></span> <span class='ocrx_word' id='word_1_70' title='bbox 1696 578 1867 637; x_wconf 89' lang='lat' dir='ltr'><strong>noctis</strong></span> <span class='ocrx_word' id='word_1_71' title='bbox 1893 573 2029 630; x_wconf 90' lang='lat' dir='ltr'><strong>dilu-</strong></span> 
     </span>
    </p>
   </div>
   <div class='ocr_carea' id='block_1_11' title="bbox 453 675 2032 772">
    <p class='ocr_par' dir='ltr' id='par_1_11' title="bbox 453 675 2032 772">
     <span class='ocr_line' id='line_1_11' title="bbox 453 675 2032 772; baseline -0.035 0"><span class='ocrx_word' id='word_1_72' title='bbox 453 675 664 772; x_wconf 54' lang='lat' dir='ltr'><strong>curlumi</strong></span> <span class='ocrx_word' id='word_1_73' title='bbox 691 719 864 764; x_wconf 89' lang='lat' dir='ltr'><strong>tamen</strong></span> <span class='ocrx_word' id='word_1_74' title='bbox 885 707 1168 764; x_wconf 75' lang='lat' dir='ltr'><strong>utcumque</strong></span> <span class='ocrx_word' id='word_1_75' title='bbox 1193 686 1360 743; x_wconf 85' lang='lat' dir='ltr'><strong>videri</strong></span> <span class='ocrx_word' id='word_1_76' title='bbox 1395 688 1567 754; x_wconf 78' lang='lat' dir='ltr'><strong><em>potest</em></strong></span> <span class='ocrx_word' id='word_1_77' title='bbox 1609 675 1701 732; x_wconf 91' lang='lat' dir='ltr'><strong>hic</strong></span> <span class='ocrx_word' id='word_1_78' title='bbox 1742 682 1920 726; x_wconf 89' lang='lat' dir='ltr'><strong>rerum</strong></span> <span class='ocrx_word' id='word_1_79' title='bbox 1941 679 2032 736; x_wconf 79' lang='lat' dir='ltr'><strong>ge-</strong></span> 
     </span>
    </p>
   </div>
   <div class='ocr_carea' id='block_1_12' title="bbox 455 759 2029 866">
    <p class='ocr_par' dir='ltr' id='par_1_12' title="bbox 455 759 2029 866">
     <span class='ocr_line' id='line_1_12' title="bbox 455 759 2029 866; baseline -0.037 0"><span class='ocrx_word' id='word_1_80' title='bbox 455 802 656 866; x_wconf 86' lang='lat' dir='ltr'><strong>starum</strong></span> <span class='ocrx_word' id='word_1_81' title='bbox 712 798 842 856; x_wconf 82' lang='lat' dir='ltr'><strong><em>ordo</em></strong></span> <span class='ocrx_word' id='word_1_82' title='bbox 890 798 1165 853; x_wconf 90' lang='lat' dir='ltr'><strong>servatus,</strong></span> <span class='ocrx_word' id='word_1_83' title='bbox 1209 788 1426 854; x_wconf 79' lang='lat' dir='ltr'><strong>propter</strong></span> <span class='ocrx_word' id='word_1_84' title='bbox 1471 775 1731 841; x_wconf 76' lang='lat' dir='ltr'><strong>digestum</strong></span> <span class='ocrx_word' id='word_1_85' title='bbox 1789 759 2029 817; x_wconf 82' lang='lat' dir='ltr'><strong><em>ordinem</em></strong></span> 
     </span>
    </p>
   </div>
   <div class='ocr_carea' id='block_1_13' title="bbox 459 858 2031 969">
    <p class='ocr_par' dir='ltr' id='par_1_13' title="bbox 459 858 2031 969">
     <span class='ocr_line' id='line_1_13' title="bbox 459 858 2031 969; baseline -0.035 -11"><span class='ocrx_word' id='word_1_86' title='bbox 459 910 776 969; x_wconf 82' lang='lat' dir='ltr'><strong>temporum.</strong></span> <span class='ocrx_word' id='word_1_87' title='bbox 805 890 974 945; x_wconf 89' lang='lat' dir='ltr'><strong>Lucas</strong></span> <span class='ocrx_word' id='word_1_88' title='bbox 995 894 1202 953; x_wconf 90' lang='lat' dir='ltr'><strong>quoque</strong></span> <span class='ocrx_word' id='word_1_89' title='bbox 1227 891 1345 930; x_wconf 80' lang='lat' dir='ltr'><strong>cum</strong></span> <span class='ocrx_word' id='word_1_90' title='bbox 1367 870 1435 926; x_wconf 91' lang='lat' dir='ltr'><strong>de</strong></span> <span class='ocrx_word' id='word_1_91' title='bbox 1462 879 1620 922; x_wconf 91' lang='lat' dir='ltr'><strong>socru</strong></span> <span class='ocrx_word' id='word_1_92' title='bbox 1646 858 1790 916; x_wconf 88' lang='lat' dir='ltr'><strong>Petri</strong></span> <span class='ocrx_word' id='word_1_93' title='bbox 1816 865 2031 909; x_wconf 86' lang='lat' dir='ltr'><strong>narras-</strong></span> 
     </span>
     <span class='ocr_line' id='line_1_14' title="bbox 1517 947 2031 969; baseline -0.035 0"><span class='ocrx_word' id='word_1_94' title='bbox 1517 962 1533 969; x_wconf 83' lang='lat'><strong>-</strong></span> <span class='ocrx_word' id='word_1_95' title='bbox 1597 965 1605 969; x_wconf 87' lang='lat'>_</span> <span class='ocrx_word' id='word_1_96' title='bbox 1722 947 1807 969; x_wconf 50' lang='grc' dir='ltr'><strong>η,</strong></span> <span class='ocrx_word' id='word_1_97' title='bbox 1863 954 2031 969; x_wconf 45' lang='lat' dir='ltr'><strong>“MM</strong></span> 
     </span>
    </p>
   </div>
   <div class='ocr_carea' id='block_1_14' title="bbox 459 947 2038 1058">
    <p class='ocr_par' dir='ltr' id='par_1_14' title="bbox 459 947 2038 1058">
     <span class='ocr_line' id='line_1_15' title="bbox 461 947 1132 969; baseline -0.036 5"><span class='ocrx_word' id='word_1_98' title='bbox 461 947 658 969; x_wconf 67' lang='lat' dir='ltr'><strong>&quot;&quot;&quot;r&quot;</strong></span> <span class='ocrx_word' id='word_1_99' title='bbox 676 947 717 949; x_wconf 59' lang='lat'><strong><em>&quot;&#39;</em></strong></span> <span class='ocrx_word' id='word_1_100' title='bbox 1014 947 1027 953; x_wconf 88' lang='grc'><strong>-</strong></span> <span class='ocrx_word' id='word_1_101' title='bbox 1121 947 1132 950; x_wconf 58' lang='grc' dir='ltr'>ν</span> 
     </span>
     <span class='ocr_line' id='line_1_16' title="bbox 459 947 2038 1058; baseline -0.035 -9"><span class='ocrx_word' id='word_1_102' title='bbox 459 1003 564 1058; x_wconf 86' lang='lat' dir='ltr'><strong>set,</strong></span> <span class='ocrx_word' id='word_1_103' title='bbox 594 1003 700 1044; x_wconf 89' lang='lat' dir='ltr'><strong>non</strong></span> <span class='ocrx_word' id='word_1_104' title='bbox 746 983 817 1037; x_wconf 90' lang='lat' dir='ltr'><strong>ait</strong></span> <span class='ocrx_word' id='word_1_105' title='bbox 858 981 993 1049; x_wconf 88' lang='lat' dir='ltr'><strong>ipse,</strong></span> <span class='ocrx_word' id='word_1_106' title='bbox 1035 972 1249 1041; x_wconf 77' lang='lat' dir='ltr'><strong>Vespere</strong></span> <span class='ocrx_word' id='word_1_107' title='bbox 1292 973 1458 1019; x_wconf 89' lang='lat' dir='ltr'><strong><em>autem</em></strong></span> <span class='ocrx_word' id='word_1_108' title='bbox 1507 962 1674 1030; x_wconf 77' lang='lat' dir='ltr'><strong><em>facto;</em></strong></span> <span class='ocrx_word' id='word_1_109' title='bbox 1718 947 1813 1004; x_wconf 90' lang='lat' dir='ltr'><strong>sed</strong></span> <span class='ocrx_word' id='word_1_110' title='bbox 1863 954 2038 999; x_wconf 88' lang='lat' dir='ltr'><strong>tamen</strong></span> 
     </span>
     <span class='ocr_line' id='line_1_17' title="bbox 1453 1038 2008 1058; baseline -0.036 0"><span class='ocrx_word' id='word_1_111' title='bbox 1453 1053 1487 1058; x_wconf 86' lang='lat'>__</span> <span class='ocrx_word' id='word_1_112' title='bbox 1689 1045 1721 1058; x_wconf 63' lang='grc' dir='ltr'><em>η</em></span> <span class='ocrx_word' id='word_1_113' title='bbox 1845 1038 1912 1058; x_wconf 74' lang='lat'><strong>__,</strong></span> <span class='ocrx_word' id='word_1_114' title='bbox 1952 1051 2008 1058; x_wconf 45' lang='grc' dir='ltr'>ω</span> 
     </span>
    </p>
   </div>
   <div class='ocr_carea' id='block_1_15' title="bbox 463 1038 2041 1158">
    <p class='ocr_par' dir='ltr' id='par_1_15' title="bbox 463 1038 2041 1158">
     <span class='ocr_line' id='line_1_18' title="bbox 463 1038 2041 1158; baseline -0.035 -17"><span class='ocrx_word' id='word_1_115' title='bbox 463 1084 606 1158; x_wconf 88' lang='lat' dir='ltr'><strong>quod</strong></span> <span class='ocrx_word' id='word_1_116' title='bbox 635 1079 772 1134; x_wconf 93' lang='lat' dir='ltr'><strong>idem</strong></span> <span class='ocrx_word' id='word_1_117' title='bbox 801 1038 1406 1144; x_wconf 29' lang='lat' dir='ltr'><strong>signiﬁcaret‘adjuuxit,</strong></span> <span class='ocrx_word' id='word_1_118' title='bbox 1439 1053 1622 1107; x_wconf 92' lang='lat' dir='ltr'><strong>dicens</strong></span> <span class='ocrx_word' id='word_1_119' title='bbox 1647 1065 1659 1100; x_wconf 90' lang='lat'>:</span> <span class='ocrx_word' id='word_1_120' title='bbox 1685 1045 1810 1098; x_wconf 91' lang='lat' dir='ltr'><strong><em>Cum</em></strong></span> <span class='ocrx_word' id='word_1_121' title='bbox 1836 1038 1912 1093; x_wconf 87' lang='lat' dir='ltr'><strong>sol</strong></span> <span class='ocrx_word' id='word_1_122' title='bbox 1945 1051 2041 1088; x_wconf 83' lang='lat' dir='ltr'><strong><em>au-</em></strong></span> 
     </span>
     <span class='ocr_line' id='line_1_19' title="bbox 1182 1130 2041 1158; baseline -0.027 23"><span class='ocrx_word' id='word_1_123' title='bbox 1182 1157 1185 1158; x_wconf 67' lang='lat'><strong><em>&#39;</em></strong></span> <span class='ocrx_word' id='word_1_124' title='bbox 1244 1155 1251 1158; x_wconf 74' lang='grc'><strong><em>-</em></strong></span> <span class='ocrx_word' id='word_1_125' title='bbox 1307 1151 1318 1158; x_wconf 82' lang='grc'><strong><em>-</em></strong></span> <span class='ocrx_word' id='word_1_126' title='bbox 1367 1151 1377 1158; x_wconf 91' lang='grc'>·</span> <span class='ocrx_word' id='word_1_127' title='bbox 1468 1145 1518 1158; x_wconf 54' lang='grc' dir='ltr'><strong>λ·</strong></span> <span class='ocrx_word' id='word_1_128' title='bbox 1567 1143 1591 1158; x_wconf 66' lang='grc' dir='ltr'><strong>ιο</strong></span> <span class='ocrx_word' id='word_1_129' title='bbox 1642 1154 1727 1158; x_wconf 46' lang='grc' dir='ltr'><strong>πμ-</strong></span> <span class='ocrx_word' id='word_1_130' title='bbox 1757 1133 1906 1158; x_wconf 80' lang='lat'><strong>-._..::-</strong></span> <span class='ocrx_word' id='word_1_131' title='bbox 1935 1130 2041 1158; x_wconf 61' lang='grc'><strong>1....-</strong></span> 
     </span>
    </p>
   </div>
   <div class='ocr_carea' id='block_1_16' title="bbox 466 1130 2045 1235">
    <p class='ocr_par' dir='ltr' id='par_1_16' title="bbox 466 1130 2045 1235">
     <span class='ocr_line' id='line_1_20' title="bbox 466 1130 1226 1158; baseline -0.036 1"><span class='ocrx_word' id='word_1_132' title='bbox 466 1130 606 1158; x_wconf 79' lang='lat' dir='ltr'><strong>‘l&quot;&quot;&quot;&#39;</strong></span> <span class='ocrx_word' id='word_1_133' title='bbox 637 1130 748 1134; x_wconf 67' lang='lat'><strong><em>&quot;&quot;&#39;</em></strong></span> <span class='ocrx_word' id='word_1_134' title='bbox 850 1130 879 1144; x_wconf 82' lang='grc' dir='ltr'><em>υ</em></span> <span class='ocrx_word' id='word_1_135' title='bbox 1218 1130 1226 1132; x_wconf 19' lang='grc' dir='ltr'>ἡ</span> 
     </span>
     <span class='ocr_line' id='line_1_21' title="bbox 466 1130 2045 1235; baseline -0.035 0"><span class='ocrx_word' id='word_1_136' title='bbox 466 1191 563 1235; x_wconf 78' lang='lat' dir='ltr'><strong>tem</strong></span> <span class='ocrx_word' id='word_1_137' title='bbox 593 1170 874 1232; x_wconf 85' lang='lat' dir='ltr'><strong><em>occidisset,</em></strong></span> <span class='ocrx_word' id='word_1_138' title='bbox 899 1178 1067 1217; x_wconf 84' lang='lat' dir='ltr'><strong><em>omnes</em></strong></span> <span class='ocrx_word' id='word_1_139' title='bbox 1106 1157 1188 1230; x_wconf 88' lang='lat' dir='ltr'><strong>qui</strong></span> <span class='ocrx_word' id='word_1_140' title='bbox 1234 1151 1477 1206; x_wconf 82' lang='lat' dir='ltr'><strong><em>habebant</em></strong></span> <span class='ocrx_word' id='word_1_141' title='bbox 1501 1143 1729 1213; x_wconf 79' lang='lat' dir='ltr'><strong><em>inﬁrmos</em></strong></span> <span class='ocrx_word' id='word_1_142' title='bbox 1755 1133 1906 1189; x_wconf 82' lang='lat' dir='ltr'><strong><em>variis</em></strong></span> <span class='ocrx_word' id='word_1_143' title='bbox 1933 1130 2045 1183; x_wconf 90' lang='lat' dir='ltr'><strong><em>lan-</em></strong></span> 
     </span>
    </p>
   </div>
   <div class='ocr_carea' id='block_1_17' title="bbox 466 1225 2049 1340">
    <p class='ocr_par' dir='ltr' id='par_1_17' title="bbox 466 1225 2049 1340">
     <span class='ocr_line' id='line_1_22' title="bbox 466 1225 2049 1340; baseline -0.032 -17"><span class='ocrx_word' id='word_1_144' title='bbox 466 1264 724 1340; x_wconf 85' lang='lat' dir='ltr'><strong><em>guoribus,</em></strong></span> <span class='ocrx_word' id='word_1_145' title='bbox 753 1255 998 1311; x_wconf 84' lang='lat' dir='ltr'><strong>ducebant</strong></span> <span class='ocrx_word' id='word_1_146' title='bbox 1033 1225 1148 1303; x_wconf 83' lang='lat' dir='ltr'><strong><em>illos</em></strong></span> <span class='ocrx_word' id='word_1_147' title='bbox 1183 1245 1248 1298; x_wconf 91' lang='lat' dir='ltr'><strong>ad</strong></span> <span class='ocrx_word' id='word_1_148' title='bbox 1279 1257 1391 1296; x_wconf 90' lang='lat' dir='ltr'><strong>eum</strong></span> <span class='ocrx_word' id='word_1_149' title='bbox 1413 1245 1497 1292; x_wconf 90' lang='lat' dir='ltr'><strong><em>:at</em></strong></span> <span class='ocrx_word' id='word_1_150' title='bbox 1523 1231 1610 1287; x_wconf 88' lang='lat' dir='ltr'><strong><em>ille</em></strong></span> <span class='ocrx_word' id='word_1_151' title='bbox 1633 1225 1846 1298; x_wconf 78' lang='lat' dir='ltr'><strong><em>singulis</em></strong></span> <span class='ocrx_word' id='word_1_152' title='bbox 1871 1233 2049 1274; x_wconf 86' lang='lat' dir='ltr'><strong><em>manus</em></strong></span> 
     </span>
     <span class='ocr_line' id='line_1_23' title="bbox 1138 1309 2049 1340; baseline -0.032 29"><span class='ocrx_word' id='word_1_153' title='bbox 1138 1337 1177 1340; x_wconf 71' lang='grc'><strong><em>-</em></strong></span> <span class='ocrx_word' id='word_1_154' title='bbox 1222 1336 1254 1340; x_wconf 76' lang='grc'>·-</span> <span class='ocrx_word' id='word_1_155' title='bbox 1438 1329 1462 1340; x_wconf 53' lang='grc' dir='ltr'><strong>νο</strong></span> <span class='ocrx_word' id='word_1_156' title='bbox 1609 1315 1837 1340; x_wconf 37' lang='lat' dir='ltr'><strong>mam:—</strong></span> <span class='ocrx_word' id='word_1_157' title='bbox 1864 1329 1890 1340; x_wconf 71' lang='grc' dir='ltr'><em>η</em></span> <span class='ocrx_word' id='word_1_158' title='bbox 1914 1309 2049 1340; x_wconf 80' lang='lat' dir='ltr'><strong>.....I_</strong></span> 
     </span>
    </p>
   </div>
   <div class='ocr_carea' id='block_1_18' title="bbox 468 1309 2050 1429">
    <p class='ocr_par' dir='ltr' id='par_1_18' title="bbox 468 1309 2050 1429">
     <span class='ocr_line' id='line_1_24' title="bbox 468 1309 835 1340; baseline -0.035 -17"><span class='ocrx_word' id='word_1_159' title='bbox 468 1309 724 1340; x_wconf 58' lang='grc' dir='ltr'><strong>νεην-ιν-νν,</strong></span> <span class='ocrx_word' id='word_1_160' title='bbox 756 1309 835 1311; x_wconf 40' lang='grc' dir='ltr'><strong>-.Ἢν</strong></span> 
     </span>
     <span class='ocr_line' id='line_1_25' title="bbox 468 1309 2050 1429; baseline -0.034 -15"><span class='ocrx_word' id='word_1_161' title='bbox 468 1362 729 1429; x_wconf 85' lang='lat' dir='ltr'><strong><em>imponens</em></strong></span> <span class='ocrx_word' id='word_1_162' title='bbox 756 1347 961 1404; x_wconf 87' lang='lat' dir='ltr'><strong><em>curabat</em></strong></span> <span class='ocrx_word' id='word_1_163' title='bbox 999 1359 1102 1397; x_wconf 89' lang='lat' dir='ltr'><strong><em>eos.</em></strong></span> <span class='ocrx_word' id='word_1_164' title='bbox 1130 1336 1355 1392; x_wconf 71' lang='lat' dir='ltr'><strong><em>Exibunt</em></strong></span> <span class='ocrx_word' id='word_1_165' title='bbox 1398 1329 1548 1383; x_wconf 90' lang='lat' dir='ltr'><strong><em>etiam</em></strong></span> <span class='ocrx_word' id='word_1_166' title='bbox 1588 1315 1838 1375; x_wconf 72' lang='lat' dir='ltr'><strong><em>dwmonia</em></strong></span> <span class='ocrx_word' id='word_1_167' title='bbox 1860 1329 1892 1365; x_wconf 91' lang='lat' dir='ltr'><strong>a</strong></span> <span class='ocrx_word' id='word_1_168' title='bbox 1914 1309 2050 1364; x_wconf 89' lang='lat' dir='ltr'><strong><em>mul-</em></strong></span> 
     </span>
     <span class='ocr_line' id='line_1_26' title="bbox 1269 1398 2050 1429; baseline -0.033 26"><span class='ocrx_word' id='word_1_169' title='bbox 1269 1426 1287 1429; x_wconf 85' lang='grc'><strong>·</strong></span> <span class='ocrx_word' id='word_1_170' title='bbox 1338 1425 1348 1429; x_wconf 86' lang='grc'><strong>-</strong></span> <span class='ocrx_word' id='word_1_171' title='bbox 1623 1412 1777 1429; x_wconf 59' lang='grc' dir='ltr'><strong><em>πονη-</em></strong></span> <span class='ocrx_word' id='word_1_172' title='bbox 1841 1404 1926 1429; x_wconf 60' lang='lat' dir='ltr'><strong>ri..-</strong></span> <span class='ocrx_word' id='word_1_173' title='bbox 1995 1398 2050 1429; x_wconf 72' lang='lat' dir='ltr'><strong>Ir.</strong></span> 
     </span>
    </p>
   </div>
   <div class='ocr_carea' id='block_1_19' title="bbox 479 1590 2062 1687">
    <p class='ocr_par' dir='ltr' id='par_1_19' title="bbox 479 1590 2062 1687">
     <span class='ocr_line' id='line_1_27' title="bbox 479 1590 2062 1687; baseline -0.032 -1"><span class='ocrx_word' id='word_1_174' title='bbox 479 1631 755 1687; x_wconf 84' lang='lat' dir='ltr'><strong><em>Christum.</em></strong></span> <span class='ocrx_word' id='word_1_175' title='bbox 789 1621 951 1675; x_wconf 85' lang='lat' dir='ltr'><strong><em>Facta</em></strong></span> <span class='ocrx_word' id='word_1_176' title='bbox 980 1625 1148 1670; x_wconf 89' lang='lat' dir='ltr'><strong><em>autem</em></strong></span> <span class='ocrx_word' id='word_1_177' title='bbox 1182 1610 1282 1674; x_wconf 87' lang='lat' dir='ltr'><strong><em>die,</em></strong></span> <span class='ocrx_word' id='word_1_178' title='bbox 1316 1617 1542 1676; x_wconf 87' lang='lat' dir='ltr'><strong><em>egressus</em></strong></span> <span class='ocrx_word' id='word_1_179' title='bbox 1579 1597 1684 1651; x_wconf 83' lang='lat' dir='ltr'><strong><em>ibat</em></strong></span> <span class='ocrx_word' id='word_1_180' title='bbox 1716 1595 1770 1647; x_wconf 90' lang='lat' dir='ltr'><strong>in</strong></span> <span class='ocrx_word' id='word_1_181' title='bbox 1811 1590 2062 1642; x_wconf 88' lang='lat' dir='ltr'><strong><em>desertum</em></strong></span> 
     </span>
    </p>
   </div>
   <div class='ocr_carea' id='block_1_20' title="bbox 483 1681 2063 1788">
    <p class='ocr_par' dir='ltr' id='par_1_20' title="bbox 483 1681 2063 1788">
     <span class='ocr_line' id='line_1_28' title="bbox 483 1681 2063 1788; baseline -0.032 -11"><span class='ocrx_word' id='word_1_182' title='bbox 483 1681 651 1778; x_wconf 59' lang='lat' dir='ltr'><strong><em>locum</em></strong></span> <span class='ocrx_word' id='word_1_183' title='bbox 673 1716 801 1788; x_wconf 88' lang='lat' dir='ltr'><strong><em>(Luc</em></strong></span> <span class='ocrx_word' id='word_1_184' title='bbox 826 1729 900 1776; x_wconf 75' lang='grc' dir='ltr'><strong>ιν,</strong></span> <span class='ocrx_word' id='word_1_185' title='bbox 923 1705 1135 1774; x_wconf 73' lang='grc'><strong>40-42).</strong></span> <span class='ocrx_word' id='word_1_186' title='bbox 1167 1703 1232 1755; x_wconf 87' lang='lat' dir='ltr'><strong>Et</strong></span> <span class='ocrx_word' id='word_1_187' title='bbox 1261 1697 1347 1751; x_wconf 90' lang='lat' dir='ltr'><strong>hic</strong></span> <span class='ocrx_word' id='word_1_188' title='bbox 1375 1692 1617 1747; x_wconf 90' lang='lat' dir='ltr'><strong>videmus</strong></span> <span class='ocrx_word' id='word_1_189' title='bbox 1643 1681 1888 1740; x_wconf 91' lang='lat' dir='ltr'><strong>eumdem</strong></span> <span class='ocrx_word' id='word_1_190' title='bbox 1910 1689 2063 1746; x_wconf 92' lang='lat' dir='ltr'><strong>pror-</strong></span> 
     </span>
    </p>
   </div>
   <div class='ocr_carea' id='block_1_21' title="bbox 485 1764 2070 1872">
    <p class='ocr_par' dir='ltr' id='par_1_21' title="bbox 485 1764 2070 1872">
     <span class='ocr_line' id='line_1_29' title="bbox 485 1764 1106 1788; baseline -0.037 -10"><span class='ocrx_word' id='word_1_191' title='bbox 485 1764 651 1778; x_wconf 71' lang='grc' dir='ltr'><strong>.νν....-</strong></span> <span class='ocrx_word' id='word_1_192' title='bbox 674 1764 792 1788; x_wconf 58' lang='lat'>\__-_</span> <span class='ocrx_word' id='word_1_193' title='bbox 829 1764 841 1766; x_wconf 92' lang='lat'>_</span> <span class='ocrx_word' id='word_1_194' title='bbox 863 1764 866 1766; x_wconf 27' lang='grc' dir='ltr'><strong>ν</strong></span> <span class='ocrx_word' id='word_1_195' title='bbox 888 1764 900 1776; x_wconf 73' lang='grc'><strong><em>,</em></strong></span> <span class='ocrx_word' id='word_1_196' title='bbox 1096 1764 1106 1774; x_wconf 41' lang='grc' dir='ltr'><em>ι</em></span> 
     </span>
     <span class='ocr_line' id='line_1_30' title="bbox 485 1764 2070 1872; baseline -0.035 0"><span class='ocrx_word' id='word_1_197' title='bbox 485 1830 579 1872; x_wconf 84' lang='lat' dir='ltr'><strong>sus</strong></span> <span class='ocrx_word' id='word_1_198' title='bbox 619 1809 860 1867; x_wconf 88' lang='lat' dir='ltr'><strong>ordinem</strong></span> <span class='ocrx_word' id='word_1_199' title='bbox 903 1809 1202 1869; x_wconf 86' lang='lat' dir='ltr'><strong>temporum</strong></span> <span class='ocrx_word' id='word_1_200' title='bbox 1245 1784 1588 1844; x_wconf 87' lang='lat' dir='ltr'><strong>custoditum,</strong></span> <span class='ocrx_word' id='word_1_201' title='bbox 1619 1789 1777 1847; x_wconf 88' lang='lat' dir='ltr'><strong>quem</strong></span> <span class='ocrx_word' id='word_1_202' title='bbox 1813 1764 2070 1837; x_wconf 85' lang='lat' dir='ltr'><strong>comperi-</strong></span> 
     </span>
    </p>
   </div>
   <div class='ocr_carea' id='block_1_22' title="bbox 484 1863 2070 1972">
    <p class='ocr_par' dir='ltr' id='par_1_22' title="bbox 484 1863 2070 1972">
     <span class='ocr_line' id='line_1_31' title="bbox 484 1863 2070 1972; baseline -0.034 -10"><span class='ocrx_word' id='word_1_203' title='bbox 484 1919 610 1963; x_wconf 88' lang='lat' dir='ltr'><strong>mus</strong></span> <span class='ocrx_word' id='word_1_204' title='bbox 647 1898 787 1972; x_wconf 91' lang='lat' dir='ltr'><strong>apud</strong></span> <span class='ocrx_word' id='word_1_205' title='bbox 815 1863 1069 1950; x_wconf 81' lang='lat' dir='ltr'><strong>Marcum.</strong></span> <span class='ocrx_word' id='word_1_206' title='bbox 1100 1881 1379 1940; x_wconf 75' lang='lat' dir='ltr'><strong>Mattlneus</strong></span> <span class='ocrx_word' id='word_1_207' title='bbox 1404 1882 1580 1929; x_wconf 90' lang='lat' dir='ltr'><strong>autem</strong></span> <span class='ocrx_word' id='word_1_208' title='bbox 1611 1869 1702 1939; x_wconf 88' lang='lat' dir='ltr'><strong>qui</strong></span> <span class='ocrx_word' id='word_1_209' title='bbox 1726 1863 1932 1918; x_wconf 86' lang='lat' dir='ltr'><strong>videtur</strong></span> <span class='ocrx_word' id='word_1_210' title='bbox 1962 1871 2070 1911; x_wconf 89' lang='lat' dir='ltr'><strong>non</strong></span> 
     </span>
    </p>
   </div>
   <div class='ocr_carea' id='block_1_23' title="bbox 489 1959 2074 2060">
    <p class='ocr_par' dir='ltr' id='par_1_23' title="bbox 489 1959 2074 2060">
     <span class='ocr_line' id='line_1_32' title="bbox 489 1959 2074 2060; baseline -0.034 -6"><span class='ocrx_word' id='word_1_211' title='bbox 489 1997 678 2055; x_wconf 87' lang='lat' dir='ltr'><strong>ordine</strong></span> <span class='ocrx_word' id='word_1_212' title='bbox 716 2004 819 2060; x_wconf 93' lang='lat' dir='ltr'><strong>quo</strong></span> <span class='ocrx_word' id='word_1_213' title='bbox 846 1993 1052 2056; x_wconf 81' lang='lat' dir='ltr'><strong>gestum</strong></span> <span class='ocrx_word' id='word_1_214' title='bbox 1085 1986 1186 2043; x_wconf 87' lang='lat' dir='ltr'><strong>est,</strong></span> <span class='ocrx_word' id='word_1_215' title='bbox 1215 1972 1308 2028; x_wconf 90' lang='lat' dir='ltr'><strong>sed</strong></span> <span class='ocrx_word' id='word_1_216' title='bbox 1338 1983 1442 2039; x_wconf 91' lang='lat' dir='ltr'><strong>quo</strong></span> <span class='ocrx_word' id='word_1_217' title='bbox 1469 1959 1888 2035; x_wconf 55' lang='lat' dir='ltr'><strong>praetermissum</strong></span> <span class='ocrx_word' id='word_1_218' title='bbox 1918 1963 2074 2006; x_wconf 90' lang='lat' dir='ltr'><strong>reco-</strong></span> 
     </span>
    </p>
   </div>
   <div class='ocr_carea' id='block_1_24' title="bbox 487 2052 2077 2155">
    <p class='ocr_par' dir='ltr' id='par_1_24' title="bbox 487 2052 2077 2155">
     <span class='ocr_line' id='line_1_33' title="bbox 487 2052 2077 2155; baseline -0.035 -11"><span class='ocrx_word' id='word_1_219' title='bbox 487 2089 576 2155; x_wconf 83' lang='lat' dir='ltr'><strong>lit,</strong></span> <span class='ocrx_word' id='word_1_220' title='bbox 605 2086 706 2138; x_wconf 87' lang='lat' dir='ltr'><strong>hoc</strong></span> <span class='ocrx_word' id='word_1_221' title='bbox 744 2080 809 2134; x_wconf 89' lang='lat' dir='ltr'><strong>de</strong></span> <span class='ocrx_word' id='word_1_222' title='bbox 851 2087 1008 2130; x_wconf 90' lang='lat' dir='ltr'><strong>socru</strong></span> <span class='ocrx_word' id='word_1_223' title='bbox 1047 2065 1192 2125; x_wconf 90' lang='lat' dir='ltr'><strong>Petri</strong></span> <span class='ocrx_word' id='word_1_224' title='bbox 1234 2064 1705 2116; x_wconf 83' lang='lat' dir='ltr'><strong>commemorasse,</strong></span> <span class='ocrx_word' id='word_1_225' title='bbox 1732 2052 2077 2116; x_wconf 81' lang='lat' dir='ltr'><strong>posteaquam</strong></span> 
     </span>
    </p>
   </div>
   <div class='ocr_carea' id='block_1_25' title="bbox 493 2140 2077 2239">
    <p class='ocr_par' dir='ltr' id='par_1_25' title="bbox 493 2140 2077 2239">
     <span class='ocr_line' id='line_1_34' title="bbox 493 2140 2077 2239; baseline -0.032 -7"><span class='ocrx_word' id='word_1_226' title='bbox 493 2173 730 2232; x_wconf 86' lang='lat' dir='ltr'><strong>narravit</strong></span> <span class='ocrx_word' id='word_1_227' title='bbox 771 2167 896 2239; x_wconf 88' lang='lat' dir='ltr'><strong>quid</strong></span> <span class='ocrx_word' id='word_1_228' title='bbox 935 2165 1051 2233; x_wconf 89' lang='lat' dir='ltr'><strong>ipso</strong></span> <span class='ocrx_word' id='word_1_229' title='bbox 1093 2160 1199 2220; x_wconf 91' lang='lat' dir='ltr'><strong>die,</strong></span> <span class='ocrx_word' id='word_1_230' title='bbox 1231 2155 1367 2208; x_wconf 90' lang='lat' dir='ltr'><strong>l&#39;aeto</strong></span> <span class='ocrx_word' id='word_1_231' title='bbox 1407 2148 1569 2203; x_wconf 88' lang='lat' dir='ltr'><strong>etiam</strong></span> <span class='ocrx_word' id='word_1_232' title='bbox 1596 2152 1842 2209; x_wconf 79' lang='lat' dir='ltr'><strong>vespere,</strong></span> <span class='ocrx_word' id='word_1_233' title='bbox 1871 2140 2077 2204; x_wconf 78' lang='lat' dir='ltr'><strong>gestum</strong></span> 
     </span>
     <span class='ocr_line' id='line_1_35' title="bbox 1579 2219 2052 2239; baseline -0.03 14"><span class='ocrx_word' id='word_1_234' title='bbox 1579 2233 1634 2239; x_wconf 85' lang='grc'><strong>--</strong></span> <span class='ocrx_word' id='word_1_235' title='bbox 1893 2234 1904 2239; x_wconf 85' lang='grc'><strong>-</strong></span> <span class='ocrx_word' id='word_1_236' title='bbox 1989 2219 2052 2239; x_wconf 69' lang='grc' dir='ltr'><strong>υ.</strong></span> 
     </span>
    </p>
   </div>
   <div class='ocr_carea' id='block_1_26' title="bbox 498 2219 2082 2336">
    <p class='ocr_par' dir='ltr' id='par_1_26' title="bbox 498 2219 2082 2336">
     <span class='ocr_line' id='line_1_36' title="bbox 498 2219 2082 2336; baseline -0.033 -11"><span class='ocrx_word' id='word_1_237' title='bbox 498 2270 590 2334; x_wconf 86' lang='lat' dir='ltr'><strong>sit,</strong></span> <span class='ocrx_word' id='word_1_238' title='bbox 615 2267 724 2336; x_wconf 86' lang='lat' dir='ltr'><strong>jam</strong></span> <span class='ocrx_word' id='word_1_239' title='bbox 747 2219 852 2315; x_wconf 50' lang='lat' dir='ltr'><strong>uim</strong></span> <span class='ocrx_word' id='word_1_240' title='bbox 875 2219 1144 2324; x_wconf 75' lang='lat' dir='ltr'><strong>subiungit</strong></span> <span class='ocrx_word' id='word_1_241' title='bbox 1171 2219 1483 2305; x_wconf 86' lang='lat' dir='ltr'><strong>diluculum,</strong></span> <span class='ocrx_word' id='word_1_242' title='bbox 1501 2235 1595 2292; x_wconf 90' lang='lat' dir='ltr'><strong>sed</strong></span> <span class='ocrx_word' id='word_1_243' title='bbox 1621 2233 1692 2288; x_wconf 87' lang='lat' dir='ltr'><strong>ita</strong></span> <span class='ocrx_word' id='word_1_244' title='bbox 1729 2234 1911 2283; x_wconf 90' lang='lat' dir='ltr'><strong>narrat</strong></span> <span class='ocrx_word' id='word_1_245' title='bbox 1938 2240 1952 2276; x_wconf 89' lang='lat'><strong>:</strong></span> <span class='ocrx_word' id='word_1_246' title='bbox 1989 2219 2082 2274; x_wconf 83' lang='lat' dir='ltr'><strong>Vi-</strong></span> 
     </span>
    </p>
   </div>
   <div class='ocr_carea' id='block_1_27' title="bbox 502 2317 2089 2416">
    <p class='ocr_par' dir='ltr' id='par_1_27' title="bbox 502 2317 2089 2416">
     <span class='ocr_line' id='line_1_37' title="bbox 502 2317 1095 2336; baseline -0.032 4"><span class='ocrx_word' id='word_1_247' title='bbox 502 2317 590 2334; x_wconf 75' lang='lat' dir='ltr'><strong>&quot;&quot;v</strong></span> <span class='ocrx_word' id='word_1_248' title='bbox 615 2317 685 2336; x_wconf 47' lang='grc' dir='ltr'><strong>δη</strong></span> <span class='ocrx_word' id='word_1_249' title='bbox 973 2317 990 2324; x_wconf 64' lang='grc' dir='ltr'><strong>ν</strong></span> <span class='ocrx_word' id='word_1_250' title='bbox 1075 2317 1095 2321; x_wconf 54' lang='grc' dir='ltr'>ν</span> 
     </span>
     <span class='ocr_line' id='line_1_38' title="bbox 502 2317 2089 2416; baseline -0.031 0"><span class='ocrx_word' id='word_1_251' title='bbox 502 2364 624 2416; x_wconf 85' lang='lat' dir='ltr'><strong><em>deus</em></strong></span> <span class='ocrx_word' id='word_1_252' title='bbox 661 2365 823 2410; x_wconf 90' lang='lat' dir='ltr'><strong><em>autem</em></strong></span> <span class='ocrx_word' id='word_1_253' title='bbox 861 2349 1012 2403; x_wconf 76' lang='lat' dir='ltr'><strong><em>Iesus</em></strong></span> <span class='ocrx_word' id='word_1_254' title='bbox 1046 2343 1217 2398; x_wconf 91' lang='lat' dir='ltr'><strong><em>turbas</em></strong></span> <span class='ocrx_word' id='word_1_255' title='bbox 1248 2337 1429 2392; x_wconf 87' lang='lat' dir='ltr'><strong><em>multas</em></strong></span> <span class='ocrx_word' id='word_1_256' title='bbox 1479 2333 1667 2386; x_wconf 90' lang='lat' dir='ltr'><strong><em>circum</em></strong></span> <span class='ocrx_word' id='word_1_257' title='bbox 1708 2342 1779 2390; x_wconf 90' lang='lat' dir='ltr'><strong><em>se,</em></strong></span> <span class='ocrx_word' id='word_1_258' title='bbox 1819 2319 1973 2393; x_wconf 84' lang='lat' dir='ltr'><strong><em>jussit</em></strong></span> <span class='ocrx_word' id='word_1_259' title='bbox 2018 2317 2089 2368; x_wconf 90' lang='lat' dir='ltr'><strong><em>ire</em></strong></span> 
     </span>
    </p>
   </div>
   <div class='ocr_carea' id='block_1_28' title="bbox 505 2408 2088 2520">
    <p class='ocr_par' dir='ltr' id='par_1_28' title="bbox 505 2408 2088 2520">
     <span class='ocr_line' id='line_1_39' title="bbox 505 2408 2088 2520; baseline -0.03 -14"><span class='ocrx_word' id='word_1_260' title='bbox 505 2408 646 2507; x_wconf 61' lang='lat' dir='ltr'><strong><em>trans</em></strong></span> <span class='ocrx_word' id='word_1_261' title='bbox 666 2408 872 2520; x_wconf 46' lang='lat' dir='ltr'><strong><em>iretum.</em></strong></span> <span class='ocrx_word' id='word_1_262' title='bbox 901 2441 1018 2495; x_wconf 86' lang='lat' dir='ltr'><strong>Jam</strong></span> <span class='ocrx_word' id='word_1_263' title='bbox 1049 2436 1151 2490; x_wconf 88' lang='lat' dir='ltr'><strong>hoc</strong></span> <span class='ocrx_word' id='word_1_264' title='bbox 1181 2429 1322 2486; x_wconf 81' lang='lat' dir='ltr'><strong>aliud</strong></span> <span class='ocrx_word' id='word_1_265' title='bbox 1349 2435 1454 2492; x_wconf 89' lang='lat' dir='ltr'><strong>est,</strong></span> <span class='ocrx_word' id='word_1_266' title='bbox 1483 2437 1591 2477; x_wconf 91' lang='lat' dir='ltr'><strong>non</strong></span> <span class='ocrx_word' id='word_1_267' title='bbox 1623 2415 1751 2473; x_wconf 89' lang='lat' dir='ltr'><strong>illud</strong></span> <span class='ocrx_word' id='word_1_268' title='bbox 1779 2411 1921 2484; x_wconf 91' lang='lat' dir='ltr'><strong>quod</strong></span> <span class='ocrx_word' id='word_1_269' title='bbox 1947 2408 2088 2463; x_wconf 82' lang='lat' dir='ltr'><strong>Mar-</strong></span> 
     </span>
    </p>
   </div>
   <div class='ocr_carea' id='block_1_29' title="bbox 507 2501 2093 2600">
    <p class='ocr_par' dir='ltr' id='par_1_29' title="bbox 507 2501 2093 2600">
     <span class='ocr_line' id='line_1_40' title="bbox 507 2501 2093 2600; baseline -0.031 0"><span class='ocrx_word' id='word_1_270' title='bbox 507 2557 604 2600; x_wconf 89' lang='lat' dir='ltr'><strong>cus</strong></span> <span class='ocrx_word' id='word_1_271' title='bbox 631 2549 686 2596; x_wconf 90' lang='lat' dir='ltr'><strong>et</strong></span> <span class='ocrx_word' id='word_1_272' title='bbox 703 2538 876 2594; x_wconf 90' lang='lat' dir='ltr'><strong>Lucas</strong></span> <span class='ocrx_word' id='word_1_273' title='bbox 900 2533 1214 2590; x_wconf 78' lang='lat' dir='ltr'><strong>contexunt,</strong></span> <span class='ocrx_word' id='word_1_274' title='bbox 1236 2522 1326 2593; x_wconf 91' lang='lat' dir='ltr'><strong>qui</strong></span> <span class='ocrx_word' id='word_1_275' title='bbox 1353 2526 1472 2589; x_wconf 89' lang='lat' dir='ltr'><strong>post</strong></span> <span class='ocrx_word' id='word_1_276' title='bbox 1496 2524 1778 2584; x_wconf 85' lang='lat' dir='ltr'><strong>veSperum</strong></span> <span class='ocrx_word' id='word_1_277' title='bbox 1806 2501 2093 2560; x_wconf 91' lang='lat' dir='ltr'><strong>diluculum</strong></span> 
     </span>
    </p>
   </div>
   <div class='ocr_carea' id='block_1_30' title="bbox 504 2589 2088 2705">
    <p class='ocr_par' dir='ltr' id='par_1_30' title="bbox 504 2589 2088 2705">
     <span class='ocr_line' id='line_1_41' title="bbox 504 2589 2088 2705; baseline -0.03 -16"><span class='ocrx_word' id='word_1_278' title='bbox 504 2638 735 2705; x_wconf 90' lang='lat' dir='ltr'><strong>ponunt.</strong></span> <span class='ocrx_word' id='word_1_279' title='bbox 764 2622 915 2692; x_wconf 84' lang='lat' dir='ltr'><strong>Quod</strong></span> <span class='ocrx_word' id='word_1_280' title='bbox 946 2634 1072 2689; x_wconf 79' lang='lat' dir='ltr'><strong>ergo</strong></span> <span class='ocrx_word' id='word_1_281' title='bbox 1100 2589 1416 2670; x_wconf 10' lang='lat' dir='ltr'><strong>hicidictum</strong></span> <span class='ocrx_word' id='word_1_282' title='bbox 1443 2614 1555 2669; x_wconf 81' lang='lat' dir='ltr'><strong>est,</strong></span> <span class='ocrx_word' id='word_1_283' title='bbox 1595 2599 1782 2653; x_wconf 87' lang='lat' dir='ltr'><strong><em>Videns</em></strong></span> <span class='ocrx_word' id='word_1_284' title='bbox 1811 2589 2088 2648; x_wconf 85' lang='lat' dir='ltr'><strong><em>autemJe—</em></strong></span> 
     </span>
     <span class='ocr_line' id='line_1_42' title="bbox 1328 2679 2088 2705; baseline -0.03 6"><span class='ocrx_word' id='word_1_285' title='bbox 1328 2701 1338 2705; x_wconf 86' lang='lat'><strong>-</strong></span> <span class='ocrx_word' id='word_1_286' title='bbox 1432 2698 1443 2705; x_wconf 93' lang='lat'><strong>.</strong></span> <span class='ocrx_word' id='word_1_287' title='bbox 1493 2696 1504 2705; x_wconf 93' lang='lat'><strong>.</strong></span> <span class='ocrx_word' id='word_1_288' title='bbox 1583 2702 1591 2705; x_wconf 27' lang='grc' dir='ltr'><em>Α</em></span> <span class='ocrx_word' id='word_1_289' title='bbox 1738 2693 1758 2705; x_wconf 74' lang='grc'><em>,</em></span> <span class='ocrx_word' id='word_1_290' title='bbox 1957 2679 2088 2705; x_wconf 47' lang='lat' dir='ltr'><strong>mu,</strong></span> 
     </span>
    </p>
   </div>
   <div class='ocr_carea' id='block_1_31' title="bbox 510 2679 2110 2779">
    <p class='ocr_par' dir='ltr' id='par_1_31' title="bbox 510 2679 2110 2779">
     <span class='ocr_line' id='line_1_43' title="bbox 510 2679 2110 2779; baseline -0.029 -1"><span class='ocrx_word' id='word_1_291' title='bbox 510 2679 599 2779; x_wconf 51' lang='grc' dir='ltr'><strong>ἕως</strong></span> <span class='ocrx_word' id='word_1_292' title='bbox 619 2719 791 2775; x_wconf 87' lang='lat' dir='ltr'><strong><em>turbas</em></strong></span> <span class='ocrx_word' id='word_1_293' title='bbox 811 2714 995 2769; x_wconf 87' lang='lat' dir='ltr'><strong><em>multas</em></strong></span> <span class='ocrx_word' id='word_1_294' title='bbox 1015 2709 1204 2763; x_wconf 86' lang='lat' dir='ltr'><strong><em>circum</em></strong></span> <span class='ocrx_word' id='word_1_295' title='bbox 1223 2719 1292 2768; x_wconf 92' lang='lat' dir='ltr'><strong>se,</strong></span> <span class='ocrx_word' id='word_1_296' title='bbox 1311 2698 1464 2772; x_wconf 85' lang='lat' dir='ltr'><strong><em>jussit</em></strong></span> <span class='ocrx_word' id='word_1_297' title='bbox 1487 2696 1561 2748; x_wconf 91' lang='lat' dir='ltr'><strong><em>ire</em></strong></span> <span class='ocrx_word' id='word_1_298' title='bbox 1576 2702 1713 2746; x_wconf 87' lang='lat' dir='ltr'><strong><em>trans</em></strong></span> <span class='ocrx_word' id='word_1_299' title='bbox 1731 2693 1933 2759; x_wconf 74' lang='lat' dir='ltr'><strong><em>fretum,</em></strong></span> <span class='ocrx_word' id='word_1_300' title='bbox 1956 2679 2110 2736; x_wconf 73' lang='lat' dir='ltr'><strong>aliud&quot;</strong></span> 
     </span>
    </p>
   </div>
   <div class='ocr_carea' id='block_1_32' title="bbox 512 2773 2100 2869">
    <p class='ocr_par' dir='ltr' id='par_1_32' title="bbox 512 2773 2100 2869">
     <span class='ocr_line' id='line_1_44' title="bbox 512 2773 2100 2869; baseline -0.029 0"><span class='ocrx_word' id='word_1_301' title='bbox 512 2827 636 2869; x_wconf 89' lang='lat' dir='ltr'><strong>eum</strong></span> <span class='ocrx_word' id='word_1_302' title='bbox 702 2803 1039 2862; x_wconf 80' lang='lat' dir='ltr'><strong>recordatum</strong></span> <span class='ocrx_word' id='word_1_303' title='bbox 1096 2789 1479 2861; x_wconf 83' lang='lat' dir='ltr'><strong>interposuisse</strong></span> <span class='ocrx_word' id='word_1_304' title='bbox 1533 2783 1788 2837; x_wconf 89' lang='lat' dir='ltr'><strong>debemus</strong></span> <span class='ocrx_word' id='word_1_305' title='bbox 1836 2773 2100 2842; x_wconf 90' lang='lat' dir='ltr'><strong>accipere,</strong></span> 
     </span>
    </p>
   </div>
   <div class='ocr_carea' id='block_1_33' title="bbox 517 2864 2105 2976">
    <p class='ocr_par' dir='ltr' id='par_1_33' title="bbox 517 2864 2105 2976">
     <span class='ocr_line' id='line_1_45' title="bbox 517 2864 2105 2976; baseline -0.028 -15"><span class='ocrx_word' id='word_1_306' title='bbox 517 2902 659 2976; x_wconf 87' lang='lat' dir='ltr'><strong>quod</strong></span> <span class='ocrx_word' id='word_1_307' title='bbox 706 2899 793 2954; x_wconf 92' lang='lat' dir='ltr'><strong>die</strong></span> <span class='ocrx_word' id='word_1_308' title='bbox 830 2892 1060 2965; x_wconf 89' lang='lat' dir='ltr'><strong>quodam</strong></span> <span class='ocrx_word' id='word_1_309' title='bbox 1107 2901 1228 2943; x_wconf 90' lang='lat' dir='ltr'><strong>cum</strong></span> <span class='ocrx_word' id='word_1_310' title='bbox 1267 2882 1489 2938; x_wconf 83' lang='lat' dir='ltr'><strong>vidisset</strong></span> <span class='ocrx_word' id='word_1_311' title='bbox 1517 2876 1673 2932; x_wconf 84' lang='lat' dir='ltr'><strong>Jesus</strong></span> <span class='ocrx_word' id='word_1_312' title='bbox 1703 2869 1886 2925; x_wconf 85' lang='lat' dir='ltr'><strong>turbas</strong></span> <span class='ocrx_word' id='word_1_313' title='bbox 1914 2864 2105 2921; x_wconf 89' lang='lat' dir='ltr'><strong>multas</strong></span> 
     </span>
    </p>
   </div>
   <div class='ocr_carea' id='block_1_34' title="bbox 519 2973 1523 3057">
    <p class='ocr_par' dir='ltr' id='par_1_34' title="bbox 519 2973 1523 3057">
     <span class='ocr_line' id='line_1_46' title="bbox 519 2973 1523 3057; baseline -0.031 -6"><span class='ocrx_word' id='word_1_314' title='bbox 519 2996 720 3051; x_wconf 87' lang='lat' dir='ltr'><strong>circum</strong></span> <span class='ocrx_word' id='word_1_315' title='bbox 740 3005 821 3054; x_wconf 90' lang='lat' dir='ltr'><strong>se,</strong></span> <span class='ocrx_word' id='word_1_316' title='bbox 839 2984 999 3057; x_wconf 85' lang='lat' dir='ltr'><strong>jussit</strong></span> <span class='ocrx_word' id='word_1_317' title='bbox 1027 2982 1105 3036; x_wconf 90' lang='lat' dir='ltr'><strong>ire</strong></span> <span class='ocrx_word' id='word_1_318' title='bbox 1131 2986 1279 3032; x_wconf 89' lang='lat' dir='ltr'><strong>trans</strong></span> <span class='ocrx_word' id='word_1_319' title='bbox 1310 2973 1523 3027; x_wconf 81' lang='lat' dir='ltr'><strong>fretum.</strong></span> 
     </span>
    </p>
   </div>
   <div class='ocr_carea' id='block_1_35' title="bbox 521 3051 2112 3142">
    <p class='ocr_par' dir='ltr' id='par_1_35' title="bbox 521 3051 2112 3142">
     <span class='ocr_line' id='line_1_47' title="bbox 521 3051 2112 3142; baseline -0.029 1"><span class='ocrx_word' id='word_1_320' title='bbox 521 3082 747 3142; x_wconf 81' lang='lat' dir='ltr'><strong>CAPUT</strong></span> <span class='ocrx_word' id='word_1_321' title='bbox 775 3051 1054 3134; x_wconf 59' lang='grc' dir='ltr'><strong>Χὲιιιιμ-</strong></span> <span class='ocrx_word' id='word_1_322' title='bbox 1084 3069 1162 3125; x_wconf 91' lang='lat' dir='ltr'><strong><em>De</em></strong></span> <span class='ocrx_word' id='word_1_323' title='bbox 1197 3067 1288 3121; x_wconf 90' lang='lat' dir='ltr'><strong><em>illo</em></strong></span> <span class='ocrx_word' id='word_1_324' title='bbox 1332 3063 1417 3134; x_wconf 89' lang='lat' dir='ltr'><strong><em>qui</em></strong></span> <span class='ocrx_word' id='word_1_325' title='bbox 1449 3061 1520 3113; x_wconf 92' lang='lat' dir='ltr'><strong>ait</strong></span> <span class='ocrx_word' id='word_1_326' title='bbox 1553 3055 1792 3118; x_wconf 86' lang='lat' dir='ltr'><strong><em>Domino,</em></strong></span> <span class='ocrx_word' id='word_1_327' title='bbox 1817 3051 2020 3119; x_wconf 87' lang='lat' dir='ltr'><strong>Sequar</strong></span> <span class='ocrx_word' id='word_1_328' title='bbox 2059 3053 2112 3099; x_wconf 87' lang='lat' dir='ltr'><strong>te</strong></span> 
     </span>
    </p>
   </div>
   <div class='ocr_carea' id='block_1_36' title="bbox 597 3141 2114 3247">
    <p class='ocr_par' dir='ltr' id='par_1_36' title="bbox 597 3141 2114 3247">
     <span class='ocr_line' id='line_1_48' title="bbox 597 3141 2114 3247; baseline -0.028 -14"><span class='ocrx_word' id='word_1_329' title='bbox 597 3185 931 3247; x_wconf 81' lang='lat' dir='ltr'><strong>quocumque</strong></span> <span class='ocrx_word' id='word_1_330' title='bbox 958 3167 1100 3230; x_wconf 89' lang='lat' dir='ltr'><strong>ieris,</strong></span> <span class='ocrx_word' id='word_1_331' title='bbox 1135 3171 1181 3217; x_wconf 91' lang='lat' dir='ltr'><strong>et</strong></span> <span class='ocrx_word' id='word_1_332' title='bbox 1209 3159 1324 3213; x_wconf 90' lang='lat' dir='ltr'><strong><em>aliis</em></strong></span> <span class='ocrx_word' id='word_1_333' title='bbox 1347 3170 1461 3226; x_wconf 75' lang='lat' dir='ltr'><strong><em>qua:</em></strong></span> <span class='ocrx_word' id='word_1_334' title='bbox 1485 3153 1638 3224; x_wconf 77' lang='lat' dir='ltr'><strong><em>juxta</em></strong></span> <span class='ocrx_word' id='word_1_335' title='bbox 1663 3156 1800 3214; x_wconf 90' lang='lat' dir='ltr'><strong><em>sunt,</em></strong></span> <span class='ocrx_word' id='word_1_336' title='bbox 1822 3159 1918 3215; x_wconf 89' lang='lat' dir='ltr'><strong>quo</strong></span> <span class='ocrx_word' id='word_1_337' title='bbox 1939 3141 2114 3195; x_wconf 87' lang='lat' dir='ltr'><strong><em>ordine</em></strong></span> 
     </span>
    </p>
   </div>
   <div class='ocr_carea' id='block_1_37' title="bbox 599 3247 1442 3322">
    <p class='ocr_par' dir='ltr' id='par_1_37' title="bbox 599 3247 1442 3322">
     <span class='ocr_line' id='line_1_49' title="bbox 599 3247 1442 3322; baseline -0.031 1"><span class='ocrx_word' id='word_1_338' title='bbox 599 3273 870 3322; x_wconf 88' lang='lat' dir='ltr'><strong><em>narrentur</em></strong></span> <span class='ocrx_word' id='word_1_339' title='bbox 889 3277 921 3313; x_wconf 88' lang='lat' dir='ltr'><strong>a</strong></span> <span class='ocrx_word' id='word_1_340' title='bbox 948 3255 1191 3312; x_wconf 72' lang='lat' dir='ltr'><strong><em>Matthwo</em></strong></span> <span class='ocrx_word' id='word_1_341' title='bbox 1211 3260 1257 3305; x_wconf 90' lang='lat' dir='ltr'><strong>et</strong></span> <span class='ocrx_word' id='word_1_342' title='bbox 1283 3247 1442 3302; x_wconf 89' lang='lat' dir='ltr'><strong><em>Luca.</em></strong></span> 
     </span>
    </p>
   </div>
   <div class='ocr_carea' id='block_1_38' title="bbox 599 3327 2118 3418">
    <p class='ocr_par' dir='ltr' id='par_1_38' title="bbox 599 3327 2118 3418">
     <span class='ocr_line' id='line_1_50' title="bbox 599 3327 2118 3418; baseline -0.025 -4"><span class='ocrx_word' id='word_1_343' title='bbox 599 3358 689 3414; x_wconf 74' lang='grc'><strong>54.</strong></span> <span class='ocrx_word' id='word_1_344' title='bbox 737 3351 938 3409; x_wconf 90' lang='lat' dir='ltr'><strong>Deinde</strong></span> <span class='ocrx_word' id='word_1_345' title='bbox 999 3344 1140 3418; x_wconf 89' lang='lat' dir='ltr'><strong>quod</strong></span> <span class='ocrx_word' id='word_1_346' title='bbox 1205 3336 1511 3409; x_wconf 75' lang='lat' dir='ltr'><strong>subjungit,</strong></span> <span class='ocrx_word' id='word_1_347' title='bbox 1567 3330 1636 3386; x_wconf 86' lang='lat' dir='ltr'><strong><em>Et</em></strong></span> <span class='ocrx_word' id='word_1_348' title='bbox 1688 3327 1930 3382; x_wconf 89' lang='lat' dir='ltr'><strong><em>accedens</em></strong></span> <span class='ocrx_word' id='word_1_349' title='bbox 1987 3338 2118 3377; x_wconf 85' lang='lat' dir='ltr'><strong><em>unus</em></strong></span> 
     </span>
    </p>
   </div>
   <div class='ocr_carea' id='block_1_39' title="bbox 531 3415 2118 3510">
    <p class='ocr_par' dir='ltr' id='par_1_39' title="bbox 531 3415 2118 3510">
     <span class='ocr_line' id='line_1_51' title="bbox 531 3415 2118 3510; baseline -0.026 -2"><span class='ocrx_word' id='word_1_350' title='bbox 531 3451 714 3510; x_wconf 85' lang='lat' dir='ltr'><strong><em>Scriba</em></strong></span> <span class='ocrx_word' id='word_1_351' title='bbox 759 3448 828 3500; x_wconf 87' lang='lat' dir='ltr'><strong>ait</strong></span> <span class='ocrx_word' id='word_1_352' title='bbox 865 3443 980 3498; x_wconf 89' lang='lat' dir='ltr'><strong><em>illi:</em></strong></span> <span class='ocrx_word' id='word_1_353' title='bbox 1007 3415 1270 3508; x_wconf 62' lang='lat' dir='ltr'><strong><em>Magister,</em></strong></span> <span class='ocrx_word' id='word_1_354' title='bbox 1311 3444 1490 3501; x_wconf 87' lang='lat' dir='ltr'><strong><em>sequar</em></strong></span> <span class='ocrx_word' id='word_1_355' title='bbox 1535 3434 1580 3479; x_wconf 90' lang='lat' dir='ltr'><strong>te</strong></span> <span class='ocrx_word' id='word_1_356' title='bbox 1622 3434 1933 3496; x_wconf 89' lang='lat' dir='ltr'><strong><em>quocumque</em></strong></span> <span class='ocrx_word' id='word_1_357' title='bbox 1981 3415 2118 3478; x_wconf 85' lang='lat' dir='ltr'><strong><em>ieris,</em></strong></span> 
     </span>
    </p>
   </div>
   <div class='ocr_carea' id='block_1_40' title="bbox 534 3511 2125 3613">
    <p class='ocr_par' dir='ltr' id='par_1_40' title="bbox 534 3511 2125 3613">
     <span class='ocr_line' id='line_1_52' title="bbox 534 3511 2125 3613; baseline -0.026 -13"><span class='ocrx_word' id='word_1_358' title='bbox 534 3557 702 3613; x_wconf 75' lang='lat' dir='ltr'><strong>usque</strong></span> <span class='ocrx_word' id='word_1_359' title='bbox 729 3537 796 3593; x_wconf 92' lang='lat' dir='ltr'><strong>ad</strong></span> <span class='ocrx_word' id='word_1_360' title='bbox 827 3533 958 3590; x_wconf 91' lang='lat' dir='ltr'><strong>illud</strong></span> <span class='ocrx_word' id='word_1_361' title='bbox 991 3530 1082 3586; x_wconf 90' lang='lat' dir='ltr'><strong>ubi</strong></span> <span class='ocrx_word' id='word_1_362' title='bbox 1123 3528 1224 3590; x_wconf 85' lang='lat' dir='ltr'><strong>ait,</strong></span> <span class='ocrx_word' id='word_1_363' title='bbox 1255 3523 1464 3577; x_wconf 88' lang='lat' dir='ltr'><strong><em>Dimitte</em></strong></span> <span class='ocrx_word' id='word_1_364' title='bbox 1501 3525 1726 3573; x_wconf 85' lang='lat' dir='ltr'><strong><em>mortuos</em></strong></span> <span class='ocrx_word' id='word_1_365' title='bbox 1754 3511 1960 3583; x_wconf 86' lang='lat' dir='ltr'><strong>sepelire</strong></span> <span class='ocrx_word' id='word_1_366' title='bbox 1988 3523 2125 3560; x_wconf 89' lang='lat' dir='ltr'><strong><em>mor-</em></strong></span> 
     </span>
    </p>
   </div>
   <div class='ocr_carea' id='block_1_41' title="bbox 538 3603 2128 3700">
    <p class='ocr_par' dir='ltr' id='par_1_41' title="bbox 538 3603 2128 3700">
     <span class='ocr_line' id='line_1_53' title="bbox 538 3603 2128 3700; baseline -0.024 -13"><span class='ocrx_word' id='word_1_367' title='bbox 538 3603 652 3689; x_wconf 61' lang='lat' dir='ltr'><strong><em>tuos</em></strong></span> <span class='ocrx_word' id='word_1_368' title='bbox 689 3646 808 3686; x_wconf 89' lang='lat' dir='ltr'><strong><em>suos</em></strong></span> <span class='ocrx_word' id='word_1_369' title='bbox 839 3622 1060 3700; x_wconf 83' lang='lat' dir='ltr'><strong><em>(Matth.</em></strong></span> <span class='ocrx_word' id='word_1_370' title='bbox 1089 3633 1202 3684; x_wconf 86' lang='lat' dir='ltr'><strong>vut,</strong></span> <span class='ocrx_word' id='word_1_371' title='bbox 1226 3611 1454 3684; x_wconf 68' lang='lat'><strong>19-22);</strong></span> <span class='ocrx_word' id='word_1_372' title='bbox 1501 3609 1606 3664; x_wconf 88' lang='lat' dir='ltr'><strong>hoc</strong></span> <span class='ocrx_word' id='word_1_373' title='bbox 1655 3604 1899 3661; x_wconf 89' lang='lat' dir='ltr'><strong>similiter</strong></span> <span class='ocrx_word' id='word_1_374' title='bbox 1948 3603 2128 3653; x_wconf 89' lang='lat' dir='ltr'><strong>narrat</strong></span> 
     </span>
    </p>
   </div>
   <div class='ocr_carea' id='block_1_42' title="bbox 537 3699 2129 3782">
    <p class='ocr_par' dir='ltr' id='par_1_42' title="bbox 537 3699 2129 3782">
     <span class='ocr_line' id='line_1_54' title="bbox 537 3699 2129 3782; baseline -0.025 0"><span class='ocrx_word' id='word_1_375' title='bbox 537 3735 595 3782; x_wconf 91' lang='lat' dir='ltr'><strong>et</strong></span> <span class='ocrx_word' id='word_1_376' title='bbox 618 3725 812 3780; x_wconf 87' lang='lat' dir='ltr'><strong>Lucas.</strong></span> <span class='ocrx_word' id='word_1_377' title='bbox 853 3699 960 3773; x_wconf 89' lang='lat' dir='ltr'><strong>Sed</strong></span> <span class='ocrx_word' id='word_1_378' title='bbox 994 3714 1082 3769; x_wconf 79' lang='lat' dir='ltr'><strong>ille</strong></span> <span class='ocrx_word' id='word_1_379' title='bbox 1109 3716 1232 3781; x_wconf 87' lang='lat' dir='ltr'><strong>post</strong></span> <span class='ocrx_word' id='word_1_380' title='bbox 1259 3706 1443 3776; x_wconf 90' lang='lat' dir='ltr'><strong>plura,</strong></span> <span class='ocrx_word' id='word_1_381' title='bbox 1471 3715 1571 3756; x_wconf 90' lang='lat' dir='ltr'><strong>nec</strong></span> <span class='ocrx_word' id='word_1_382' title='bbox 1607 3699 1719 3768; x_wconf 88' lang='lat' dir='ltr'><strong>ipse</strong></span> <span class='ocrx_word' id='word_1_383' title='bbox 1755 3709 1882 3750; x_wconf 86' lang='lat' dir='ltr'><strong>sane</strong></span> <span class='ocrx_word' id='word_1_384' title='bbox 1911 3704 2129 3760; x_wconf 79' lang='lat' dir='ltr'><strong>expres-</strong></span> 
     </span>
    </p>
   </div>
   <div class='ocr_carea' id='block_1_43' title="bbox 543 3786 2129 3878">
    <p class='ocr_par' dir='ltr' id='par_1_43' title="bbox 543 3786 2129 3878">
     <span class='ocr_line' id='line_1_55' title="bbox 543 3786 2129 3878; baseline -0.025 -5"><span class='ocrx_word' id='word_1_385' title='bbox 543 3832 606 3873; x_wconf 90' lang='lat' dir='ltr'><strong>so</strong></span> <span class='ocrx_word' id='word_1_386' title='bbox 633 3813 820 3870; x_wconf 88' lang='lat' dir='ltr'><strong>ordine</strong></span> <span class='ocrx_word' id='word_1_387' title='bbox 850 3819 1169 3878; x_wconf 91' lang='lat' dir='ltr'><strong>temporum,</strong></span> <span class='ocrx_word' id='word_1_388' title='bbox 1217 3798 1312 3854; x_wconf 85' lang='lat' dir='ltr'><strong>sed</strong></span> <span class='ocrx_word' id='word_1_389' title='bbox 1353 3790 1686 3850; x_wconf 87' lang='lat' dir='ltr'><strong>recordantis</strong></span> <span class='ocrx_word' id='word_1_390' title='bbox 1722 3786 1882 3842; x_wconf 90' lang='lat' dir='ltr'><strong>modo</strong></span> <span class='ocrx_word' id='word_1_391' title='bbox 1911 3803 1924 3838; x_wconf 89' lang='lat'>:</span> <span class='ocrx_word' id='word_1_392' title='bbox 1951 3792 2129 3838; x_wconf 91' lang='lat' dir='ltr'><strong>utrum</strong></span> 
     </span>
    </p>
   </div>
   <div class='ocr_carea' id='block_1_44' title="bbox 543 3876 2132 3980">
    <p class='ocr_par' dir='ltr' id='par_1_44' title="bbox 543 3876 2132 3980">
     <span class='ocr_line' id='line_1_56' title="bbox 543 3876 2132 3980; baseline -0.025 -14"><span class='ocrx_word' id='word_1_393' title='bbox 543 3908 687 3980; x_wconf 91' lang='lat' dir='ltr'><strong>quod</strong></span> <span class='ocrx_word' id='word_1_394' title='bbox 708 3906 855 3977; x_wconf 89' lang='lat' dir='ltr'><strong>prius</strong></span> <span class='ocrx_word' id='word_1_395' title='bbox 879 3876 1078 3964; x_wconf 80' lang='lat' dir='ltr'><strong>omisit,</strong></span> <span class='ocrx_word' id='word_1_396' title='bbox 1122 3909 1189 3949; x_wconf 91' lang='lat' dir='ltr'><strong>an</strong></span> <span class='ocrx_word' id='word_1_397' title='bbox 1227 3889 1370 3962; x_wconf 89' lang='lat' dir='ltr'><strong>quod</strong></span> <span class='ocrx_word' id='word_1_398' title='bbox 1423 3885 1687 3957; x_wconf 88' lang='lat' dir='ltr'><strong>posterius</strong></span> <span class='ocrx_word' id='word_1_399' title='bbox 1727 3881 1886 3935; x_wconf 90' lang='lat' dir='ltr'><strong>etiam</strong></span> <span class='ocrx_word' id='word_1_400' title='bbox 1935 3876 2132 3930; x_wconf 87' lang='lat' dir='ltr'><strong>factum</strong></span> 
     </span>
    </p>
   </div>
   <div class='ocr_carea' id='block_1_45' title="bbox 547 3967 2140 4070">
    <p class='ocr_par' dir='ltr' id='par_1_45' title="bbox 547 3967 2140 4070">
     <span class='ocr_line' id='line_1_57' title="bbox 547 3967 2140 4070; baseline -0.024 -15"><span class='ocrx_word' id='word_1_401' title='bbox 547 4013 709 4070; x_wconf 86' lang='lat' dir='ltr'><strong>quam</strong></span> <span class='ocrx_word' id='word_1_402' title='bbox 746 4001 871 4050; x_wconf 85' lang='lat' dir='ltr'><strong>sunt</strong></span> <span class='ocrx_word' id='word_1_403' title='bbox 908 4005 970 4046; x_wconf 85' lang='lat' dir='ltr'><strong>ea</strong></span> <span class='ocrx_word' id='word_1_404' title='bbox 1004 4001 1123 4057; x_wconf 71' lang='lat' dir='ltr'><strong>qua:</strong></span> <span class='ocrx_word' id='word_1_405' title='bbox 1169 3988 1480 4052; x_wconf 87' lang='lat' dir='ltr'><strong>sequuntur,</strong></span> <span class='ocrx_word' id='word_1_406' title='bbox 1511 3970 1930 4045; x_wconf 64' lang='lat' dir='ltr'><strong>praeoccupavit,</strong></span> <span class='ocrx_word' id='word_1_407' title='bbox 1964 3967 2140 4020; x_wconf 74' lang='lat' dir='ltr'><strong>incer-</strong></span> 
     </span>
    </p>
   </div>
   <div class='ocr_carea' id='block_1_46' title="bbox 555 4055 2140 4145">
    <p class='ocr_par' dir='ltr' id='par_1_46' title="bbox 555 4055 2140 4145">
     <span class='ocr_line' id='line_1_58' title="bbox 555 4055 2140 4145; baseline -0.026 1"><span class='ocrx_word' id='word_1_408' title='bbox 555 4100 666 4145; x_wconf 86' lang='lat' dir='ltr'><strong>tum</strong></span> <span class='ocrx_word' id='word_1_409' title='bbox 719 4093 822 4142; x_wconf 77' lang='lat' dir='ltr'><strong>est;</strong></span> <span class='ocrx_word' id='word_1_410' title='bbox 871 4082 948 4136; x_wconf 86' lang='lat' dir='ltr'><strong>Ita</strong></span> <span class='ocrx_word' id='word_1_411' title='bbox 1001 4055 1142 4132; x_wconf 77' lang='lat' dir='ltr'><strong>enim</strong></span> <span class='ocrx_word' id='word_1_412' title='bbox 1189 4073 1316 4128; x_wconf 85' lang='lat' dir='ltr'><strong>dicit</strong></span> <span class='ocrx_word' id='word_1_413' title='bbox 1365 4088 1377 4122; x_wconf 91' lang='lat'><strong>:</strong></span> <span class='ocrx_word' id='word_1_414' title='bbox 1427 4067 1641 4121; x_wconf 87' lang='lat' dir='ltr'><strong><em>Factum</em></strong></span> <span class='ocrx_word' id='word_1_415' title='bbox 1671 4071 1742 4116; x_wconf 84' lang='lat' dir='ltr'><strong>est</strong></span> <span class='ocrx_word' id='word_1_416' title='bbox 1771 4070 1936 4112; x_wconf 90' lang='lat' dir='ltr'><strong><em>autem</em></strong></span> <span class='ocrx_word' id='word_1_417' title='bbox 1965 4055 2140 4109; x_wconf 87' lang='lat' dir='ltr'><strong><em>ambu-</em></strong></span> 
     </span>
    </p>
   </div>
   <div class='ocr_carea' id='block_1_47' title="bbox 555 4151 2142 4237">
    <p class='ocr_par' dir='ltr' id='par_1_47' title="bbox 555 4151 2142 4237">
     <span class='ocr_line' id='line_1_59' title="bbox 555 4151 2142 4237; baseline -0.025 1"><span class='ocrx_word' id='word_1_418' title='bbox 555 4180 776 4237; x_wconf 76' lang='lat' dir='ltr'><strong><em>lantibus</em></strong></span> <span class='ocrx_word' id='word_1_419' title='bbox 807 4176 910 4230; x_wconf 85' lang='lat' dir='ltr'><strong><em>illis</em></strong></span> <span class='ocrx_word' id='word_1_420' title='bbox 948 4174 1002 4226; x_wconf 87' lang='lat' dir='ltr'><strong>in</strong></span> <span class='ocrx_word' id='word_1_421' title='bbox 1035 4171 1134 4235; x_wconf 84' lang='lat' dir='ltr'><strong><em>via,</em></strong></span> <span class='ocrx_word' id='word_1_422' title='bbox 1166 4166 1292 4220; x_wconf 80' lang='lat' dir='ltr'><strong><em>dixit</em></strong></span> <span class='ocrx_word' id='word_1_423' title='bbox 1331 4161 1536 4233; x_wconf 89' lang='lat' dir='ltr'><strong><em>quidam</em></strong></span> <span class='ocrx_word' id='word_1_424' title='bbox 1579 4157 1646 4210; x_wconf 89' lang='lat' dir='ltr'><strong>ad</strong></span> <span class='ocrx_word' id='word_1_425' title='bbox 1681 4156 1844 4215; x_wconf 87' lang='lat' dir='ltr'><strong><em>illum,</em></strong></span> <span class='ocrx_word' id='word_1_426' title='bbox 1871 4151 2067 4216; x_wconf 88' lang='lat' dir='ltr'><strong><em>Sequar</em></strong></span> <span class='ocrx_word' id='word_1_427' title='bbox 2096 4156 2142 4199; x_wconf 91' lang='lat' dir='ltr'><strong>te</strong></span> 
     </span>
    </p>
   </div>
   <div class='ocr_carea' id='block_1_48' title="bbox 558 4243 2142 4346">
    <p class='ocr_par' dir='ltr' id='par_1_48' title="bbox 558 4243 2142 4346">
     <span class='ocr_line' id='line_1_60' title="bbox 558 4243 2142 4346; baseline -0.025 -17"><span class='ocrx_word' id='word_1_428' title='bbox 558 4285 866 4346; x_wconf 88' lang='lat' dir='ltr'><strong><em>quocumque</em></strong></span> <span class='ocrx_word' id='word_1_429' title='bbox 892 4266 1029 4320; x_wconf 86' lang='lat' dir='ltr'><strong><em>ieris.</em></strong></span> <span class='ocrx_word' id='word_1_430' title='bbox 1056 4262 1125 4316; x_wconf 89' lang='lat' dir='ltr'><strong>Et</strong></span> <span class='ocrx_word' id='word_1_431' title='bbox 1155 4256 1431 4326; x_wconf 84' lang='lat' dir='ltr'><strong>respondit</strong></span> <span class='ocrx_word' id='word_1_432' title='bbox 1468 4253 1515 4307; x_wconf 92' lang='lat' dir='ltr'><strong>ei</strong></span> <span class='ocrx_word' id='word_1_433' title='bbox 1549 4261 1766 4319; x_wconf 83' lang='lat' dir='ltr'><strong>prorsus</strong></span> <span class='ocrx_word' id='word_1_434' title='bbox 1802 4243 1988 4298; x_wconf 87' lang='lat' dir='ltr'><strong>eadem</strong></span> <span class='ocrx_word' id='word_1_435' title='bbox 2019 4253 2142 4309; x_wconf 83' lang='lat' dir='ltr'><strong>quae</strong></span> 
     </span>
    </p>
   </div>
   <div class='ocr_carea' id='block_1_49' title="bbox 559 4333 2144 4422">
    <p class='ocr_par' dir='ltr' id='par_1_49' title="bbox 559 4333 2144 4422">
     <span class='ocr_line' id='line_1_61' title="bbox 559 4333 2144 4422; baseline -0.024 0"><span class='ocrx_word' id='word_1_436' title='bbox 559 4333 841 4422; x_wconf 62' lang='lat' dir='ltr'><strong>blattlueus</strong></span> <span class='ocrx_word' id='word_1_437' title='bbox 870 4359 1271 4415; x_wconf 88' lang='lat' dir='ltr'><strong>commemorat.</strong></span> <span class='ocrx_word' id='word_1_438' title='bbox 1305 4346 1454 4416; x_wconf 87' lang='lat' dir='ltr'><strong>Quod</strong></span> <span class='ocrx_word' id='word_1_439' title='bbox 1495 4352 1670 4397; x_wconf 86' lang='lat' dir='ltr'><strong>autem</strong></span> <span class='ocrx_word' id='word_1_440' title='bbox 1717 4337 1995 4393; x_wconf 77' lang='lat' dir='ltr'><strong>Mattlneus</strong></span> <span class='ocrx_word' id='word_1_441' title='bbox 2014 4333 2144 4388; x_wconf 88' lang='lat' dir='ltr'><strong>dicit</strong></span> 
     </span>
    </p>
   </div>
   <div class='ocr_carea' id='block_1_50' title="bbox 561 4430 2146 4522">
    <p class='ocr_par' dir='ltr' id='par_1_50' title="bbox 561 4430 2146 4522">
     <span class='ocr_line' id='line_1_62' title="bbox 561 4430 2146 4522; baseline -0.024 -7"><span class='ocrx_word' id='word_1_442' title='bbox 561 4467 708 4517; x_wconf 84' lang='lat' dir='ltr'><strong>tunc</strong></span> <span class='ocrx_word' id='word_1_443' title='bbox 729 4453 868 4511; x_wconf 88' lang='lat' dir='ltr'><strong>istud</strong></span> <span class='ocrx_word' id='word_1_444' title='bbox 909 4459 1114 4522; x_wconf 77' lang='lat' dir='ltr'><strong>gestum</strong></span> <span class='ocrx_word' id='word_1_445' title='bbox 1157 4459 1295 4506; x_wconf 90' lang='lat' dir='ltr'><strong>esse,</strong></span> <span class='ocrx_word' id='word_1_446' title='bbox 1329 4437 1539 4510; x_wconf 89' lang='lat' dir='ltr'><strong>quando</strong></span> <span class='ocrx_word' id='word_1_447' title='bbox 1571 4433 1726 4504; x_wconf 82' lang='lat' dir='ltr'><strong>jussit</strong></span> <span class='ocrx_word' id='word_1_448' title='bbox 1748 4439 1803 4484; x_wconf 92' lang='lat' dir='ltr'><strong>ut</strong></span> <span class='ocrx_word' id='word_1_449' title='bbox 1833 4430 1972 4482; x_wconf 89' lang='lat' dir='ltr'><strong>irent</strong></span> <span class='ocrx_word' id='word_1_450' title='bbox 1999 4435 2146 4480; x_wconf 90' lang='lat' dir='ltr'><strong>trans</strong></span> 
     </span>
    </p>
   </div>
   <div class='ocr_carea' id='block_1_51' title="bbox 567 4521 2151 4614">
    <p class='ocr_par' dir='ltr' id='par_1_51' title="bbox 567 4521 2151 4614">
     <span class='ocr_line' id='line_1_63' title="bbox 567 4521 2151 4614; baseline -0.025 -6"><span class='ocrx_word' id='word_1_451' title='bbox 567 4555 784 4614; x_wconf 78' lang='lat' dir='ltr'><strong>fretum,</strong></span> <span class='ocrx_word' id='word_1_452' title='bbox 812 4547 982 4600; x_wconf 88' lang='lat' dir='ltr'><strong>Lucas</strong></span> <span class='ocrx_word' id='word_1_453' title='bbox 1004 4553 1152 4601; x_wconf 87' lang='lat' dir='ltr'><strong>vero,</strong></span> <span class='ocrx_word' id='word_1_454' title='bbox 1173 4531 1564 4589; x_wconf 85' lang='lat' dir='ltr'><strong>ambulantibus</strong></span> <span class='ocrx_word' id='word_1_455' title='bbox 1597 4525 1698 4579; x_wconf 91' lang='lat' dir='ltr'><strong>illis</strong></span> <span class='ocrx_word' id='word_1_456' title='bbox 1726 4524 1778 4576; x_wconf 92' lang='lat' dir='ltr'><strong>in</strong></span> <span class='ocrx_word' id='word_1_457' title='bbox 1806 4521 1912 4585; x_wconf 91' lang='lat' dir='ltr'><strong>via,</strong></span> <span class='ocrx_word' id='word_1_458' title='bbox 1937 4533 2044 4573; x_wconf 90' lang='lat' dir='ltr'><strong>non</strong></span> <span class='ocrx_word' id='word_1_459' title='bbox 2069 4523 2151 4571; x_wconf 89' lang='lat' dir='ltr'><strong>est</strong></span> 
     </span>
    </p>
   </div>
   <div class='ocr_carea' id='block_1_52' title="bbox 569 4607 2151 4702">
    <p class='ocr_par' dir='ltr' id='par_1_52' title="bbox 569 4607 2151 4702">
     <span class='ocr_line' id='line_1_64' title="bbox 569 4607 2151 4702; baseline -0.025 -4"><span class='ocrx_word' id='word_1_460' title='bbox 569 4638 930 4698; x_wconf 88' lang='lat' dir='ltr'><strong>contrarium;</strong></span> <span class='ocrx_word' id='word_1_461' title='bbox 961 4632 1084 4702; x_wconf 86' lang='lat' dir='ltr'><strong>quia</strong></span> <span class='ocrx_word' id='word_1_462' title='bbox 1111 4630 1166 4682; x_wconf 90' lang='lat' dir='ltr'><strong>in</strong></span> <span class='ocrx_word' id='word_1_463' title='bbox 1190 4625 1276 4680; x_wconf 88' lang='lat' dir='ltr'><strong>via</strong></span> <span class='ocrx_word' id='word_1_464' title='bbox 1311 4623 1493 4691; x_wconf 90' lang='lat' dir='ltr'><strong>utique</strong></span> <span class='ocrx_word' id='word_1_465' title='bbox 1532 4616 1887 4678; x_wconf 88' lang='lat' dir='ltr'><strong>ambularunt,</strong></span> <span class='ocrx_word' id='word_1_466' title='bbox 1922 4619 1979 4664; x_wconf 94' lang='lat' dir='ltr'><strong>ut</strong></span> <span class='ocrx_word' id='word_1_467' title='bbox 2001 4607 2151 4662; x_wconf 90' lang='lat' dir='ltr'><strong>veni-</strong></span> 
     </span>
    </p>
   </div>
   <div class='ocr_carea' id='block_1_53' title="bbox 567 4700 2155 4793">
    <p class='ocr_par' dir='ltr' id='par_1_53' title="bbox 567 4700 2155 4793">
     <span class='ocr_line' id='line_1_65' title="bbox 567 4700 2155 4793; baseline -0.025 -1"><span class='ocrx_word' id='word_1_468' title='bbox 567 4743 693 4793; x_wconf 71' lang='lat' dir='ltr'><strong>rent</strong></span> <span class='ocrx_word' id='word_1_469' title='bbox 717 4732 783 4788; x_wconf 84' lang='lat' dir='ltr'><strong>ad</strong></span> <span class='ocrx_word' id='word_1_470' title='bbox 811 4700 1021 4784; x_wconf 81' lang='lat' dir='ltr'><strong>fretum.</strong></span> <span class='ocrx_word' id='word_1_471' title='bbox 1052 4724 1118 4779; x_wconf 86' lang='lat' dir='ltr'><strong>Et</strong></span> <span class='ocrx_word' id='word_1_472' title='bbox 1153 4721 1222 4775; x_wconf 91' lang='lat' dir='ltr'><strong>de</strong></span> <span class='ocrx_word' id='word_1_473' title='bbox 1268 4717 1360 4772; x_wconf 92' lang='lat' dir='ltr'><strong>illo</strong></span> <span class='ocrx_word' id='word_1_474' title='bbox 1402 4713 1489 4783; x_wconf 92' lang='lat' dir='ltr'><strong>qui</strong></span> <span class='ocrx_word' id='word_1_475' title='bbox 1519 4711 1648 4781; x_wconf 87' lang='lat' dir='ltr'><strong>petit</strong></span> <span class='ocrx_word' id='word_1_476' title='bbox 1673 4708 1901 4779; x_wconf 85' lang='lat' dir='ltr'><strong>primum</strong></span> <span class='ocrx_word' id='word_1_477' title='bbox 1929 4700 2155 4772; x_wconf 88' lang='lat' dir='ltr'><strong>sepelire</strong></span> 
     </span>
    </p>
   </div>
   <div class='ocr_carea' id='block_1_54' title="bbox 571 4797 2156 4899">
    <p class='ocr_par' dir='ltr' id='par_1_54' title="bbox 571 4797 2156 4899">
     <span class='ocr_line' id='line_1_66' title="bbox 571 4797 2156 4899; baseline -0.025 -16"><span class='ocrx_word' id='word_1_478' title='bbox 571 4835 778 4899; x_wconf 86' lang='lat' dir='ltr'><strong>patrem</strong></span> <span class='ocrx_word' id='word_1_479' title='bbox 827 4833 1001 4884; x_wconf 91' lang='lat' dir='ltr'><strong>suum,</strong></span> <span class='ocrx_word' id='word_1_480' title='bbox 1031 4812 1310 4870; x_wconf 73' lang='lat' dir='ltr'><strong>Mattbzeus</strong></span> <span class='ocrx_word' id='word_1_481' title='bbox 1352 4816 1404 4862; x_wconf 92' lang='lat' dir='ltr'><strong>et</strong></span> <span class='ocrx_word' id='word_1_482' title='bbox 1451 4805 1624 4859; x_wconf 89' lang='lat' dir='ltr'><strong>Lucas</strong></span> <span class='ocrx_word' id='word_1_483' title='bbox 1661 4797 1879 4855; x_wconf 90' lang='lat' dir='ltr'><strong>omnino</strong></span> <span class='ocrx_word' id='word_1_484' title='bbox 1925 4807 2156 4849; x_wconf 90' lang='lat' dir='ltr'><strong>consen-</strong></span> 
     </span>
    </p>
   </div>
   <div class='ocr_carea' id='block_1_55' title="bbox 575 4886 2160 4980">
    <p class='ocr_par' dir='ltr' id='par_1_55' title="bbox 575 4886 2160 4980">
     <span class='ocr_line' id='line_1_67' title="bbox 575 4886 2160 4980; baseline -0.025 -6"><span class='ocrx_word' id='word_1_485' title='bbox 575 4886 732 4974; x_wconf 69' lang='lat' dir='ltr'><strong>tiunt.</strong></span> <span class='ocrx_word' id='word_1_486' title='bbox 763 4910 913 4980; x_wconf 83' lang='lat' dir='ltr'><strong>Quod</strong></span> <span class='ocrx_word' id='word_1_487' title='bbox 941 4907 1081 4964; x_wconf 91' lang='lat' dir='ltr'><strong>enim</strong></span> <span class='ocrx_word' id='word_1_488' title='bbox 1109 4901 1385 4958; x_wconf 81' lang='lat' dir='ltr'><strong>Matthaeus</strong></span> <span class='ocrx_word' id='word_1_489' title='bbox 1410 4895 1582 4966; x_wconf 89' lang='lat' dir='ltr'><strong>primo</strong></span> <span class='ocrx_word' id='word_1_490' title='bbox 1601 4890 1841 4962; x_wconf 75' lang='lat' dir='ltr'><strong>eiusdem</strong></span> <span class='ocrx_word' id='word_1_491' title='bbox 1868 4886 2034 4941; x_wconf 89' lang='lat' dir='ltr'><strong>verba</strong></span> <span class='ocrx_word' id='word_1_492' title='bbox 2064 4898 2160 4953; x_wconf 87' lang='lat' dir='ltr'><strong>po-</strong></span> 
     </span>
    </p>
   </div>
   <div class='ocr_carea' id='block_1_56' title="bbox 579 4975 2164 5072">
    <p class='ocr_par' dir='ltr' id='par_1_56' title="bbox 579 4975 2164 5072">
     <span class='ocr_line' id='line_1_68' title="bbox 579 4975 2164 5072; baseline -0.026 -6"><span class='ocrx_word' id='word_1_493' title='bbox 579 5011 688 5067; x_wconf 85' lang='lat' dir='ltr'><strong>suit</strong></span> <span class='ocrx_word' id='word_1_494' title='bbox 715 4975 816 5061; x_wconf 78' lang='lat' dir='ltr'><strong>hoc</strong></span> <span class='ocrx_word' id='word_1_495' title='bbox 842 5008 1058 5072; x_wconf 88' lang='lat' dir='ltr'><strong>propter</strong></span> <span class='ocrx_word' id='word_1_496' title='bbox 1084 5004 1286 5065; x_wconf 83' lang='lat' dir='ltr'><strong>patrem</strong></span> <span class='ocrx_word' id='word_1_497' title='bbox 1310 5003 1463 5044; x_wconf 85' lang='lat' dir='ltr'><strong>suum</strong></span> <span class='ocrx_word' id='word_1_498' title='bbox 1487 4981 1731 5056; x_wconf 90' lang='lat' dir='ltr'><strong>petentis,</strong></span> <span class='ocrx_word' id='word_1_499' title='bbox 1757 4988 1811 5034; x_wconf 90' lang='lat' dir='ltr'><strong>et</strong></span> <span class='ocrx_word' id='word_1_500' title='bbox 1839 4975 2030 5032; x_wconf 90' lang='lat' dir='ltr'><strong>deinde</strong></span> <span class='ocrx_word' id='word_1_501' title='bbox 2059 4975 2164 5027; x_wconf 83' lang='lat' dir='ltr'><strong>Do-</strong></span> 
     </span>
    </p>
   </div>
   <div class='ocr_carea' id='block_1_57' title="bbox 583 5066 2164 5168">
    <p class='ocr_par' dir='ltr' id='par_1_57' title="bbox 583 5066 2164 5168">
     <span class='ocr_line' id='line_1_69' title="bbox 583 5066 2164 5168; baseline -0.026 -9"><span class='ocrx_word' id='word_1_502' title='bbox 583 5103 712 5168; x_wconf 84' lang='lat' dir='ltr'><strong>mini</strong></span> <span class='ocrx_word' id='word_1_503' title='bbox 738 5095 982 5159; x_wconf 90' lang='lat' dir='ltr'><strong>dicentis,</strong></span> <span class='ocrx_word' id='word_1_504' title='bbox 1008 5092 1226 5160; x_wconf 87' lang='lat' dir='ltr'><strong>Sequere</strong></span> <span class='ocrx_word' id='word_1_505' title='bbox 1249 5100 1345 5149; x_wconf 90' lang='lat' dir='ltr'><strong>me,</strong></span> <span class='ocrx_word' id='word_1_506' title='bbox 1368 5082 1540 5137; x_wconf 89' lang='lat' dir='ltr'><strong>Lucas</strong></span> <span class='ocrx_word' id='word_1_507' title='bbox 1555 5085 1729 5130; x_wconf 89' lang='lat' dir='ltr'><strong>autem</strong></span> <span class='ocrx_word' id='word_1_508' title='bbox 1751 5072 1924 5142; x_wconf 91' lang='lat' dir='ltr'><strong>primo</strong></span> <span class='ocrx_word' id='word_1_509' title='bbox 1954 5066 2164 5122; x_wconf 90' lang='lat' dir='ltr'><strong>Domini</strong></span> 
     </span>
    </p>
   </div>
   <div class='ocr_carea' id='block_1_58' title="bbox 585 5158 2167 5260">
    <p class='ocr_par' dir='ltr' id='par_1_58' title="bbox 585 5158 2167 5260">
     <span class='ocr_line' id='line_1_70' title="bbox 585 5158 2167 5260; baseline -0.026 -7"><span class='ocrx_word' id='word_1_510' title='bbox 585 5158 835 5255; x_wconf 82' lang='lat' dir='ltr'><strong>dicentis,</strong></span> <span class='ocrx_word' id='word_1_511' title='bbox 865 5158 1203 5260; x_wconf 15' lang='lat' dir='ltr'><strong><em>Sequerevnte,</em></strong></span> <span class='ocrx_word' id='word_1_512' title='bbox 1234 5188 1287 5234; x_wconf 89' lang='lat' dir='ltr'><strong>et</strong></span> <span class='ocrx_word' id='word_1_513' title='bbox 1315 5174 1509 5232; x_wconf 90' lang='lat' dir='ltr'><strong>deinde</strong></span> <span class='ocrx_word' id='word_1_514' title='bbox 1536 5171 1678 5226; x_wconf 92' lang='lat' dir='ltr'><strong>illius</strong></span> <span class='ocrx_word' id='word_1_515' title='bbox 1702 5167 1804 5220; x_wconf 92' lang='lat' dir='ltr'><strong>hoc</strong></span> <span class='ocrx_word' id='word_1_516' title='bbox 1829 5163 2074 5234; x_wconf 89' lang='lat' dir='ltr'><strong>petentis,</strong></span> <span class='ocrx_word' id='word_1_517' title='bbox 2099 5158 2167 5214; x_wconf 91' lang='lat' dir='ltr'><strong>ad</strong></span> 
     </span>
    </p>
   </div>
   <div class='ocr_carea' id='block_1_59' title="bbox 589 5255 2172 5345">
    <p class='ocr_par' dir='ltr' id='par_1_59' title="bbox 589 5255 2172 5345">
     <span class='ocr_line' id='line_1_71' title="bbox 589 5255 2172 5345; baseline -0.025 0"><span class='ocrx_word' id='word_1_518' title='bbox 589 5285 908 5345; x_wconf 85' lang='lat' dir='ltr'><strong>sententiam</strong></span> <span class='ocrx_word' id='word_1_519' title='bbox 947 5255 1083 5333; x_wconf 76' lang='lat' dir='ltr'><strong>nihil</strong></span> <span class='ocrx_word' id='word_1_520' title='bbox 1127 5275 1364 5328; x_wconf 88' lang='lat' dir='ltr'><strong>interest.</strong></span> <span class='ocrx_word' id='word_1_521' title='bbox 1413 5257 1860 5321; x_wconf 88' lang='lat' dir='ltr'><strong>Commemoravit</strong></span> <span class='ocrx_word' id='word_1_522' title='bbox 1900 5255 2069 5310; x_wconf 89' lang='lat' dir='ltr'><strong>Lucas</strong></span> <span class='ocrx_word' id='word_1_523' title='bbox 2117 5258 2172 5306; x_wconf 94' lang='lat' dir='ltr'><strong>et</strong></span> 
     </span>
    </p>
   </div>
   <div class='ocr_carea' id='block_1_60' title="bbox 587 5343 2172 5437">
    <p class='ocr_par' dir='ltr' id='par_1_60' title="bbox 587 5343 2172 5437">
     <span class='ocr_line' id='line_1_72' title="bbox 587 5343 2172 5437; baseline -0.026 -2"><span class='ocrx_word' id='word_1_524' title='bbox 587 5380 750 5435; x_wconf 82' lang='lat' dir='ltr'><strong>alium</strong></span> <span class='ocrx_word' id='word_1_525' title='bbox 777 5374 994 5435; x_wconf 77' lang='lat' dir='ltr'><strong>dixisse,</strong></span> <span class='ocrx_word' id='word_1_526' title='bbox 1026 5367 1220 5437; x_wconf 85' lang='lat' dir='ltr'><strong><em>Sequar</em></strong></span> <span class='ocrx_word' id='word_1_527' title='bbox 1245 5372 1311 5426; x_wconf 89' lang='lat' dir='ltr'><strong>te,</strong></span> <span class='ocrx_word' id='word_1_528' title='bbox 1337 5357 1568 5419; x_wconf 84' lang='lat' dir='ltr'><strong><em>Domine,</em></strong></span> <span class='ocrx_word' id='word_1_529' title='bbox 1592 5352 1680 5408; x_wconf 91' lang='lat' dir='ltr'><strong>sed</strong></span> <span class='ocrx_word' id='word_1_530' title='bbox 1706 5350 1921 5421; x_wconf 85' lang='lat' dir='ltr'><strong><em>primum</em></strong></span> <span class='ocrx_word' id='word_1_531' title='bbox 1946 5343 2172 5416; x_wconf 85' lang='lat' dir='ltr'><strong><em>permitte</em></strong></span> 
     </span>
    </p>
   </div>
   <div class='ocr_carea' id='block_1_61' title="bbox 591 5433 2172 5526">
    <p class='ocr_par' dir='ltr' id='par_1_61' title="bbox 591 5433 2172 5526">
     <span class='ocr_line' id='line_1_73' title="bbox 591 5433 2172 5526; baseline -0.024 -2"><span class='ocrx_word' id='word_1_532' title='bbox 591 5471 716 5526; x_wconf 85' lang='lat' dir='ltr'><strong><em>mihi</em></strong></span> <span class='ocrx_word' id='word_1_533' title='bbox 737 5433 1023 5521; x_wconf 81' lang='lat' dir='ltr'><strong><em>renuntiare</em></strong></span> <span class='ocrx_word' id='word_1_534' title='bbox 1044 5433 1121 5512; x_wconf 85' lang='lat' dir='ltr'><strong>his</strong></span> <span class='ocrx_word' id='word_1_535' title='bbox 1141 5456 1226 5523; x_wconf 87' lang='lat' dir='ltr'><strong><em>qui</em></strong></span> <span class='ocrx_word' id='word_1_536' title='bbox 1255 5451 1391 5507; x_wconf 88' lang='lat' dir='ltr'><strong><em>domi</em></strong></span> <span class='ocrx_word' id='word_1_537' title='bbox 1415 5447 1590 5512; x_wconf 70' lang='lat' dir='ltr'><strong><em>sunt‘;</em></strong></span> <span class='ocrx_word' id='word_1_538' title='bbox 1613 5443 1681 5499; x_wconf 91' lang='lat' dir='ltr'><strong>de</strong></span> <span class='ocrx_word' id='word_1_539' title='bbox 1713 5457 1820 5513; x_wconf 89' lang='lat' dir='ltr'><strong>quo</strong></span> <span class='ocrx_word' id='word_1_540' title='bbox 1859 5445 1999 5494; x_wconf 87' lang='lat' dir='ltr'><strong>tacet</strong></span> <span class='ocrx_word' id='word_1_541' title='bbox 2037 5433 2172 5489; x_wconf 86' lang='lat' dir='ltr'><strong>Mat-</strong></span> 
     </span>
    </p>
   </div>
   <div class='ocr_carea' id='block_1_62' title="bbox 597 5521 2176 5621">
    <p class='ocr_par' dir='ltr' id='par_1_62' title="bbox 597 5521 2176 5621">
     <span class='ocr_line' id='line_1_74' title="bbox 597 5521 2176 5621; baseline -0.027 -4"><span class='ocrx_word' id='word_1_542' title='bbox 597 5563 791 5617; x_wconf 74' lang='lat' dir='ltr'><strong>tlneus.</strong></span> <span class='ocrx_word' id='word_1_543' title='bbox 813 5554 937 5610; x_wconf 89' lang='lat' dir='ltr'><strong>inde</strong></span> <span class='ocrx_word' id='word_1_544' title='bbox 962 5552 1072 5621; x_wconf 87' lang='lat' dir='ltr'><strong>jam</strong></span> <span class='ocrx_word' id='word_1_545' title='bbox 1109 5548 1282 5602; x_wconf 87' lang='lat' dir='ltr'><strong>Lucas</strong></span> <span class='ocrx_word' id='word_1_546' title='bbox 1306 5544 1361 5598; x_wconf 90' lang='lat' dir='ltr'><strong>in</strong></span> <span class='ocrx_word' id='word_1_547' title='bbox 1385 5538 1527 5596; x_wconf 88' lang='lat' dir='ltr'><strong>aliud</strong></span> <span class='ocrx_word' id='word_1_548' title='bbox 1556 5533 1809 5608; x_wconf 79' lang='lat' dir='ltr'><strong>perrexit,</strong></span> <span class='ocrx_word' id='word_1_549' title='bbox 1839 5544 1943 5585; x_wconf 91' lang='lat' dir='ltr'><strong>non</strong></span> <span class='ocrx_word' id='word_1_550' title='bbox 1972 5528 2024 5581; x_wconf 89' lang='lat' dir='ltr'><strong>in</strong></span> <span class='ocrx_word' id='word_1_551' title='bbox 2049 5521 2176 5579; x_wconf 93' lang='lat' dir='ltr'><strong>illud</strong></span> 
     </span>
    </p>
   </div>
   <div class='ocr_carea' id='block_1_63' title="bbox 599 5617 2176 5728">
    <p class='ocr_par' dir='ltr' id='par_1_63' title="bbox 599 5617 2176 5728">
     <span class='ocr_line' id='line_1_75' title="bbox 599 5617 2176 5728; baseline -0.027 -18"><span class='ocrx_word' id='word_1_552' title='bbox 599 5655 741 5728; x_wconf 91' lang='lat' dir='ltr'><strong>quod</strong></span> <span class='ocrx_word' id='word_1_553' title='bbox 769 5649 953 5706; x_wconf 87' lang='lat' dir='ltr'><strong>ordine</strong></span> <span class='ocrx_word' id='word_1_554' title='bbox 964 5617 1229 5713; x_wconf 67' lang='lat' dir='ltr'><strong>temporis</strong></span> <span class='ocrx_word' id='word_1_555' title='bbox 1257 5634 1590 5708; x_wconf 85' lang='lat' dir='ltr'><strong>sequebatur.</strong></span> <span class='ocrx_word' id='word_1_556' title='bbox 1613 5628 1739 5683; x_wconf 87' lang='lat' dir='ltr'><strong><em>Post</em></strong></span> <span class='ocrx_word' id='word_1_557' title='bbox 1759 5626 1867 5679; x_wconf 81' lang='lat' dir='ltr'><strong>Itwc</strong></span> <span class='ocrx_word' id='word_1_558' title='bbox 1886 5629 2068 5683; x_wconf 87' lang='lat' dir='ltr'><strong><em>autem,</em></strong></span> <span class='ocrx_word' id='word_1_559' title='bbox 2093 5617 2176 5670; x_wconf 88' lang='lat' dir='ltr'><strong>in-</strong></span> 
     </span>
    </p>
   </div>
   <div class='ocr_carea' id='block_1_64' title="bbox 665 5799 2184 5899">
    <p class='ocr_par' dir='ltr' id='par_1_64' title="bbox 665 5799 2184 5899">
     <span class='ocr_line' id='line_1_76' title="bbox 665 5799 2184 5899; baseline 0 0"><span class='ocrx_word' id='word_1_560' title='bbox 665 5828 779 5899; x_wconf 56' lang='lat' dir='ltr'><strong>‘éic.</strong></span> <span class='ocrx_word' id='word_1_561' title='bbox 799 5826 1002 5899; x_wconf 52' lang='lat' dir='ltr'><strong>esse:</strong></span> <span class='ocrx_word' id='word_1_562' title='bbox 1010 5799 2062 5899; x_wconf 54' lang='lat' dir='ltr'><strong>-3“‘1‘.°.E§9§PB£L?B§1?.:.3“‘i’:‘s.~ﬁ°‘li°l‘£l</strong></span> <span class='ocrx_word' id='word_1_563' title='bbox 2093 5799 2184 5899; x_wconf 67' lang='lat' dir='ltr'><strong>i2.“</strong></span> 
     </span>
    </p>
   </div>
   <div class='ocr_carea' id='block_1_65' title="bbox 623 5853 2182 5947">
    <p class='ocr_par' dir='ltr' id='par_1_65' title="bbox 623 5853 2182 5947">
     <span class='ocr_line' id='line_1_77' title="bbox 623 5853 2182 5947; baseline -0.021 -12"><span class='ocrx_word' id='word_1_564' title='bbox 623 5853 1667 5947; x_wconf 22' lang='lat' dir='ltr'><strong>milia,E’Fehui’inifjéi&quot;cz§£éfaasaausus</strong></span> <span class='ocrx_word' id='word_1_565' title='bbox 1695 5870 1764 5914; x_wconf 81' lang='lat' dir='ltr'><strong>At.</strong></span> <span class='ocrx_word' id='word_1_566' title='bbox 1789 5867 1863 5909; x_wconf 80' lang='lat' dir='ltr'><strong>Er.</strong></span> <span class='ocrx_word' id='word_1_567' title='bbox 1892 5865 1942 5908; x_wconf 88' lang='lat' dir='ltr'><strong>et</strong></span> <span class='ocrx_word' id='word_1_568' title='bbox 1967 5864 2075 5906; x_wconf 74' lang='grc' dir='ltr'><strong>ιον.</strong></span> <span class='ocrx_word' id='word_1_569' title='bbox 2095 5853 2182 5908; x_wconf 75' lang='lat' dir='ltr'><strong>lia-</strong></span> 
     </span>
    </p>
   </div>
   <div class='ocr_carea' id='block_1_66' title="bbox 646 6441 1377 6462">
    <p class='ocr_par' dir='ltr' id='par_1_66' title="bbox 646 6452 1377 6460">
     <span class='ocr_line' id='line_1_78' title="bbox 646 6452 1377 6460; baseline -0.026 -1"><span class='ocrx_word' id='word_1_570' title='bbox 646 6452 1377 6460; x_wconf 53' lang='lat'><strong>—._—________—</strong></span> 
     </span>
    </p>
   </div>
   <div class='ocr_carea' id='block_1_67' title="bbox 2225 1185 3737 1268">
    <p class='ocr_par' dir='ltr' id='par_1_67' title="bbox 2225 1185 3737 1268">
     <span class='ocr_line' id='line_1_79' title="bbox 2225 1185 3737 1268; baseline -0.024 -2"><span class='ocrx_word' id='word_1_571' title='bbox 2225 1213 2361 1266; x_wconf 85' lang='lat' dir='ltr'><strong><em>mivit</em></strong></span> <span class='ocrx_word' id='word_1_572' title='bbox 2393 1210 2447 1262; x_wconf 89' lang='lat' dir='ltr'><strong>in</strong></span> <span class='ocrx_word' id='word_1_573' title='bbox 2480 1204 2728 1268; x_wconf 76' lang='lat' dir='ltr'><strong><em>navicula,</em></strong></span> <span class='ocrx_word' id='word_1_574' title='bbox 2759 1209 2803 1255; x_wconf 93' lang='lat' dir='ltr'><strong><em>et</em></strong></span> <span class='ocrx_word' id='word_1_575' title='bbox 2831 1199 2893 1252; x_wconf 88' lang='lat' dir='ltr'><strong><em>de</em></strong></span> <span class='ocrx_word' id='word_1_576' title='bbox 2917 1193 3138 1265; x_wconf 70' lang='lat' dir='ltr'><strong><em>expulsis</em></strong></span> <span class='ocrx_word' id='word_1_577' title='bbox 3164 1185 3440 1250; x_wconf 77' lang='lat' dir='ltr'><strong><em>deemoniis,</em></strong></span> <span class='ocrx_word' id='word_1_578' title='bbox 3471 1197 3594 1252; x_wconf 90' lang='lat' dir='ltr'><strong><em>quos</em></strong></span> <span class='ocrx_word' id='word_1_579' title='bbox 3623 1193 3737 1248; x_wconf 85' lang='lat' dir='ltr'><strong><em>per-</em></strong></span> 
     </span>
    </p>
   </div>
   <div class='ocr_carea' id='block_1_68' title="bbox 2228 1274 3739 1369">
    <p class='ocr_par' dir='ltr' id='par_1_68' title="bbox 2228 1274 3739 1369">
     <span class='ocr_line' id='line_1_80' title="bbox 2228 1274 3739 1369; baseline -0.024 -12"><span class='ocrx_word' id='word_1_580' title='bbox 2228 1303 2360 1357; x_wconf 88' lang='lat' dir='ltr'><strong><em>misit</em></strong></span> <span class='ocrx_word' id='word_1_581' title='bbox 2389 1301 2442 1353; x_wconf 86' lang='lat' dir='ltr'><strong>in</strong></span> <span class='ocrx_word' id='word_1_582' title='bbox 2464 1313 2662 1369; x_wconf 85' lang='lat' dir='ltr'><strong><em>porcos,</em></strong></span> <span class='ocrx_word' id='word_1_583' title='bbox 2688 1288 2935 1364; x_wconf 88' lang='lat' dir='ltr'><strong><em>quomodo</em></strong></span> <span class='ocrx_word' id='word_1_584' title='bbox 2960 1303 3017 1340; x_wconf 91' lang='lat' dir='ltr'><strong>ea</strong></span> <span class='ocrx_word' id='word_1_585' title='bbox 3034 1299 3147 1356; x_wconf 70' lang='lat' dir='ltr'><strong><em>qua:</em></strong></span> <span class='ocrx_word' id='word_1_586' title='bbox 3172 1290 3312 1351; x_wconf 84' lang='lat' dir='ltr'><strong><em>gesta</em></strong></span> <span class='ocrx_word' id='word_1_587' title='bbox 3337 1275 3414 1330; x_wconf 83' lang='lat' dir='ltr'><strong><em>vel</em></strong></span> <span class='ocrx_word' id='word_1_588' title='bbox 3447 1274 3580 1327; x_wconf 88' lang='lat' dir='ltr'><strong><em>dicta</em></strong></span> <span class='ocrx_word' id='word_1_589' title='bbox 3600 1278 3739 1333; x_wconf 88' lang='lat' dir='ltr'><strong><em>sunt,</em></strong></span> 
     </span>
    </p>
   </div>
   <div class='ocr_carea' id='block_1_69' title="bbox 2231 1368 3599 1451">
    <p class='ocr_par' dir='ltr' id='par_1_69' title="bbox 2231 1368 3599 1451">
     <span class='ocr_line' id='line_1_81' title="bbox 2231 1368 3599 1451; baseline -0.026 0"><span class='ocrx_word' id='word_1_590' title='bbox 2231 1393 2524 1451; x_wconf 85' lang='lat' dir='ltr'><strong><em>conveniant</em></strong></span> <span class='ocrx_word' id='word_1_591' title='bbox 2550 1391 2679 1442; x_wconf 89' lang='lat' dir='ltr'><strong><em>inter</em></strong></span> <span class='ocrx_word' id='word_1_592' title='bbox 2704 1385 3032 1446; x_wconf 78' lang='lat' dir='ltr'><strong><em>Mattlueum,</em></strong></span> <span class='ocrx_word' id='word_1_593' title='bbox 3064 1378 3298 1430; x_wconf 83' lang='lat' dir='ltr'><strong><em>Marcum</em></strong></span> <span class='ocrx_word' id='word_1_594' title='bbox 3321 1377 3365 1424; x_wconf 90' lang='lat' dir='ltr'><strong><em>et</em></strong></span> <span class='ocrx_word' id='word_1_595' title='bbox 3389 1368 3599 1421; x_wconf 84' lang='lat' dir='ltr'><strong><em>Lucam.</em></strong></span> 
     </span>
    </p>
   </div>
   <div class='ocr_carea' id='block_1_70' title="bbox 2234 1452 3746 1543">
    <p class='ocr_par' dir='ltr' id='par_1_70' title="bbox 2234 1452 3746 1543">
     <span class='ocr_line' id='line_1_82' title="bbox 2234 1452 3746 1543; baseline -0.025 -1"><span class='ocrx_word' id='word_1_596' title='bbox 2234 1489 2322 1543; x_wconf 80' lang='lat'><strong>55.</strong></span> <span class='ocrx_word' id='word_1_597' title='bbox 2345 1483 2412 1538; x_wconf 88' lang='lat' dir='ltr'><strong><em>Et</em></strong></span> <span class='ocrx_word' id='word_1_598' title='bbox 2427 1479 2720 1536; x_wconf 88' lang='lat' dir='ltr'><strong><em>ascendente</em></strong></span> <span class='ocrx_word' id='word_1_599' title='bbox 2740 1491 2798 1529; x_wconf 93' lang='lat' dir='ltr'><strong><em>eo</em></strong></span> <span class='ocrx_word' id='word_1_600' title='bbox 2818 1474 2872 1527; x_wconf 90' lang='lat' dir='ltr'><strong>in</strong></span> <span class='ocrx_word' id='word_1_601' title='bbox 2891 1468 3194 1530; x_wconf 83' lang='lat' dir='ltr'><strong><em>nauiculam,</em></strong></span> <span class='ocrx_word' id='word_1_602' title='bbox 3213 1461 3367 1518; x_wconf 88' lang='lat' dir='ltr'><strong><em>secuti</em></strong></span> <span class='ocrx_word' id='word_1_603' title='bbox 3385 1466 3499 1514; x_wconf 89' lang='lat' dir='ltr'><strong><em>sunt</em></strong></span> <span class='ocrx_word' id='word_1_604' title='bbox 3512 1471 3622 1511; x_wconf 88' lang='lat' dir='ltr'><strong>eum</strong></span> <span class='ocrx_word' id='word_1_605' title='bbox 3642 1452 3746 1505; x_wconf 84' lang='lat' dir='ltr'><strong><em>dis-</em></strong></span> 
     </span>
    </p>
   </div>
   <div class='ocr_carea' id='block_1_71' title="bbox 2166 1549 3750 1652">
    <p class='ocr_par' dir='ltr' id='par_1_71' title="bbox 2166 1549 3750 1652">
     <span class='ocr_line' id='line_1_83' title="bbox 2166 1549 3750 1652; baseline -0.025 -17"><span class='ocrx_word' id='word_1_606' title='bbox 2166 1579 2320 1652; x_wconf 87' lang='lat' dir='ltr'><strong><em>cipuli</em></strong></span> <span class='ocrx_word' id='word_1_607' title='bbox 2334 1577 2441 1648; x_wconf 84' lang='lat' dir='ltr'><strong><em>ejus</em></strong></span> <span class='ocrx_word' id='word_1_608' title='bbox 2461 1592 2477 1629; x_wconf 91' lang='lat'><strong><em>:</em></strong></span> <span class='ocrx_word' id='word_1_609' title='bbox 2500 1583 2545 1628; x_wconf 93' lang='lat' dir='ltr'><strong><em>et</em></strong></span> <span class='ocrx_word' id='word_1_610' title='bbox 2558 1587 2668 1626; x_wconf 91' lang='lat' dir='ltr'><strong><em>ecce</em></strong></span> <span class='ocrx_word' id='word_1_611' title='bbox 2681 1578 2845 1624; x_wconf 89' lang='lat' dir='ltr'><strong><em>motus</em></strong></span> <span class='ocrx_word' id='word_1_612' title='bbox 2857 1578 3068 1635; x_wconf 88' lang='lat' dir='ltr'><strong><em>magnus</em></strong></span> <span class='ocrx_word' id='word_1_613' title='bbox 3085 1560 3250 1629; x_wconf 76' lang='lat' dir='ltr'><strong><em>{actus</em></strong></span> <span class='ocrx_word' id='word_1_614' title='bbox 3261 1565 3332 1610; x_wconf 88' lang='lat' dir='ltr'><strong>est</strong></span> <span class='ocrx_word' id='word_1_615' title='bbox 3346 1553 3400 1607; x_wconf 90' lang='lat' dir='ltr'><strong>in</strong></span> <span class='ocrx_word' id='word_1_616' title='bbox 3415 1549 3567 1613; x_wconf 87' lang='lat' dir='ltr'><strong><em>mari;</em></strong></span> <span class='ocrx_word' id='word_1_617' title='bbox 3582 1557 3750 1616; x_wconf 84' lang='lat' dir='ltr'><strong>usque</strong></span> 
     </span>
    </p>
   </div>
   <div class='ocr_carea' id='block_1_72' title="bbox 2169 1637 3753 1728">
    <p class='ocr_par' dir='ltr' id='par_1_72' title="bbox 2169 1637 3753 1728">
     <span class='ocr_line' id='line_1_84' title="bbox 2169 1637 3753 1728; baseline -0.024 0"><span class='ocrx_word' id='word_1_618' title='bbox 2169 1637 2234 1728; x_wconf 79' lang='lat' dir='ltr'><strong>ad</strong></span> <span class='ocrx_word' id='word_1_619' title='bbox 2262 1637 2388 1726; x_wconf 69' lang='lat' dir='ltr'><strong>illud</strong></span> <span class='ocrx_word' id='word_1_620' title='bbox 2420 1667 2507 1722; x_wconf 89' lang='lat' dir='ltr'><strong>ubi</strong></span> <span class='ocrx_word' id='word_1_621' title='bbox 2535 1667 2608 1720; x_wconf 90' lang='lat' dir='ltr'><strong>ait</strong></span> <span class='ocrx_word' id='word_1_622' title='bbox 2635 1661 2739 1717; x_wconf 91' lang='lat' dir='ltr'><strong>:Et</strong></span> <span class='ocrx_word' id='word_1_623' title='bbox 2761 1660 2892 1714; x_wconf 78' lang='lat' dir='ltr'><strong><em>venit</em></strong></span> <span class='ocrx_word' id='word_1_624' title='bbox 2918 1660 2973 1711; x_wconf 88' lang='lat' dir='ltr'><strong>in</strong></span> <span class='ocrx_word' id='word_1_625' title='bbox 3004 1654 3250 1709; x_wconf 84' lang='lat' dir='ltr'><strong><em>civitatem</em></strong></span> <span class='ocrx_word' id='word_1_626' title='bbox 3281 1663 3444 1702; x_wconf 87' lang='lat' dir='ltr'><strong><em>suam.</em></strong></span> <span class='ocrx_word' id='word_1_627' title='bbox 3501 1644 3608 1697; x_wconf 85' lang='lat' dir='ltr'><strong>Ista</strong></span> <span class='ocrx_word' id='word_1_628' title='bbox 3647 1637 3753 1692; x_wconf 90' lang='lat' dir='ltr'><strong>duo</strong></span> 
     </span>
    </p>
   </div>
   <div class='ocr_carea' id='block_1_73' title="bbox 2172 1731 3756 1824">
    <p class='ocr_par' dir='ltr' id='par_1_73' title="bbox 2172 1731 3756 1824">
     <span class='ocr_line' id='line_1_85' title="bbox 2172 1731 3756 1824; baseline -0.023 -5"><span class='ocrx_word' id='word_1_629' title='bbox 2172 1764 2309 1819; x_wconf 82' lang='lat' dir='ltr'><strong>facta</strong></span> <span class='ocrx_word' id='word_1_630' title='bbox 2333 1757 2679 1816; x_wconf 89' lang='lat' dir='ltr'><strong>continuatim</strong></span> <span class='ocrx_word' id='word_1_631' title='bbox 2697 1768 2814 1824; x_wconf 66' lang='lat' dir='ltr'><strong>qua:</strong></span> <span class='ocrx_word' id='word_1_632' title='bbox 2834 1757 3014 1805; x_wconf 88' lang='lat' dir='ltr'><strong>narrat</strong></span> <span class='ocrx_word' id='word_1_633' title='bbox 3033 1744 3309 1800; x_wconf 82' lang='lat' dir='ltr'><strong>Matthaeus</strong></span> <span class='ocrx_word' id='word_1_634' title='bbox 3328 1738 3395 1793; x_wconf 89' lang='lat' dir='ltr'><strong>de</strong></span> <span class='ocrx_word' id='word_1_635' title='bbox 3414 1731 3756 1803; x_wconf 88' lang='lat' dir='ltr'><strong>trauquillato</strong></span> 
     </span>
    </p>
   </div>
   <div class='ocr_carea' id='block_1_74' title="bbox 2176 1831 3758 1923">
    <p class='ocr_par' dir='ltr' id='par_1_74' title="bbox 2176 1831 3758 1923">
     <span class='ocr_line' id='line_1_86' title="bbox 2176 1831 3758 1923; baseline -0.024 -11"><span class='ocrx_word' id='word_1_636' title='bbox 2176 1857 2332 1920; x_wconf 90' lang='lat' dir='ltr'><strong>mari,</strong></span> <span class='ocrx_word' id='word_1_637' title='bbox 2360 1862 2703 1923; x_wconf 87' lang='lat' dir='ltr'><strong>posteaquam</strong></span> <span class='ocrx_word' id='word_1_638' title='bbox 2750 1843 2925 1899; x_wconf 87' lang='lat' dir='ltr'><strong>ventis</strong></span> <span class='ocrx_word' id='word_1_639' title='bbox 2966 1835 3244 1909; x_wconf 83' lang='lat' dir='ltr'><strong>imperavit</strong></span> <span class='ocrx_word' id='word_1_640' title='bbox 3293 1831 3449 1887; x_wconf 85' lang='lat' dir='ltr'><strong>Jesus</strong></span> <span class='ocrx_word' id='word_1_641' title='bbox 3499 1841 3529 1880; x_wconf 86' lang='lat' dir='ltr'><strong>a</strong></span> <span class='ocrx_word' id='word_1_642' title='bbox 3569 1835 3758 1878; x_wconf 90' lang='lat' dir='ltr'><strong>somno</strong></span> 
     </span>
    </p>
   </div>
   <div class='ocr_carea' id='block_1_75' title="bbox 2179 1913 3760 2009">
    <p class='ocr_par' dir='ltr' id='par_1_75' title="bbox 2179 1913 3760 2009">
     <span class='ocr_line' id='line_1_87' title="bbox 2179 1913 3760 2009; baseline -0.024 -7"><span class='ocrx_word' id='word_1_643' title='bbox 2179 1947 2456 2009; x_wconf 77' lang='lat' dir='ltr'><strong>excitatus,</strong></span> <span class='ocrx_word' id='word_1_644' title='bbox 2488 1913 2629 1996; x_wconf 78' lang='lat' dir='ltr'><strong>etde</strong></span> <span class='ocrx_word' id='word_1_645' title='bbox 2659 1937 2761 1992; x_wconf 91' lang='lat' dir='ltr'><strong>illis</strong></span> <span class='ocrx_word' id='word_1_646' title='bbox 2789 1934 2878 2005; x_wconf 93' lang='lat' dir='ltr'><strong>qui</strong></span> <span class='ocrx_word' id='word_1_647' title='bbox 2902 1928 3172 1986; x_wconf 85' lang='lat' dir='ltr'><strong>habebant</strong></span> <span class='ocrx_word' id='word_1_648' title='bbox 3188 1935 3388 1979; x_wconf 78' lang='lat' dir='ltr'><strong>szevum</strong></span> <span class='ocrx_word' id='word_1_649' title='bbox 3415 1913 3760 1975; x_wconf 67' lang='lat' dir='ltr'><strong>daemonium,</strong></span> 
     </span>
    </p>
   </div>
   <div class='ocr_carea' id='block_1_76' title="bbox 2181 2003 3766 2105">
    <p class='ocr_par' dir='ltr' id='par_1_76' title="bbox 2181 2003 3766 2105">
     <span class='ocr_line' id='line_1_88' title="bbox 2181 2003 3766 2105; baseline -0.023 -13"><span class='ocrx_word' id='word_1_650' title='bbox 2181 2037 2455 2105; x_wconf 88' lang='lat' dir='ltr'><strong>ruptisque</strong></span> <span class='ocrx_word' id='word_1_651' title='bbox 2495 2029 2723 2085; x_wconf 88' lang='lat' dir='ltr'><strong>vinculis</strong></span> <span class='ocrx_word' id='word_1_652' title='bbox 2762 2003 3054 2096; x_wconf 61' lang='lat' dir='ltr'><strong>agebantur</strong></span> <span class='ocrx_word' id='word_1_653' title='bbox 3096 2018 3150 2072; x_wconf 91' lang='lat' dir='ltr'><strong>in</strong></span> <span class='ocrx_word' id='word_1_654' title='bbox 3185 2014 3477 2076; x_wconf 89' lang='lat' dir='ltr'><strong>desertum,</strong></span> <span class='ocrx_word' id='word_1_655' title='bbox 3521 2003 3766 2062; x_wconf 83' lang='lat' dir='ltr'><strong>similiter</strong></span> 
     </span>
    </p>
   </div>
   <div class='ocr_carea' id='block_1_77' title="bbox 2186 2093 3767 2183">
    <p class='ocr_par' dir='ltr' id='par_1_77' title="bbox 2186 2093 3767 2183">
     <span class='ocr_line' id='line_1_89' title="bbox 2186 2093 3767 2183; baseline -0.024 -1"><span class='ocrx_word' id='word_1_656' title='bbox 2186 2093 2403 2182; x_wconf 67' lang='lat' dir='ltr'><strong>narrant</strong></span> <span class='ocrx_word' id='word_1_657' title='bbox 2447 2123 2652 2177; x_wconf 86' lang='lat' dir='ltr'><strong>Marcus</strong></span> <span class='ocrx_word' id='word_1_658' title='bbox 2696 2125 2750 2173; x_wconf 90' lang='lat' dir='ltr'><strong>et</strong></span> <span class='ocrx_word' id='word_1_659' title='bbox 2793 2093 2963 2170; x_wconf 68' lang='lat' dir='ltr'><strong>Lucas</strong></span> <span class='ocrx_word' id='word_1_660' title='bbox 2989 2108 3196 2183; x_wconf 85' lang='lat' dir='ltr'><strong><em>(Matth.</em></strong></span> <span class='ocrx_word' id='word_1_661' title='bbox 3224 2117 3352 2169; x_wconf 86' lang='lat' dir='ltr'><strong>vut,</strong></span> <span class='ocrx_word' id='word_1_662' title='bbox 3378 2098 3565 2163; x_wconf 65' lang='lat'><strong>23—34,</strong></span> <span class='ocrx_word' id='word_1_663' title='bbox 3601 2093 3767 2148; x_wconf 81' lang='lat' dir='ltr'><strong><em>Marc.</em></strong></span> 
     </span>
    </p>
   </div>
   <div class='ocr_carea' id='block_1_78' title="bbox 2189 2184 3773 2283">
    <p class='ocr_par' dir='ltr' id='par_1_78' title="bbox 2189 2184 3773 2283">
     <span class='ocr_line' id='line_1_90' title="bbox 2189 2184 3773 2283; baseline -0.025 -9"><span class='ocrx_word' id='word_1_664' title='bbox 2189 2234 2260 2283; x_wconf 83' lang='lat' dir='ltr'><strong>IV,</strong></span> <span class='ocrx_word' id='word_1_665' title='bbox 2288 2217 2388 2278; x_wconf 77' lang='lat'><strong>36;</strong></span> <span class='ocrx_word' id='word_1_666' title='bbox 2417 2232 2470 2282; x_wconf 88' lang='lat' dir='ltr'><strong>v,</strong></span> <span class='ocrx_word' id='word_1_667' title='bbox 2501 2214 2588 2279; x_wconf 85' lang='lat' dir='ltr'><strong>l7,</strong></span> <span class='ocrx_word' id='word_1_668' title='bbox 2632 2219 2675 2264; x_wconf 90' lang='lat' dir='ltr'><strong>et</strong></span> <span class='ocrx_word' id='word_1_669' title='bbox 2702 2208 2829 2262; x_wconf 89' lang='lat' dir='ltr'><strong><em>Luc.</em></strong></span> <span class='ocrx_word' id='word_1_670' title='bbox 2861 2197 3180 2269; x_wconf 69' lang='lat' dir='ltr'><strong>vut,22-57)</strong></span> <span class='ocrx_word' id='word_1_671' title='bbox 3203 2192 3412 2249; x_wconf 91' lang='lat' dir='ltr'><strong>:verbis</strong></span> <span class='ocrx_word' id='word_1_672' title='bbox 3452 2187 3571 2243; x_wconf 85' lang='lat' dir='ltr'><strong>aliis</strong></span> <span class='ocrx_word' id='word_1_673' title='bbox 3616 2184 3773 2239; x_wconf 70' lang='lat' dir='ltr'><strong>dicta:</strong></span> 
     </span>
    </p>
   </div>
   <div class='ocr_carea' id='block_1_79' title="bbox 2192 2284 3776 2372">
    <p class='ocr_par' dir='ltr' id='par_1_79' title="bbox 2192 2284 3776 2372">
     <span class='ocr_line' id='line_1_91' title="bbox 2192 2284 3776 2372; baseline -0.023 -6"><span class='ocrx_word' id='word_1_674' title='bbox 2192 2318 2316 2366; x_wconf 92' lang='lat' dir='ltr'><strong>sunt</strong></span> <span class='ocrx_word' id='word_1_675' title='bbox 2337 2309 2404 2363; x_wconf 87' lang='lat' dir='ltr'><strong>ab</strong></span> <span class='ocrx_word' id='word_1_676' title='bbox 2432 2307 2536 2361; x_wconf 90' lang='lat' dir='ltr'><strong>alio</strong></span> <span class='ocrx_word' id='word_1_677' title='bbox 2563 2312 2720 2372; x_wconf 86' lang='lat' dir='ltr'><strong>atque</strong></span> <span class='ocrx_word' id='word_1_678' title='bbox 2747 2299 2848 2354; x_wconf 88' lang='lat' dir='ltr'><strong>alio</strong></span> <span class='ocrx_word' id='word_1_679' title='bbox 2877 2294 3121 2366; x_wconf 66' lang='lat' dir='ltr'><strong>quaedam</strong></span> <span class='ocrx_word' id='word_1_680' title='bbox 3144 2284 3441 2346; x_wconf 87' lang='lat' dir='ltr'><strong>sententiae,</strong></span> <span class='ocrx_word' id='word_1_681' title='bbox 3459 2296 3564 2336; x_wconf 92' lang='lat' dir='ltr'><strong>non</strong></span> <span class='ocrx_word' id='word_1_682' title='bbox 3593 2288 3776 2332; x_wconf 88' lang='lat' dir='ltr'><strong>tamen</strong></span> 
     </span>
    </p>
   </div>
   <div class='ocr_carea' id='block_1_80' title="bbox 2195 2371 3776 2465">
    <p class='ocr_par' dir='ltr' id='par_1_80' title="bbox 2195 2371 3776 2465">
     <span class='ocr_line' id='line_1_92' title="bbox 2195 2371 3776 2465; baseline -0.023 -7"><span class='ocrx_word' id='word_1_683' title='bbox 2195 2404 2336 2465; x_wconf 74' lang='lat' dir='ltr'><strong>alize,</strong></span> <span class='ocrx_word' id='word_1_684' title='bbox 2369 2399 2514 2454; x_wconf 90' lang='lat' dir='ltr'><strong>velut</strong></span> <span class='ocrx_word' id='word_1_685' title='bbox 2543 2371 2668 2450; x_wconf 87' lang='lat' dir='ltr'><strong>illud</strong></span> <span class='ocrx_word' id='word_1_686' title='bbox 2712 2391 2854 2463; x_wconf 90' lang='lat' dir='ltr'><strong>quod</strong></span> <span class='ocrx_word' id='word_1_687' title='bbox 2897 2403 3018 2445; x_wconf 92' lang='lat' dir='ltr'><strong>eum</strong></span> <span class='ocrx_word' id='word_1_688' title='bbox 3066 2383 3192 2439; x_wconf 90' lang='lat' dir='ltr'><strong>dicit</strong></span> <span class='ocrx_word' id='word_1_689' title='bbox 3239 2379 3438 2434; x_wconf 81' lang='lat' dir='ltr'><strong>dixisse</strong></span> <span class='ocrx_word' id='word_1_690' title='bbox 3475 2371 3776 2436; x_wconf 71' lang='lat' dir='ltr'><strong>Mattlmus,</strong></span> 
     </span>
    </p>
   </div>
   <div class='ocr_carea' id='block_1_81' title="bbox 2202 2459 3782 2560">
    <p class='ocr_par' dir='ltr' id='par_1_81' title="bbox 2202 2459 3782 2560">
     <span class='ocr_line' id='line_1_93' title="bbox 2202 2459 3782 2560; baseline -0.023 -11"><span class='ocrx_word' id='word_1_691' title='bbox 2202 2459 2337 2560; x_wconf 83' lang='lat' dir='ltr'><strong><em>Quid</em></strong></span> <span class='ocrx_word' id='word_1_692' title='bbox 2368 2489 2528 2546; x_wconf 85' lang='lat' dir='ltr'><strong><em>timidi</em></strong></span> <span class='ocrx_word' id='word_1_693' title='bbox 2553 2488 2688 2551; x_wconf 85' lang='lat' dir='ltr'><strong><em>estis,</em></strong></span> <span class='ocrx_word' id='word_1_694' title='bbox 2717 2459 2926 2537; x_wconf 76' lang='lat' dir='ltr'><strong><em>modica:</em></strong></span> <span class='ocrx_word' id='word_1_695' title='bbox 2952 2477 3106 2548; x_wconf 84' lang='lat' dir='ltr'><strong><em>ﬁdei?</em></strong></span> <span class='ocrx_word' id='word_1_696' title='bbox 3133 2474 3339 2529; x_wconf 81' lang='lat' dir='ltr'><strong>Marcus</strong></span> <span class='ocrx_word' id='word_1_697' title='bbox 3364 2469 3436 2523; x_wconf 87' lang='lat' dir='ltr'><strong>ita</strong></span> <span class='ocrx_word' id='word_1_698' title='bbox 3465 2465 3612 2530; x_wconf 90' lang='lat' dir='ltr'><strong>dicit,</strong></span> <span class='ocrx_word' id='word_1_699' title='bbox 3644 2459 3782 2526; x_wconf 77' lang='lat' dir='ltr'><strong><em>Quid</em></strong></span> 
     </span>
    </p>
   </div>
   <div class='ocr_carea' id='block_1_82' title="bbox 2204 2550 3785 2660">
    <p class='ocr_par' dir='ltr' id='par_1_82' title="bbox 2204 2550 3785 2660">
     <span class='ocr_line' id='line_1_94' title="bbox 2204 2550 3785 2660; baseline -0.023 -19"><span class='ocrx_word' id='word_1_700' title='bbox 2204 2550 2364 2660; x_wconf 57' lang='lat' dir='ltr'><strong><em>timidi</em></strong></span> <span class='ocrx_word' id='word_1_701' title='bbox 2386 2581 2540 2638; x_wconf 82' lang='lat' dir='ltr'><strong><em>estis?</em></strong></span> <span class='ocrx_word' id='word_1_702' title='bbox 2569 2550 2780 2632; x_wconf 84' lang='lat' dir='ltr'><strong><em>necdum</em></strong></span> <span class='ocrx_word' id='word_1_703' title='bbox 2803 2571 2992 2644; x_wconf 84' lang='lat' dir='ltr'><strong><em>habetis</em></strong></span> <span class='ocrx_word' id='word_1_704' title='bbox 3015 2565 3205 2640; x_wconf 80' lang='lat' dir='ltr'><strong><em>ﬁdem?</em></strong></span> <span class='ocrx_word' id='word_1_705' title='bbox 3232 2562 3283 2618; x_wconf 89' lang='lat' dir='ltr'><strong>id</strong></span> <span class='ocrx_word' id='word_1_706' title='bbox 3311 2569 3409 2625; x_wconf 91' lang='lat' dir='ltr'><strong>est,</strong></span> <span class='ocrx_word' id='word_1_707' title='bbox 3436 2558 3579 2613; x_wconf 88' lang='lat' dir='ltr'><strong>illam</strong></span> <span class='ocrx_word' id='word_1_708' title='bbox 3606 2550 3785 2626; x_wconf 80' lang='lat' dir='ltr'><strong>perfe-</strong></span> 
     </span>
    </p>
   </div>
   <div class='ocr_carea' id='block_1_83' title="bbox 2205 2647 3789 2742">
    <p class='ocr_par' dir='ltr' id='par_1_83' title="bbox 2205 2647 3789 2742">
     <span class='ocr_line' id='line_1_95' title="bbox 2205 2647 3789 2742; baseline -0.024 -9"><span class='ocrx_word' id='word_1_709' title='bbox 2205 2656 2365 2742; x_wconf 84' lang='lat' dir='ltr'><strong>ctam,</strong></span> <span class='ocrx_word' id='word_1_710' title='bbox 2389 2674 2532 2729; x_wconf 91' lang='lat' dir='ltr'><strong>velut</strong></span> <span class='ocrx_word' id='word_1_711' title='bbox 2557 2682 2781 2741; x_wconf 79' lang='lat' dir='ltr'><strong>granum</strong></span> <span class='ocrx_word' id='word_1_712' title='bbox 2809 2662 3006 2735; x_wconf 86' lang='lat' dir='ltr'><strong>sinapis</strong></span> <span class='ocrx_word' id='word_1_713' title='bbox 3031 2679 3046 2715; x_wconf 90' lang='lat'><strong>:</strong></span> <span class='ocrx_word' id='word_1_714' title='bbox 3067 2659 3172 2714; x_wconf 89' lang='lat' dir='ltr'><strong>hoc</strong></span> <span class='ocrx_word' id='word_1_715' title='bbox 3193 2669 3321 2726; x_wconf 82' lang='lat' dir='ltr'><strong>ergo</strong></span> <span class='ocrx_word' id='word_1_716' title='bbox 3357 2661 3411 2708; x_wconf 91' lang='lat' dir='ltr'><strong>et</strong></span> <span class='ocrx_word' id='word_1_717' title='bbox 3446 2650 3534 2706; x_wconf 91' lang='lat' dir='ltr'><strong>ille</strong></span> <span class='ocrx_word' id='word_1_718' title='bbox 3554 2647 3647 2712; x_wconf 89' lang='lat' dir='ltr'><strong>ait,</strong></span> <span class='ocrx_word' id='word_1_719' title='bbox 3679 2659 3789 2697; x_wconf 81' lang='lat' dir='ltr'><strong><em>mo-</em></strong></span> 
     </span>
    </p>
   </div>
   <div class='ocr_carea' id='block_1_84' title="bbox 2209 2738 3793 2833">
    <p class='ocr_par' dir='ltr' id='par_1_84' title="bbox 2209 2738 3793 2833">
     <span class='ocr_line' id='line_1_96' title="bbox 2209 2738 3793 2833; baseline -0.024 -8"><span class='ocrx_word' id='word_1_720' title='bbox 2209 2771 2334 2824; x_wconf 71' lang='lat' dir='ltr'><strong><em>dica:</em></strong></span> <span class='ocrx_word' id='word_1_721' title='bbox 2353 2738 2490 2833; x_wconf 58' lang='lat' dir='ltr'><strong><em>iidei.</em></strong></span> <span class='ocrx_word' id='word_1_722' title='bbox 2524 2738 2694 2818; x_wconf 77' lang='lat' dir='ltr'><strong>Lucas</strong></span> <span class='ocrx_word' id='word_1_723' title='bbox 2714 2766 2913 2821; x_wconf 90' lang='lat' dir='ltr'><strong>autem,</strong></span> <span class='ocrx_word' id='word_1_724' title='bbox 2951 2753 2994 2808; x_wconf 80' lang='grc' dir='ltr'><em>Π</em></span> <span class='ocrx_word' id='word_1_725' title='bbox 2999 2753 3046 2806; x_wconf 88' lang='lat' dir='ltr'><strong>bi</strong></span> <span class='ocrx_word' id='word_1_726' title='bbox 3064 2760 3133 2806; x_wconf 87' lang='lat' dir='ltr'><strong>est</strong></span> <span class='ocrx_word' id='word_1_727' title='bbox 3156 2749 3280 2814; x_wconf 87' lang='lat' dir='ltr'><strong><em>[ides</em></strong></span> <span class='ocrx_word' id='word_1_728' title='bbox 3307 2741 3505 2800; x_wconf 85' lang='lat' dir='ltr'><strong><em>vestra?</em></strong></span> <span class='ocrx_word' id='word_1_729' title='bbox 3528 2738 3596 2794; x_wconf 85' lang='lat' dir='ltr'><strong>Et</strong></span> <span class='ocrx_word' id='word_1_730' title='bbox 3619 2744 3793 2792; x_wconf 78' lang='lat' dir='ltr'><strong>totum</strong></span> 
     </span>
    </p>
   </div>
   <div class='ocr_carea' id='block_1_85' title="bbox 2211 2829 3794 2933">
    <p class='ocr_par' dir='ltr' id='par_1_85' title="bbox 2211 2829 3794 2933">
     <span class='ocr_line' id='line_1_97' title="bbox 2211 2829 3794 2933; baseline -0.024 -16"><span class='ocrx_word' id='word_1_731' title='bbox 2211 2829 2424 2933; x_wconf 86' lang='lat' dir='ltr'><strong>quidem</strong></span> <span class='ocrx_word' id='word_1_732' title='bbox 2456 2855 2559 2911; x_wconf 89' lang='lat' dir='ltr'><strong>dici</strong></span> <span class='ocrx_word' id='word_1_733' title='bbox 2584 2852 2774 2924; x_wconf 91' lang='lat' dir='ltr'><strong>potuit,</strong></span> <span class='ocrx_word' id='word_1_734' title='bbox 2808 2847 2940 2914; x_wconf 85' lang='lat' dir='ltr'><strong><em>Quid</em></strong></span> <span class='ocrx_word' id='word_1_735' title='bbox 2962 2843 3123 2897; x_wconf 84' lang='lat' dir='ltr'><strong><em>timidi</em></strong></span> <span class='ocrx_word' id='word_1_736' title='bbox 3150 2840 3301 2895; x_wconf 83' lang='lat' dir='ltr'><strong><em>estis?</em></strong></span> <span class='ocrx_word' id='word_1_737' title='bbox 3333 2835 3430 2892; x_wconf 89' lang='lat' dir='ltr'><strong><em>Ubi</em></strong></span> <span class='ocrx_word' id='word_1_738' title='bbox 3455 2843 3526 2888; x_wconf 89' lang='lat' dir='ltr'><strong>est</strong></span> <span class='ocrx_word' id='word_1_739' title='bbox 3552 2829 3679 2895; x_wconf 76' lang='lat' dir='ltr'><strong><em>fides</em></strong></span> <span class='ocrx_word' id='word_1_740' title='bbox 3706 2843 3794 2880; x_wconf 73' lang='lat' dir='ltr'><strong>va-</strong></span> 
     </span>
    </p>
   </div>
   <div class='ocr_carea' id='block_1_86' title="bbox 2214 2925 3797 3013">
    <p class='ocr_par' dir='ltr' id='par_1_86' title="bbox 2214 2925 3797 3013">
     <span class='ocr_line' id='line_1_98' title="bbox 2214 2925 3797 3013; baseline -0.023 -6"><span class='ocrx_word' id='word_1_741' title='bbox 2214 2925 2358 3007; x_wconf 61' lang='lat' dir='ltr'><strong><em>atra?</em></strong></span> <span class='ocrx_word' id='word_1_742' title='bbox 2386 2947 2602 3003; x_wconf 79' lang='lat' dir='ltr'><strong><em>Modica:</em></strong></span> <span class='ocrx_word' id='word_1_743' title='bbox 2633 2942 2773 3013; x_wconf 81' lang='lat' dir='ltr'><strong><em>ﬁdei.</em></strong></span> <span class='ocrx_word' id='word_1_744' title='bbox 2791 2938 2946 2996; x_wconf 83' lang='lat' dir='ltr'><strong><em>Unde</em></strong></span> <span class='ocrx_word' id='word_1_745' title='bbox 2974 2933 3120 2990; x_wconf 83' lang='lat' dir='ltr'><strong>aliud</strong></span> <span class='ocrx_word' id='word_1_746' title='bbox 3145 2932 3252 2998; x_wconf 85' lang='lat' dir='ltr'><strong>hic,</strong></span> <span class='ocrx_word' id='word_1_747' title='bbox 3279 2927 3421 2982; x_wconf 91' lang='lat' dir='ltr'><strong>aliud</strong></span> <span class='ocrx_word' id='word_1_748' title='bbox 3447 2925 3538 2980; x_wconf 91' lang='lat' dir='ltr'><strong>ille</strong></span> <span class='ocrx_word' id='word_1_749' title='bbox 3563 2932 3797 2977; x_wconf 84' lang='lat' dir='ltr'><strong>comme-</strong></span> 
     </span>
    </p>
   </div>
   <div class='ocr_carea' id='block_1_87' title="bbox 2217 3011 3802 3107">
    <p class='ocr_par' dir='ltr' id='par_1_87' title="bbox 2217 3011 3802 3107">
     <span class='ocr_line' id='line_1_99' title="bbox 2217 3011 3802 3107; baseline -0.025 -5"><span class='ocrx_word' id='word_1_750' title='bbox 2217 3052 2408 3102; x_wconf 86' lang='lat' dir='ltr'><strong>morat.</strong></span> <span class='ocrx_word' id='word_1_751' title='bbox 2437 3042 2502 3097; x_wconf 87' lang='lat' dir='ltr'><strong>Et</strong></span> <span class='ocrx_word' id='word_1_752' title='bbox 2528 3011 2658 3094; x_wconf 79' lang='lat' dir='ltr'><strong>illud</strong></span> <span class='ocrx_word' id='word_1_753' title='bbox 2681 3030 2823 3107; x_wconf 90' lang='lat' dir='ltr'><strong>quod</strong></span> <span class='ocrx_word' id='word_1_754' title='bbox 2849 3037 3139 3087; x_wconf 80' lang='lat' dir='ltr'><strong>excitantes</strong></span> <span class='ocrx_word' id='word_1_755' title='bbox 3178 3037 3300 3079; x_wconf 91' lang='lat' dir='ltr'><strong>eum</strong></span> <span class='ocrx_word' id='word_1_756' title='bbox 3337 3021 3615 3076; x_wconf 78' lang='lat' dir='ltr'><strong>dixerunt,</strong></span> <span class='ocrx_word' id='word_1_757' title='bbox 3667 3011 3802 3066; x_wconf 81' lang='lat' dir='ltr'><strong>Mat-</strong></span> 
     </span>
    </p>
   </div>
   <div class='ocr_carea' id='block_1_88' title="bbox 2219 3103 3804 3199">
    <p class='ocr_par' dir='ltr' id='par_1_88' title="bbox 2219 3103 3804 3199">
     <span class='ocr_line' id='line_1_100' title="bbox 2219 3103 3804 3199; baseline -0.026 -5"><span class='ocrx_word' id='word_1_758' title='bbox 2219 3140 2389 3194; x_wconf 79' lang='lat' dir='ltr'><strong>tltaeus</strong></span> <span class='ocrx_word' id='word_1_759' title='bbox 2426 3135 2522 3199; x_wconf 90' lang='lat' dir='ltr'><strong>sic,</strong></span> <span class='ocrx_word' id='word_1_760' title='bbox 2552 3132 2800 3193; x_wconf 76' lang='lat' dir='ltr'><strong><em>Domine,</em></strong></span> <span class='ocrx_word' id='word_1_761' title='bbox 2824 3124 2966 3180; x_wconf 86' lang='lat' dir='ltr'><strong><em>salva</em></strong></span> <span class='ocrx_word' id='word_1_762' title='bbox 3000 3136 3112 3184; x_wconf 84' lang='lat' dir='ltr'><strong><em>nos,</em></strong></span> <span class='ocrx_word' id='word_1_763' title='bbox 3141 3115 3396 3182; x_wconf 82' lang='lat' dir='ltr'><strong><em>perimus;</em></strong></span> <span class='ocrx_word' id='word_1_764' title='bbox 3421 3108 3646 3163; x_wconf 86' lang='lat' dir='ltr'><strong>Marcus.</strong></span> <span class='ocrx_word' id='word_1_765' title='bbox 3681 3103 3804 3155; x_wconf 78' lang='lat' dir='ltr'><strong><em>Ma-</em></strong></span> 
     </span>
    </p>
   </div>
   <div class='ocr_carea' id='block_1_89' title="bbox 2221 3194 3808 3302">
    <p class='ocr_par' dir='ltr' id='par_1_89' title="bbox 2221 3194 3808 3302">
     <span class='ocr_line' id='line_1_101' title="bbox 2221 3194 3808 3302; baseline -0.025 -18"><span class='ocrx_word' id='word_1_766' title='bbox 2221 3238 2393 3302; x_wconf 83' lang='lat' dir='ltr'><strong><em>gister,</em></strong></span> <span class='ocrx_word' id='word_1_767' title='bbox 2423 3241 2523 3279; x_wconf 89' lang='lat' dir='ltr'><strong>non</strong></span> <span class='ocrx_word' id='word_1_768' title='bbox 2549 3226 2617 3276; x_wconf 83' lang='lat' dir='ltr'><strong>ad</strong></span> <span class='ocrx_word' id='word_1_769' title='bbox 2643 3229 2690 3274; x_wconf 88' lang='lat' dir='ltr'><strong>te</strong></span> <span class='ocrx_word' id='word_1_770' title='bbox 2724 3222 2938 3286; x_wconf 85' lang='lat' dir='ltr'><strong><em>pertinet</em></strong></span> <span class='ocrx_word' id='word_1_771' title='bbox 2962 3214 3080 3281; x_wconf 89' lang='lat' dir='ltr'><strong><em>quia</em></strong></span> <span class='ocrx_word' id='word_1_772' title='bbox 3108 3204 3367 3276; x_wconf 83' lang='lat' dir='ltr'><strong><em>perimus?</em></strong></span> <span class='ocrx_word' id='word_1_773' title='bbox 3391 3203 3578 3259; x_wconf 87' lang='lat' dir='ltr'><strong>Lucas,</strong></span> <span class='ocrx_word' id='word_1_774' title='bbox 3607 3194 3808 3249; x_wconf 72' lang='lat' dir='ltr'><strong>Pra’co-</strong></span> 
     </span>
    </p>
   </div>
   <div class='ocr_carea' id='block_1_90' title="bbox 2226 3287 3810 3394">
    <p class='ocr_par' dir='ltr' id='par_1_90' title="bbox 2226 3287 3810 3394">
     <span class='ocr_line' id='line_1_102' title="bbox 2226 3287 3810 3394; baseline -0.025 -17"><span class='ocrx_word' id='word_1_775' title='bbox 2226 3332 2360 3394; x_wconf 89' lang='lat' dir='ltr'><strong><em>ptor,</em></strong></span> <span class='ocrx_word' id='word_1_776' title='bbox 2390 3319 2653 3390; x_wconf 87' lang='lat' dir='ltr'><strong><em>perimus:</em></strong></span> <span class='ocrx_word' id='word_1_777' title='bbox 2684 3327 2788 3368; x_wconf 89' lang='lat' dir='ltr'><strong>una</strong></span> <span class='ocrx_word' id='word_1_778' title='bbox 2810 3307 3103 3375; x_wconf 72' lang='lat' dir='ltr'><strong>eademque</strong></span> <span class='ocrx_word' id='word_1_779' title='bbox 3146 3299 3405 3355; x_wconf 90' lang='lat' dir='ltr'><strong>sententia</strong></span> <span class='ocrx_word' id='word_1_780' title='bbox 3449 3299 3530 3347; x_wconf 90' lang='lat' dir='ltr'><strong>est</strong></span> <span class='ocrx_word' id='word_1_781' title='bbox 3576 3287 3810 3344; x_wconf 75' lang='lat' dir='ltr'><strong>excitati-</strong></span> 
     </span>
    </p>
   </div>
   <div class='ocr_carea' id='block_1_91' title="bbox 2226 3383 3815 3469">
    <p class='ocr_par' dir='ltr' id='par_1_91' title="bbox 2226 3383 3815 3469">
     <span class='ocr_line' id='line_1_103' title="bbox 2226 3383 3815 3469; baseline -0.025 -1"><span class='ocrx_word' id='word_1_782' title='bbox 2226 3415 2359 3468; x_wconf 88' lang='lat' dir='ltr'><strong>tium</strong></span> <span class='ocrx_word' id='word_1_783' title='bbox 2396 3409 2700 3469; x_wconf 80' lang='lat' dir='ltr'><strong>Dominum,</strong></span> <span class='ocrx_word' id='word_1_784' title='bbox 2730 3400 3131 3459; x_wconf 86' lang='lat' dir='ltr'><strong>volentiumque</strong></span> <span class='ocrx_word' id='word_1_785' title='bbox 3159 3388 3382 3450; x_wconf 89' lang='lat' dir='ltr'><strong>salvari;</strong></span> <span class='ocrx_word' id='word_1_786' title='bbox 3421 3398 3522 3439; x_wconf 89' lang='lat' dir='ltr'><strong>nec</strong></span> <span class='ocrx_word' id='word_1_787' title='bbox 3557 3395 3692 3449; x_wconf 90' lang='lat' dir='ltr'><strong>opus</strong></span> <span class='ocrx_word' id='word_1_788' title='bbox 3728 3383 3815 3431; x_wconf 82' lang='lat' dir='ltr'><strong>est</strong></span> 
     </span>
    </p>
   </div>
   <div class='ocr_carea' id='block_1_92' title="bbox 2230 3469 3816 3576">
    <p class='ocr_par' dir='ltr' id='par_1_92' title="bbox 2230 3469 3816 3576">
     <span class='ocr_line' id='line_1_104' title="bbox 2230 3469 3816 3576; baseline -0.025 -16"><span class='ocrx_word' id='word_1_789' title='bbox 2230 3517 2469 3576; x_wconf 69' lang='lat' dir='ltr'><strong>quaerere</strong></span> <span class='ocrx_word' id='word_1_790' title='bbox 2493 3497 2621 3570; x_wconf 90' lang='lat' dir='ltr'><strong>quid</strong></span> <span class='ocrx_word' id='word_1_791' title='bbox 2651 3497 2840 3550; x_wconf 83' lang='lat' dir='ltr'><strong>horum</strong></span> <span class='ocrx_word' id='word_1_792' title='bbox 2883 3491 3058 3560; x_wconf 89' lang='lat' dir='ltr'><strong>potius</strong></span> <span class='ocrx_word' id='word_1_793' title='bbox 3091 3484 3305 3541; x_wconf 89' lang='lat' dir='ltr'><strong>Christo</strong></span> <span class='ocrx_word' id='word_1_794' title='bbox 3333 3478 3530 3534; x_wconf 88' lang='lat' dir='ltr'><strong>dictum</strong></span> <span class='ocrx_word' id='word_1_795' title='bbox 3562 3472 3650 3528; x_wconf 86' lang='lat' dir='ltr'><strong>sit.</strong></span> <span class='ocrx_word' id='word_1_796' title='bbox 3688 3469 3816 3523; x_wconf 87' lang='lat' dir='ltr'><strong>Sive</strong></span> 
     </span>
    </p>
   </div>
   <div class='ocr_carea' id='block_1_93' title="bbox 2233 3562 3819 3662">
    <p class='ocr_par' dir='ltr' id='par_1_93' title="bbox 2233 3562 3819 3662">
     <span class='ocr_line' id='line_1_105' title="bbox 2233 3562 3819 3662; baseline -0.026 -9"><span class='ocrx_word' id='word_1_797' title='bbox 2233 3598 2374 3653; x_wconf 87' lang='lat' dir='ltr'><strong>enim</strong></span> <span class='ocrx_word' id='word_1_798' title='bbox 2419 3592 2617 3662; x_wconf 88' lang='lat' dir='ltr'><strong>aliquid</strong></span> <span class='ocrx_word' id='word_1_799' title='bbox 2665 3589 2855 3642; x_wconf 89' lang='lat' dir='ltr'><strong>borum</strong></span> <span class='ocrx_word' id='word_1_800' title='bbox 2902 3583 3060 3636; x_wconf 90' lang='lat' dir='ltr'><strong>trium</strong></span> <span class='ocrx_word' id='word_1_801' title='bbox 3096 3573 3347 3640; x_wconf 77' lang='lat' dir='ltr'><strong>dixerint,</strong></span> <span class='ocrx_word' id='word_1_802' title='bbox 3371 3571 3486 3625; x_wconf 86' lang='lat' dir='ltr'><strong>sive</strong></span> <span class='ocrx_word' id='word_1_803' title='bbox 3513 3567 3613 3621; x_wconf 79' lang='lat' dir='ltr'><strong>alia</strong></span> <span class='ocrx_word' id='word_1_804' title='bbox 3651 3562 3819 3617; x_wconf 81' lang='lat' dir='ltr'><strong>verba</strong></span> 
     </span>
    </p>
   </div>
   <div class='ocr_carea' id='block_1_94' title="bbox 2234 3661 3825 3760">
    <p class='ocr_par' dir='ltr' id='par_1_94' title="bbox 2234 3661 3825 3760">
     <span class='ocr_line' id='line_1_106' title="bbox 2234 3661 3825 3760; baseline -0.027 -15"><span class='ocrx_word' id='word_1_805' title='bbox 2234 3705 2352 3760; x_wconf 69' lang='lat' dir='ltr'><strong>quae</strong></span> <span class='ocrx_word' id='word_1_806' title='bbox 2399 3685 2576 3740; x_wconf 91' lang='lat' dir='ltr'><strong>nullus</strong></span> <span class='ocrx_word' id='word_1_807' title='bbox 2618 3677 3071 3748; x_wconf 80' lang='lat' dir='ltr'><strong>Evangelistarum</strong></span> <span class='ocrx_word' id='word_1_808' title='bbox 3098 3667 3554 3724; x_wconf 78' lang='lat' dir='ltr'><strong>commemoravit,</strong></span> <span class='ocrx_word' id='word_1_809' title='bbox 3586 3661 3825 3709; x_wconf 80' lang='lat' dir='ltr'><strong>tantum-</strong></span> 
     </span>
    </p>
   </div>
   <div class='ocr_carea' id='block_1_95' title="bbox 2237 3747 3824 3838">
    <p class='ocr_par' dir='ltr' id='par_1_95' title="bbox 2237 3747 3824 3838">
     <span class='ocr_line' id='line_1_107' title="bbox 2237 3747 3824 3838; baseline -0.025 0"><span class='ocrx_word' id='word_1_810' title='bbox 2237 3784 2358 3838; x_wconf 89' lang='lat' dir='ltr'><strong>dem</strong></span> <span class='ocrx_word' id='word_1_811' title='bbox 2386 3789 2564 3834; x_wconf 88' lang='lat' dir='ltr'><strong>tamen</strong></span> <span class='ocrx_word' id='word_1_812' title='bbox 2596 3747 2822 3829; x_wconf 87' lang='lat' dir='ltr'><strong>valentia</strong></span> <span class='ocrx_word' id='word_1_813' title='bbox 2849 3767 2916 3822; x_wconf 90' lang='lat' dir='ltr'><strong>ad</strong></span> <span class='ocrx_word' id='word_1_814' title='bbox 2940 3763 3180 3821; x_wconf 88' lang='lat' dir='ltr'><strong>eamdem</strong></span> <span class='ocrx_word' id='word_1_815' title='bbox 3213 3753 3490 3814; x_wconf 62' lang='lat' dir='ltr'><strong>sententiae</strong></span> <span class='ocrx_word' id='word_1_816' title='bbox 3517 3747 3824 3807; x_wconf 84' lang='lat' dir='ltr'><strong>veritatem,</strong></span> 
     </span>
    </p>
   </div>
   <div class='ocr_carea' id='block_1_96' title="bbox 2240 3836 3822 3946">
    <p class='ocr_par' dir='ltr' id='par_1_96' title="bbox 2240 3836 3822 3946">
     <span class='ocr_line' id='line_1_108' title="bbox 2240 3836 3822 3946; baseline -0.028 -15"><span class='ocrx_word' id='word_1_817' title='bbox 2240 3873 2366 3946; x_wconf 86' lang='lat' dir='ltr'><strong>quid</strong></span> <span class='ocrx_word' id='word_1_818' title='bbox 2404 3871 2470 3925; x_wconf 90' lang='lat' dir='ltr'><strong>ad</strong></span> <span class='ocrx_word' id='word_1_819' title='bbox 2513 3883 2625 3924; x_wconf 88' lang='lat' dir='ltr'><strong>rem</strong></span> <span class='ocrx_word' id='word_1_820' title='bbox 2663 3861 2917 3920; x_wconf 85' lang='lat' dir='ltr'><strong>interest?</strong></span> <span class='ocrx_word' id='word_1_821' title='bbox 2936 3859 3247 3925; x_wconf 87' lang='lat' dir='ltr'><strong>Quanquam</strong></span> <span class='ocrx_word' id='word_1_822' title='bbox 3281 3848 3463 3905; x_wconf 85' lang='lat' dir='ltr'><strong>ethoc</strong></span> <span class='ocrx_word' id='word_1_823' title='bbox 3488 3841 3603 3897; x_wconf 75' lang='lat' dir='ltr'><strong>fieri</strong></span> <span class='ocrx_word' id='word_1_824' title='bbox 3630 3836 3822 3909; x_wconf 90' lang='lat' dir='ltr'><strong>potuit,</strong></span> 
     </span>
    </p>
   </div>
   <div class='ocr_carea' id='block_1_97' title="bbox 2243 3924 3832 4036">
    <p class='ocr_par' dir='ltr' id='par_1_97' title="bbox 2243 3924 3832 4036">
     <span class='ocr_line' id='line_1_109' title="bbox 2243 3924 2974 3946; baseline -0.026 -2"><span class='ocrx_word' id='word_1_825' title='bbox 2243 3924 2366 3946; x_wconf 79' lang='lat'><strong>-.—-—</strong></span> <span class='ocrx_word' id='word_1_826' title='bbox 2965 3924 2974 3925; x_wconf 59' lang='lat'><strong><em>,</em></strong></span> 
     </span>
     <span class='ocr_line' id='line_1_110' title="bbox 2243 3924 3832 4036; baseline -0.027 -14"><span class='ocrx_word' id='word_1_827' title='bbox 2243 3977 2299 4022; x_wconf 92' lang='lat' dir='ltr'><strong>ut</strong></span> <span class='ocrx_word' id='word_1_828' title='bbox 2323 3964 2560 4036; x_wconf 87' lang='lat' dir='ltr'><strong>pluribus</strong></span> <span class='ocrx_word' id='word_1_829' title='bbox 2589 3973 2710 4015; x_wconf 92' lang='lat' dir='ltr'><strong>eum</strong></span> <span class='ocrx_word' id='word_1_830' title='bbox 2737 3952 2895 4009; x_wconf 89' lang='lat' dir='ltr'><strong>simul</strong></span> <span class='ocrx_word' id='word_1_831' title='bbox 2921 3946 3296 4010; x_wconf 78' lang='lat' dir='ltr'><strong>excitantibus,</strong></span> <span class='ocrx_word' id='word_1_832' title='bbox 3317 3937 3494 3994; x_wconf 90' lang='lat' dir='ltr'><strong>omnia</strong></span> <span class='ocrx_word' id='word_1_833' title='bbox 3519 3936 3652 3999; x_wconf 74' lang='lat' dir='ltr'><strong>lucc,</strong></span> <span class='ocrx_word' id='word_1_834' title='bbox 3683 3924 3832 3982; x_wconf 87' lang='lat' dir='ltr'><strong>aliud</strong></span> 
     </span>
    </p>
   </div>
   <div class='ocr_carea' id='block_1_98' title="bbox 2245 4019 3837 4115">
    <p class='ocr_par' dir='ltr' id='par_1_98' title="bbox 2245 4019 3837 4115">
     <span class='ocr_line' id='line_1_111' title="bbox 2245 4019 3837 4115; baseline -0.028 1"><span class='ocrx_word' id='word_1_835' title='bbox 2245 4061 2312 4115; x_wconf 92' lang='lat' dir='ltr'><strong>ab</strong></span> <span class='ocrx_word' id='word_1_836' title='bbox 2326 4019 2444 4113; x_wconf 78' lang='lat' dir='ltr'><strong>ralio</strong></span> <span class='ocrx_word' id='word_1_837' title='bbox 2470 4055 2792 4110; x_wconf 89' lang='lat' dir='ltr'><strong>dicerentur.</strong></span> <span class='ocrx_word' id='word_1_838' title='bbox 2824 4047 2954 4101; x_wconf 89' lang='lat' dir='ltr'><strong>Item</strong></span> <span class='ocrx_word' id='word_1_839' title='bbox 3003 4039 3143 4112; x_wconf 92' lang='lat' dir='ltr'><strong>quod</strong></span> <span class='ocrx_word' id='word_1_840' title='bbox 3186 4035 3366 4092; x_wconf 88' lang='lat' dir='ltr'><strong>sedata</strong></span> <span class='ocrx_word' id='word_1_841' title='bbox 3407 4030 3722 4096; x_wconf 87' lang='lat' dir='ltr'><strong>tempestate</strong></span> <span class='ocrx_word' id='word_1_842' title='bbox 3751 4019 3837 4074; x_wconf 89' lang='lat' dir='ltr'><strong>di-</strong></span> 
     </span>
    </p>
   </div>
   <div class='ocr_carea' id='block_1_99' title="bbox 2247 4109 3839 4208">
    <p class='ocr_par' dir='ltr' id='par_1_99' title="bbox 2247 4109 3839 4208">
     <span class='ocr_line' id='line_1_112' title="bbox 2247 4109 3839 4208; baseline -0.03 0"><span class='ocrx_word' id='word_1_843' title='bbox 2247 4160 2438 4208; x_wconf 84' lang='lat' dir='ltr'><strong>xerunt</strong></span> <span class='ocrx_word' id='word_1_844' title='bbox 2457 4143 2751 4203; x_wconf 89' lang='lat' dir='ltr'><strong>secundum</strong></span> <span class='ocrx_word' id='word_1_845' title='bbox 2781 4109 3108 4197; x_wconf 68' lang='lat' dir='ltr'><strong>Matthreum,</strong></span> <span class='ocrx_word' id='word_1_846' title='bbox 3141 4128 3317 4195; x_wconf 87' lang='lat' dir='ltr'><strong><em>Qualis</em></strong></span> <span class='ocrx_word' id='word_1_847' title='bbox 3340 4131 3408 4178; x_wconf 87' lang='lat' dir='ltr'><strong>est</strong></span> <span class='ocrx_word' id='word_1_848' title='bbox 3433 4121 3531 4185; x_wconf 70' lang='lat' dir='ltr'><strong>hic,</strong></span> <span class='ocrx_word' id='word_1_849' title='bbox 3551 4115 3670 4186; x_wconf 88' lang='lat' dir='ltr'><strong><em>quia</em></strong></span> <span class='ocrx_word' id='word_1_850' title='bbox 3698 4109 3839 4166; x_wconf 81' lang='lat' dir='ltr'><strong><em>venti</em></strong></span> 
     </span>
    </p>
   </div>
   <div class='ocr_carea' id='block_1_100' title="bbox 2251 4207 3843 4297">
    <p class='ocr_par' dir='ltr' id='par_1_100' title="bbox 2251 4207 3843 4297">
     <span class='ocr_line' id='line_1_113' title="bbox 2251 4207 3843 4297; baseline -0.025 0"><span class='ocrx_word' id='word_1_851' title='bbox 2251 4253 2295 4297; x_wconf 88' lang='lat' dir='ltr'><strong>et</strong></span> <span class='ocrx_word' id='word_1_852' title='bbox 2325 4257 2463 4294; x_wconf 90' lang='lat' dir='ltr'><strong><em>mare</em></strong></span> <span class='ocrx_word' id='word_1_853' title='bbox 2502 4235 2737 4292; x_wconf 88' lang='lat' dir='ltr'><strong><em>obediunt</em></strong></span> <span class='ocrx_word' id='word_1_854' title='bbox 2786 4229 2866 4284; x_wconf 87' lang='lat' dir='ltr'><strong>ei?</strong></span> <span class='ocrx_word' id='word_1_855' title='bbox 2903 4223 3205 4282; x_wconf 89' lang='lat' dir='ltr'><strong>Secundum</strong></span> <span class='ocrx_word' id='word_1_856' title='bbox 3237 4217 3490 4276; x_wconf 86' lang='lat' dir='ltr'><strong>Marcum,</strong></span> <span class='ocrx_word' id='word_1_857' title='bbox 3526 4207 3652 4272; x_wconf 88' lang='lat' dir='ltr'><strong><em>Quis</em></strong></span> <span class='ocrx_word' id='word_1_858' title='bbox 3687 4211 3843 4274; x_wconf 80' lang='lat' dir='ltr'><strong><em>putas</em></strong></span> 
     </span>
    </p>
   </div>
   <div class='ocr_carea' id='block_1_101' title="bbox 2253 4295 3843 4398">
    <p class='ocr_par' dir='ltr' id='par_1_101' title="bbox 2253 4295 3843 4398">
     <span class='ocr_line' id='line_1_114' title="bbox 2253 4295 3843 4398; baseline -0.025 -11"><span class='ocrx_word' id='word_1_859' title='bbox 2253 4343 2324 4387; x_wconf 86' lang='lat' dir='ltr'><strong>est</strong></span> <span class='ocrx_word' id='word_1_860' title='bbox 2345 4333 2455 4395; x_wconf 86' lang='lat' dir='ltr'><strong><em>iste,</em></strong></span> <span class='ocrx_word' id='word_1_861' title='bbox 2489 4327 2606 4398; x_wconf 87' lang='lat' dir='ltr'><strong><em>quia</em></strong></span> <span class='ocrx_word' id='word_1_862' title='bbox 2627 4334 2673 4378; x_wconf 90' lang='lat' dir='ltr'><strong><em>et</em></strong></span> <span class='ocrx_word' id='word_1_863' title='bbox 2695 4332 2868 4378; x_wconf 86' lang='lat' dir='ltr'><strong><em>uentus</em></strong></span> <span class='ocrx_word' id='word_1_864' title='bbox 2889 4326 2934 4373; x_wconf 93' lang='lat' dir='ltr'><strong><em>et</em></strong></span> <span class='ocrx_word' id='word_1_865' title='bbox 2975 4331 3114 4370; x_wconf 86' lang='lat' dir='ltr'><strong><em>mare</em></strong></span> <span class='ocrx_word' id='word_1_866' title='bbox 3151 4309 3386 4366; x_wconf 87' lang='lat' dir='ltr'><strong><em>obediunt</em></strong></span> <span class='ocrx_word' id='word_1_867' title='bbox 3416 4303 3502 4357; x_wconf 82' lang='lat' dir='ltr'><strong><em>ei?</em></strong></span> <span class='ocrx_word' id='word_1_868' title='bbox 3530 4295 3843 4354; x_wconf 87' lang='lat' dir='ltr'><strong>Secundum</strong></span> 
     </span>
    </p>
   </div>
   <div class='ocr_carea' id='block_1_102' title="bbox 2255 4399 3844 4491">
    <p class='ocr_par' dir='ltr' id='par_1_102' title="bbox 2255 4399 3844 4491">
     <span class='ocr_line' id='line_1_115' title="bbox 2255 4399 3844 4491; baseline -0.026 -11"><span class='ocrx_word' id='word_1_869' title='bbox 2255 4426 2477 4488; x_wconf 87' lang='lat' dir='ltr'><strong>Lucam,</strong></span> <span class='ocrx_word' id='word_1_870' title='bbox 2493 4421 2603 4491; x_wconf 87' lang='lat' dir='ltr'><strong><em>quis</em></strong></span> <span class='ocrx_word' id='word_1_871' title='bbox 2629 4426 2776 4488; x_wconf 86' lang='lat' dir='ltr'><strong><em>putas</em></strong></span> <span class='ocrx_word' id='word_1_872' title='bbox 2805 4415 2884 4467; x_wconf 87' lang='lat' dir='ltr'><strong>hic</strong></span> <span class='ocrx_word' id='word_1_873' title='bbox 2895 4420 2988 4477; x_wconf 88' lang='lat' dir='ltr'><strong><em>est,</em></strong></span> <span class='ocrx_word' id='word_1_874' title='bbox 3014 4409 3130 4479; x_wconf 85' lang='lat' dir='ltr'><strong><em>quia</em></strong></span> <span class='ocrx_word' id='word_1_875' title='bbox 3146 4415 3191 4459; x_wconf 91' lang='lat' dir='ltr'><strong>et</strong></span> <span class='ocrx_word' id='word_1_876' title='bbox 3213 4404 3370 4458; x_wconf 71' lang='lat' dir='ltr'><strong><em>vetitis</em></strong></span> <span class='ocrx_word' id='word_1_877' title='bbox 3391 4399 3604 4467; x_wconf 87' lang='lat' dir='ltr'><strong><em>imperat</em></strong></span> <span class='ocrx_word' id='word_1_878' title='bbox 3625 4400 3670 4446; x_wconf 85' lang='lat' dir='ltr'><strong>et</strong></span> <span class='ocrx_word' id='word_1_879' title='bbox 3687 4405 3844 4452; x_wconf 73' lang='lat' dir='ltr'><strong><em>mari,</em></strong></span> 
     </span>
    </p>
   </div>
   <div class='ocr_carea' id='block_1_103' title="bbox 2260 4477 3844 4577">
    <p class='ocr_par' dir='ltr' id='par_1_103' title="bbox 2260 4477 3844 4577">
     <span class='ocr_line' id='line_1_116' title="bbox 2260 4477 3844 4577; baseline -0.025 -7"><span class='ocrx_word' id='word_1_880' title='bbox 2260 4527 2303 4571; x_wconf 87' lang='lat' dir='ltr'><strong>et</strong></span> <span class='ocrx_word' id='word_1_881' title='bbox 2327 4514 2563 4569; x_wconf 84' lang='lat' dir='ltr'><strong><em>obediunt</em></strong></span> <span class='ocrx_word' id='word_1_882' title='bbox 2590 4510 2668 4563; x_wconf 85' lang='lat' dir='ltr'><strong><em>ei?</em></strong></span> <span class='ocrx_word' id='word_1_883' title='bbox 2690 4507 2808 4577; x_wconf 92' lang='lat' dir='ltr'><strong>quis</strong></span> <span class='ocrx_word' id='word_1_884' title='bbox 2838 4521 2941 4558; x_wconf 86' lang='lat' dir='ltr'><strong>non</strong></span> <span class='ocrx_word' id='word_1_885' title='bbox 2963 4500 3138 4556; x_wconf 87' lang='lat' dir='ltr'><strong>videat</strong></span> <span class='ocrx_word' id='word_1_886' title='bbox 3159 4510 3315 4551; x_wconf 91' lang='lat' dir='ltr'><strong>unam</strong></span> <span class='ocrx_word' id='word_1_887' title='bbox 3338 4506 3456 4546; x_wconf 82' lang='lat' dir='ltr'><strong>esse</strong></span> <span class='ocrx_word' id='word_1_888' title='bbox 3476 4483 3796 4542; x_wconf 85' lang='lat' dir='ltr'><strong>sententiam</strong></span> <span class='ocrx_word' id='word_1_889' title='bbox 3812 4477 3844 4530; x_wconf 66' lang='grc' dir='ltr'><strong>Υ</strong></span> 
     </span>
    </p>
   </div>
   <div class='ocr_carea' id='block_1_104' title="bbox 2259 4572 3849 4667">
    <p class='ocr_par' dir='ltr' id='par_1_104' title="bbox 2259 4572 3849 4667">
     <span class='ocr_line' id='line_1_117' title="bbox 2259 4572 3849 4667; baseline -0.026 -4"><span class='ocrx_word' id='word_1_890' title='bbox 2259 4603 2610 4663; x_wconf 87' lang='lat' dir='ltr'><strong>Tantumdem</strong></span> <span class='ocrx_word' id='word_1_891' title='bbox 2623 4601 2764 4655; x_wconf 90' lang='lat' dir='ltr'><strong>enim</strong></span> <span class='ocrx_word' id='word_1_892' title='bbox 2788 4607 3004 4667; x_wconf 88' lang='lat' dir='ltr'><strong>prorsus</strong></span> <span class='ocrx_word' id='word_1_893' title='bbox 3019 4591 3178 4652; x_wconf 82' lang='lat' dir='ltr'><strong>valet,</strong></span> <span class='ocrx_word' id='word_1_894' title='bbox 3206 4586 3329 4652; x_wconf 81' lang='lat' dir='ltr'><strong><em>Quis</em></strong></span> <span class='ocrx_word' id='word_1_895' title='bbox 3359 4591 3505 4652; x_wconf 87' lang='lat' dir='ltr'><strong><em>putas</em></strong></span> <span class='ocrx_word' id='word_1_896' title='bbox 3531 4585 3602 4631; x_wconf 84' lang='lat' dir='ltr'><strong>est</strong></span> <span class='ocrx_word' id='word_1_897' title='bbox 3628 4572 3750 4627; x_wconf 79' lang='lat' dir='ltr'><strong><em>iste?</em></strong></span> <span class='ocrx_word' id='word_1_898' title='bbox 3766 4576 3849 4632; x_wconf 85' lang='lat' dir='ltr'><strong>et,</strong></span> 
     </span>
    </p>
   </div>
   <div class='ocr_carea' id='block_1_105' title="bbox 2265 4662 3858 4766">
    <p class='ocr_par' dir='ltr' id='par_1_105' title="bbox 2265 4662 3858 4766">
     <span class='ocr_line' id='line_1_118' title="bbox 2265 4662 3858 4766; baseline -0.026 -11"><span class='ocrx_word' id='word_1_899' title='bbox 2265 4700 2441 4766; x_wconf 85' lang='lat' dir='ltr'><strong><em>Qualis</em></strong></span> <span class='ocrx_word' id='word_1_900' title='bbox 2466 4704 2539 4750; x_wconf 87' lang='lat' dir='ltr'><strong>est</strong></span> <span class='ocrx_word' id='word_1_901' title='bbox 2565 4693 2686 4748; x_wconf 83' lang='lat' dir='ltr'><strong><em>hic?</em></strong></span> <span class='ocrx_word' id='word_1_902' title='bbox 2708 4699 2761 4745; x_wconf 92' lang='lat' dir='ltr'><strong>et</strong></span> <span class='ocrx_word' id='word_1_903' title='bbox 2780 4662 2870 4743; x_wconf 83' lang='lat' dir='ltr'><strong>ubi</strong></span> <span class='ocrx_word' id='word_1_904' title='bbox 2898 4701 3003 4741; x_wconf 90' lang='lat' dir='ltr'><strong>non</strong></span> <span class='ocrx_word' id='word_1_905' title='bbox 3033 4691 3116 4738; x_wconf 90' lang='lat' dir='ltr'><strong>est</strong></span> <span class='ocrx_word' id='word_1_906' title='bbox 3139 4679 3358 4736; x_wconf 91' lang='lat' dir='ltr'><strong>dictum,</strong></span> <span class='ocrx_word' id='word_1_907' title='bbox 3388 4674 3598 4737; x_wconf 84' lang='lat' dir='ltr'><strong><em>imperat</em></strong></span> <span class='ocrx_word' id='word_1_908' title='bbox 3617 4707 3634 4728; x_wconf 84' lang='lat'><strong><em>,</em></strong></span> <span class='ocrx_word' id='word_1_909' title='bbox 3666 4662 3858 4724; x_wconf 83' lang='lat' dir='ltr'><strong>utique</strong></span> 
     </span>
    </p>
   </div>
   <div class='ocr_carea' id='block_1_106' title="bbox 2264 4757 3762 4860">
    <p class='ocr_par' dir='ltr' id='par_1_106' title="bbox 2264 4757 3762 4860">
     <span class='ocr_line' id='line_1_119' title="bbox 2264 4757 3762 4860; baseline -0.028 -11"><span class='ocrx_word' id='word_1_910' title='bbox 2264 4795 2654 4860; x_wconf 88' lang='lat' dir='ltr'><strong>consequenter</strong></span> <span class='ocrx_word' id='word_1_911' title='bbox 2682 4779 3004 4849; x_wconf 82' lang='lat' dir='ltr'><strong>intelligitur,</strong></span> <span class='ocrx_word' id='word_1_912' title='bbox 3034 4775 3154 4845; x_wconf 89' lang='lat' dir='ltr'><strong>quia</strong></span> <span class='ocrx_word' id='word_1_913' title='bbox 3183 4763 3464 4837; x_wconf 82' lang='lat' dir='ltr'><strong>imperanti</strong></span> <span class='ocrx_word' id='word_1_914' title='bbox 3489 4757 3762 4816; x_wconf 88' lang='lat' dir='ltr'><strong>obeditur.</strong></span> 
     </span>
    </p>
   </div>
   <div class='ocr_carea' id='block_1_107' title="bbox 2337 4844 3858 4947">
    <p class='ocr_par' dir='ltr' id='par_1_107' title="bbox 2337 4844 3858 4947">
     <span class='ocr_line' id='line_1_120' title="bbox 2337 4844 3858 4947; baseline -0.03 -7"><span class='ocrx_word' id='word_1_915' title='bbox 2447 4844 2607 4947; x_wconf 73' lang='lat' dir='ltr'><strong>Quod</strong></span> <span class='ocrx_word' id='word_1_916' title='bbox 2643 4889 2774 4932; x_wconf 90' lang='lat' dir='ltr'><strong>vero</strong></span> <span class='ocrx_word' id='word_1_917' title='bbox 2807 4844 3084 4927; x_wconf 68' lang='lat' dir='ltr'><strong>Matthmus</strong></span> <span class='ocrx_word' id='word_1_918' title='bbox 3117 4863 3250 4918; x_wconf 92' lang='lat' dir='ltr'><strong>duos</strong></span> <span class='ocrx_word' id='word_1_919' title='bbox 3279 4857 3407 4912; x_wconf 87' lang='lat' dir='ltr'><strong>dicit</strong></span> <span class='ocrx_word' id='word_1_920' title='bbox 3433 4853 3614 4915; x_wconf 84' lang='lat' dir='ltr'><strong>fuisse,</strong></span> <span class='ocrx_word' id='word_1_921' title='bbox 3647 4846 3740 4912; x_wconf 89' lang='lat' dir='ltr'><strong>qui</strong></span> <span class='ocrx_word' id='word_1_922' title='bbox 3771 4844 3858 4896; x_wconf 85' lang='lat' dir='ltr'><strong>le-</strong></span> 
     </span>
    </p>
   </div>
   <div class='ocr_carea' id='block_1_108' title="bbox 2269 4945 3864 5050">
    <p class='ocr_par' dir='ltr' id='par_1_108' title="bbox 2269 4945 3864 5050">
     <span class='ocr_line' id='line_1_121' title="bbox 2269 4945 3864 5050; baseline -0.03 -14"><span class='ocrx_word' id='word_1_923' title='bbox 2269 4945 2495 5050; x_wconf 44' lang='lat' dir='ltr'><strong>gionem—</strong></span> <span class='ocrx_word' id='word_1_924' title='bbox 2521 4974 2666 5029; x_wconf 89' lang='lat' dir='ltr'><strong>illam</strong></span> <span class='ocrx_word' id='word_1_925' title='bbox 2694 4969 2994 5024; x_wconf 68' lang='lat' dir='ltr'><strong>(larmouum</strong></span> <span class='ocrx_word' id='word_1_926' title='bbox 3032 4956 3388 5030; x_wconf 88' lang='lat' dir='ltr'><strong>patiebantur,</strong></span> <span class='ocrx_word' id='word_1_927' title='bbox 3417 4961 3537 5018; x_wconf 75' lang='lat' dir='ltr'><strong>qua:</strong></span> <span class='ocrx_word' id='word_1_928' title='bbox 3574 4945 3628 4997; x_wconf 91' lang='lat' dir='ltr'><strong><em>in</em></strong></span> <span class='ocrx_word' id='word_1_929' title='bbox 3660 4947 3864 5010; x_wconf 88' lang='lat' dir='ltr'><strong>porcos</strong></span> 
     </span>
    </p>
   </div>
   <div class='ocr_carea' id='block_1_109' title="bbox 2271 5043 3865 5140">
    <p class='ocr_par' dir='ltr' id='par_1_109' title="bbox 2271 5043 3865 5140">
     <span class='ocr_line' id='line_1_122' title="bbox 2271 5043 3865 5140; baseline -0.031 -13"><span class='ocrx_word' id='word_1_930' title='bbox 2271 5073 2349 5127; x_wconf 91' lang='lat' dir='ltr'><strong>ire</strong></span> <span class='ocrx_word' id='word_1_931' title='bbox 2374 5067 2632 5140; x_wconf 89' lang='lat' dir='ltr'><strong>permissa</strong></span> <span class='ocrx_word' id='word_1_932' title='bbox 2676 5070 2777 5125; x_wconf 89' lang='lat' dir='ltr'><strong>est,</strong></span> <span class='ocrx_word' id='word_1_933' title='bbox 2803 5058 3009 5112; x_wconf 89' lang='lat' dir='ltr'><strong>Marcus</strong></span> <span class='ocrx_word' id='word_1_934' title='bbox 3033 5058 3209 5106; x_wconf 89' lang='lat' dir='ltr'><strong>autem</strong></span> <span class='ocrx_word' id='word_1_935' title='bbox 3229 5055 3283 5100; x_wconf 89' lang='lat' dir='ltr'><strong>et</strong></span> <span class='ocrx_word' id='word_1_936' title='bbox 3306 5043 3479 5098; x_wconf 89' lang='lat' dir='ltr'><strong>Lucas</strong></span> <span class='ocrx_word' id='word_1_937' title='bbox 3505 5047 3670 5091; x_wconf 91' lang='lat' dir='ltr'><strong>unum</strong></span> <span class='ocrx_word' id='word_1_938' title='bbox 3701 5043 3865 5084; x_wconf 56' lang='lat' dir='ltr'><strong>com-</strong></span> 
     </span>
    </p>
   </div>
   <div class='ocr_carea' id='block_1_110' title="bbox 2249 5129 3922 5220">
    <p class='ocr_par' dir='ltr' id='par_1_110' title="bbox 2249 5129 3922 5220">
     <span class='ocr_line' id='line_1_123' title="bbox 2249 5129 3922 5220; baseline -0.032 0"><span class='ocrx_word' id='word_1_939' title='bbox 2249 5157 2619 5219; x_wconf 83' lang='lat' dir='ltr'><strong>memorant:</strong></span> <span class='ocrx_word' id='word_1_940' title='bbox 2654 5151 2916 5220; x_wconf 83' lang='lat' dir='ltr'><strong>intelligas</strong></span> <span class='ocrx_word' id='word_1_941' title='bbox 2959 5155 3120 5200; x_wconf 93' lang='lat' dir='ltr'><strong>unum</strong></span> <span class='ocrx_word' id='word_1_942' title='bbox 3166 5149 3352 5194; x_wconf 91' lang='lat' dir='ltr'><strong>eorum</strong></span> <span class='ocrx_word' id='word_1_943' title='bbox 3397 5129 3559 5185; x_wconf 88' lang='lat' dir='ltr'><strong>luisse</strong></span> <span class='ocrx_word' id='word_1_944' title='bbox 3611 5130 3870 5193; x_wconf 63' lang='lat' dir='ltr'><strong>persona:</strong></span> <span class='ocrx_word' id='word_1_945' title='bbox 3915 5155 3922 5160; x_wconf 93' lang='lat'><strong><em>.</em></strong></span> 
     </span>
    </p>
   </div>
   <div class='ocr_carea' id='block_1_111' title="bbox 2275 5212 3872 5319">
    <p class='ocr_par' dir='ltr' id='par_1_111' title="bbox 2275 5212 3872 5319">
     <span class='ocr_line' id='line_1_124' title="bbox 2275 5212 3872 5319; baseline -0.031 -11"><span class='ocrx_word' id='word_1_946' title='bbox 2275 5251 2494 5319; x_wconf 88' lang='lat' dir='ltr'><strong>alicujus</strong></span> <span class='ocrx_word' id='word_1_947' title='bbox 2515 5243 2755 5302; x_wconf 89' lang='lat' dir='ltr'><strong>clarioris</strong></span> <span class='ocrx_word' id='word_1_948' title='bbox 2781 5249 2835 5296; x_wconf 92' lang='lat' dir='ltr'><strong>et</strong></span> <span class='ocrx_word' id='word_1_949' title='bbox 2863 5232 3181 5299; x_wconf 81' lang='lat' dir='ltr'><strong>famosioris,</strong></span> <span class='ocrx_word' id='word_1_950' title='bbox 3209 5237 3368 5299; x_wconf 89' lang='lat' dir='ltr'><strong>quem</strong></span> <span class='ocrx_word' id='word_1_951' title='bbox 3407 5219 3556 5290; x_wconf 76' lang='lat' dir='ltr'><strong>regio</strong></span> <span class='ocrx_word' id='word_1_952' title='bbox 3602 5212 3692 5268; x_wconf 87' lang='lat' dir='ltr'><strong>illa</strong></span> <span class='ocrx_word' id='word_1_953' title='bbox 3748 5221 3872 5263; x_wconf 85' lang='lat' dir='ltr'><strong>ma-</strong></span> 
     </span>
    </p>
   </div>
   <div class='ocr_carea' id='block_1_112' title="bbox 2276 5311 3873 5405">
    <p class='ocr_par' dir='ltr' id='par_1_112' title="bbox 2276 5311 3873 5405">
     <span class='ocr_line' id='line_1_125' title="bbox 2276 5311 3873 5405; baseline -0.031 -3"><span class='ocrx_word' id='word_1_954' title='bbox 2276 5311 2426 5401; x_wconf 77' lang='lat' dir='ltr'><strong>xime</strong></span> <span class='ocrx_word' id='word_1_955' title='bbox 2443 5341 2677 5404; x_wconf 89' lang='lat' dir='ltr'><strong>dolebat,</strong></span> <span class='ocrx_word' id='word_1_956' title='bbox 2708 5343 2764 5391; x_wconf 90' lang='lat' dir='ltr'><strong>et</strong></span> <span class='ocrx_word' id='word_1_957' title='bbox 2791 5347 2888 5405; x_wconf 91' lang='lat' dir='ltr'><strong>pro</strong></span> <span class='ocrx_word' id='word_1_958' title='bbox 2918 5325 3071 5398; x_wconf 83' lang='lat' dir='ltr'><strong>cujus</strong></span> <span class='ocrx_word' id='word_1_959' title='bbox 3114 5322 3285 5379; x_wconf 86' lang='lat' dir='ltr'><strong>salute</strong></span> <span class='ocrx_word' id='word_1_960' title='bbox 3325 5311 3610 5380; x_wconf 86' lang='lat' dir='ltr'><strong>plurimum</strong></span> <span class='ocrx_word' id='word_1_961' title='bbox 3650 5311 3873 5372; x_wconf 72' lang='lat' dir='ltr'><strong>satage-</strong></span> 
     </span>
    </p>
   </div>
   <div class='ocr_carea' id='block_1_113' title="bbox 2277 5393 3875 5495">
    <p class='ocr_par' dir='ltr' id='par_1_113' title="bbox 2277 5393 3875 5495">
     <span class='ocr_line' id='line_1_126' title="bbox 2277 5393 3875 5495; baseline -0.033 -1"><span class='ocrx_word' id='word_1_962' title='bbox 2277 5440 2389 5495; x_wconf 88' lang='lat' dir='ltr'><strong>bat.</strong></span> <span class='ocrx_word' id='word_1_963' title='bbox 2420 5435 2532 5491; x_wconf 85' lang='lat' dir='ltr'><strong>Hoe</strong></span> <span class='ocrx_word' id='word_1_964' title='bbox 2549 5393 3114 5495; x_wconf 45' lang='lat' dir='ltr'><strong>volentes-signiﬁcare</strong></span> <span class='ocrx_word' id='word_1_965' title='bbox 3136 5414 3243 5470; x_wconf 89' lang='lat' dir='ltr'><strong>duo</strong></span> <span class='ocrx_word' id='word_1_966' title='bbox 3283 5401 3660 5474; x_wconf 75' lang='lat' dir='ltr'><strong>Evangelisue,</strong></span> <span class='ocrx_word' id='word_1_967' title='bbox 3691 5393 3875 5495; x_wconf 72' lang='lat' dir='ltr'><strong>solum</strong></span> 
     </span>
    </p>
   </div>
   <div class='ocr_carea' id='block_1_114' title="bbox 2281 5483 3881 5586">
    <p class='ocr_par' dir='ltr' id='par_1_114' title="bbox 2281 5483 3881 5586">
     <span class='ocr_line' id='line_1_127' title="bbox 2281 5483 3881 5586; baseline -0.035 1"><span class='ocrx_word' id='word_1_968' title='bbox 2281 5521 2806 5586; x_wconf 89' lang='lat' dir='ltr'><strong>commemorandum</strong></span> <span class='ocrx_word' id='word_1_969' title='bbox 2843 5513 3231 5584; x_wconf 77' lang='lat' dir='ltr'><strong>iudicaverunt,</strong></span> <span class='ocrx_word' id='word_1_970' title='bbox 3272 5501 3340 5556; x_wconf 91' lang='lat' dir='ltr'><strong>de</strong></span> <span class='ocrx_word' id='word_1_971' title='bbox 3384 5509 3490 5567; x_wconf 91' lang='lat' dir='ltr'><strong>quo</strong></span> <span class='ocrx_word' id='word_1_972' title='bbox 3536 5487 3663 5545; x_wconf 83' lang='lat' dir='ltr'><strong>facti</strong></span> <span class='ocrx_word' id='word_1_973' title='bbox 3705 5483 3881 5551; x_wconf 68' lang='lat' dir='ltr'><strong>huius</strong></span> 
     </span>
    </p>
   </div>
   <div class='ocr_carea' id='block_1_115' title="bbox 2283 5571 3883 5684">
    <p class='ocr_par' dir='ltr' id='par_1_115' title="bbox 2283 5571 3883 5684">
     <span class='ocr_line' id='line_1_128' title="bbox 2283 5571 3883 5684; baseline -0.034 -7"><span class='ocrx_word' id='word_1_974' title='bbox 2283 5619 2590 5677; x_wconf 86' lang='lat' dir='ltr'><strong>famalatius</strong></span> <span class='ocrx_word' id='word_1_975' title='bbox 2607 5608 3014 5684; x_wconf 66' lang='lat' dir='ltr'><strong>prteclariusque</strong></span> <span class='ocrx_word' id='word_1_976' title='bbox 3035 5599 3379 5669; x_wconf 79' lang='lat' dir='ltr'><strong>fragraverat.</strong></span> <span class='ocrx_word' id='word_1_977' title='bbox 3405 5585 3517 5643; x_wconf 88' lang='lat' dir='ltr'><strong>Nec</strong></span> <span class='ocrx_word' id='word_1_978' title='bbox 3537 5576 3681 5644; x_wconf 87' lang='lat' dir='ltr'><strong>quod</strong></span> <span class='ocrx_word' id='word_1_979' title='bbox 3705 5571 3883 5628; x_wconf 85' lang='lat' dir='ltr'><strong>verba</strong></span> 
     </span>
     <span class='ocr_line' id='line_1_129' title="bbox 3384 5663 3881 5684; baseline -0.032 0"><span class='ocrx_word' id='word_1_980' title='bbox 3384 5679 3417 5684; x_wconf 78' lang='lat'><strong>-_</strong></span> <span class='ocrx_word' id='word_1_981' title='bbox 3641 5678 3654 5684; x_wconf 55' lang='grc'><em>,</em></span> <span class='ocrx_word' id='word_1_982' title='bbox 3708 5666 3739 5684; x_wconf 70' lang='lat'><strong>,_</strong></span> <span class='ocrx_word' id='word_1_983' title='bbox 3754 5663 3881 5684; x_wconf 42' lang='grc'><strong>4,,</strong></span> 
     </span>
    </p>
   </div>
   <div class='ocr_carea' id='block_1_116' title="bbox 2285 5663 3889 5770">
    <p class='ocr_par' dir='ltr' id='par_1_116' title="bbox 2285 5663 3889 5770">
     <span class='ocr_line' id='line_1_130' title="bbox 2285 5663 3889 5770; baseline -0.037 1"><span class='ocrx_word' id='word_1_984' title='bbox 2285 5716 2583 5770; x_wconf 57' lang='lat' dir='ltr'><strong>daemonum</strong></span> <span class='ocrx_word' id='word_1_985' title='bbox 2610 5663 2840 5760; x_wconf 83' lang='lat' dir='ltr'><strong>rdiverse</strong></span> <span class='ocrx_word' id='word_1_986' title='bbox 2885 5698 2952 5752; x_wconf 90' lang='lat' dir='ltr'><strong>ab</strong></span> <span class='ocrx_word' id='word_1_987' title='bbox 2991 5663 3343 5761; x_wconf 69' lang='lat' dir='ltr'><strong>Evangelistis</strong></span> <span class='ocrx_word' id='word_1_988' title='bbox 3369 5679 3508 5735; x_wconf 90' lang='lat' dir='ltr'><strong>dicta</strong></span> <span class='ocrx_word' id='word_1_989' title='bbox 3534 5678 3682 5732; x_wconf 87' lang='lat' dir='ltr'><strong>sunt,</strong></span> <span class='ocrx_word' id='word_1_990' title='bbox 3708 5663 3889 5718; x_wconf 85' lang='lat' dir='ltr'><strong>habet</strong></span> 
     </span>
    </p>
   </div>
   <div class='ocr_carea' id='block_1_117' title="bbox 2288 5759 3889 5876">
    <p class='ocr_par' dir='ltr' id='par_1_117' title="bbox 2288 5759 3889 5876">
     <span class='ocr_line' id='line_1_131' title="bbox 2288 5759 3889 5876; baseline -0.029 -12"><span class='ocrx_word' id='word_1_991' title='bbox 2288 5805 2488 5876; x_wconf 90' lang='lat' dir='ltr'><strong>aliquid</strong></span> <span class='ocrx_word' id='word_1_992' title='bbox 2517 5799 2783 5870; x_wconf 89' lang='lat' dir='ltr'><strong>scrupuli;</strong></span> <span class='ocrx_word' id='word_1_993' title='bbox 2815 5809 2936 5850; x_wconf 90' lang='lat' dir='ltr'><strong>cum</strong></span> <span class='ocrx_word' id='word_1_994' title='bbox 2963 5788 3046 5845; x_wconf 80' lang='lat' dir='ltr'><strong>vel</strong></span> <span class='ocrx_word' id='word_1_995' title='bbox 3066 5788 3134 5840; x_wconf 87' lang='lat' dir='ltr'><strong>ad</strong></span> <span class='ocrx_word' id='word_1_996' title='bbox 3153 5777 3310 5838; x_wconf 82' lang='lat' dir='ltr'><strong>unam</strong></span> <span class='ocrx_word' id='word_1_997' title='bbox 3330 5769 3498 5840; x_wconf 79' lang='lat' dir='ltr'><strong>redigi</strong></span> <span class='ocrx_word' id='word_1_998' title='bbox 3525 5759 3889 5820; x_wconf 69' lang='lat' dir='ltr'><strong>sententiam.</strong></span> 
     </span>
     <span class='ocr_line' id='line_1_132' title="bbox 3240 5845 3889 5876; baseline -0.02 12"><span class='ocrx_word' id='word_1_999' title='bbox 3240 5873 3250 5876; x_wconf 84' lang='lat'><strong>-</strong></span> <span class='ocrx_word' id='word_1_1000' title='bbox 3304 5867 3349 5876; x_wconf 87' lang='lat'><strong>--</strong></span> <span class='ocrx_word' id='word_1_1001' title='bbox 3521 5861 3559 5876; x_wconf 38' lang='grc' dir='ltr'><strong>-Α</strong></span> <span class='ocrx_word' id='word_1_1002' title='bbox 3593 5845 3889 5876; x_wconf 58' lang='grc' dir='ltr'><strong>..ιη-...ειη</strong></span> 
     </span>
    </p>
   </div>
   <div class='ocr_carea' id='block_1_118' title="bbox 2288 5845 3892 5961">
    <p class='ocr_par' dir='ltr' id='par_1_118' title="bbox 2288 5845 3892 5961">
     <span class='ocr_line' id='line_1_133' title="bbox 2288 5845 3892 5961; baseline -0.033 -2"><span class='ocrx_word' id='word_1_1003' title='bbox 2288 5845 2395 5960; x_wconf 76' lang='lat' dir='ltr'><strong>vell</strong></span> <span class='ocrx_word' id='word_1_1004' title='bbox 2405 5895 2586 5956; x_wconf 86' lang='lat' dir='ltr'><strong>omnia</strong></span> <span class='ocrx_word' id='word_1_1005' title='bbox 2612 5845 2752 5951; x_wconf 71' lang='lat' dir='ltr'><strong>dicta</strong></span> <span class='ocrx_word' id='word_1_1006' title='bbox 2769 5845 2997 5961; x_wconf 49' lang='lat' dir='ltr'><strong>,possint</strong></span> <span class='ocrx_word' id='word_1_1007' title='bbox 3035 5873 3277 5948; x_wconf 69' lang='lat' dir='ltr'><strong>intelligi.</strong></span> <span class='ocrx_word' id='word_1_1008' title='bbox 3304 5867 3415 5932; x_wconf 75' lang='lat' dir='ltr'><strong>Nec</strong></span> <span class='ocrx_word' id='word_1_1009' title='bbox 3447 5861 3572 5936; x_wconf 83' lang='lat' dir='ltr'><strong>quia</strong></span> <span class='ocrx_word' id='word_1_1010' title='bbox 3593 5845 3892 5945; x_wconf 52' lang='lat' dir='ltr'><strong>plurali“!</strong></span> 
     </span>
    </p>
   </div>
  </div>
