4082 6480
315 488 460 557 uos
556 432 576 444 Ἴ

319 607 461 683 apud
496 603 803 661 Matthaeum
819 644 835 672 ,
861 599 1000 673 apud
1027 599 1147 656 illos
1170 606 1345 656 autem
1371 595 1708 670 singulariter
1736 595 1910 666 loqui-

319 720 439 774 tur;
473 722 592 762 cum
620 715 674 760 et
697 703 800 776 ipsi
830 710 1046 758 narrent
1088 701 1229 772 quod
1272 698 1628 768 interrogatus
1666 694 1793 765 quid
1820 708 1912 748 vo-

319 808 551 864 carctur,
584 791 844 864 legiohem
891 810 949 850 se
989 808 1112 849 esse
1150 790 1444 862 respondit,
1483 804 1550 844 eo
1580 787 1720 859 quod
1747 785 1913 841 multa

320 901 505 951 essent
525 891 809 946 dmmonia.
828 888 937 943 Nec
956 887 1099 959 quod
1114 886 1322 941 Marcus
1346 884 1480 939 dixit
1504 883 1646 939 circa
1674 886 1912 936 montem

320 987 488 1045 fuisse
534 999 747 1055 gregem
797 996 1101 1056 porcorum,
1149 980 1319 1035 Lucas
1363 986 1543 1032 autem
1601 976 1654 1030 in
1708 981 1910 1038 monte,

320 1078 610 1150 quidquam
642 1082 920 1144 repugnat.
950 1073 1091 1128 Grex
1133 1071 1275 1126 enim
1327 1081 1606 1139 porcorum
1647 1072 1756 1120 tam
1796 1078 1911 1118 ma-

321 1188 460 1245 gnus
483 1171 600 1237 fuit,
625 1179 685 1224 ut
709 1167 906 1239 aliquid
931 1167 1046 1237 ejus
1068 1172 1214 1221 esset
1244 1165 1297 1218 in
1323 1173 1522 1228 monte,
1549 1159 1748 1232 aliquid
1773 1159 1914 1214 circa

321 1275 582 1323 montem.
615 1263 779 1317 Erant
805 1260 948 1316 enim
976 1257 1083 1314 duo
1112 1257 1275 1312 millia
1300 1269 1604 1325 porcorum,
1623 1251 1916 1308 sicutMar-

323 1372 420 1414 cus
453 1355 741 1425 expressit.

320 1447 551 1506 CAPUT
601 1445 769 1501 XXV.
811 1473 884 1484 —
921 1442 1002 1496 De
1029 1439 1306 1511 paralytico
1337 1438 1418 1491 cui
1447 1437 1598 1503 dixit,
1631 1435 1916 1490 Dimittun-

395 1551 485 1597 tur
509 1539 603 1595 tibi
629 1547 864 1610 peccata,
892 1545 971 1602 et,
1009 1533 1158 1589 Tolle
1182 1533 1457 1604 grabatum
1489 1537 1658 1594 tuum,
1700 1527 1917 1581 maxime

398 1642 569 1687 utrum
598 1631 736 1685 locus
765 1627 851 1682 ubi
872 1627 966 1681 hoc
995 1630 1185 1698 factum
1208 1633 1301 1688 est,
1333 1622 1594 1676 conveniat
1622 1621 1750 1673 inter
1780 1617 1918 1671 Mat-

398 1727 583 1780 thazum
610 1734 655 1777 et
680 1721 953 1785 Marcum;
998 1719 1118 1790 quia
1161 1716 1435 1770 Matt/tarus
1473 1715 1592 1768 dicit
1629 1714 1684 1767 in
1719 1711 1919 1768 civitate

394 1835 490 1873 sua
516 1860 530 1884 ,
565 1815 771 1870 Marcus
797 1822 962 1867 autem
991 1812 1043 1865 in
1070 1809 1446 1881 Capharnaum.

396 1909 486 1964 57.
519 1906 655 1962 Hinc
683 1919 810 1974 ergo
834 1902 1068 1973 sequitur
1096 1899 1394 1966 Matthaeus,
1421 1897 1593 1953 adhuc
1615 1904 1915 1974 temporum

323 2003 569 2060 ordinem
610 2011 830 2055 servans
854 2039 870 2064 ,
924 2004 1084 2066 atque
1118 1993 1189 2048 ita
1238 1993 1597 2048 narrationem
1634 1990 1912 2045 contexit:

323 2093 400 2154 Et
444 2093 716 2150 ascendens
763 2092 816 2145 in
855 2089 1143 2145 naviculam
1192 2085 1564 2158 transfretavit,
1609 2092 1655 2137 et
1692 2085 1822 2136 venit
1862 2081 1918 2134 in

327 2189 580 2243 civitatem
629 2201 791 2240 suam.
850 2181 921 2236 Et
982 2197 1094 2236 ecce
1151 2178 1423 2246 offerebant
1479 2176 1524 2230 ei
1582 2175 1918 2246 paralyticum

318 2289 574 2352 Jacentem
599 2279 653 2333 in
672 2278 819 2343 lecto,
839 2284 967 2343 etc.,
996 2289 1162 2346 usque
1185 2272 1250 2328 ad
1279 2271 1405 2327 illud
1435 2269 1577 2342 quod
1606 2269 1699 2334 ait,
1733 2266 1919 2322 Viden-

323 2384 396 2429 tes
439 2382 605 2429 autem
645 2371 830 2434 turbae,
879 2371 1154 2422 timuerunt
1193 2373 1239 2420 et
1279 2364 1687 2437 gloriﬁcaverunt
1733 2359 1914 2426 Deum,

327 2467 414 2533 qui
437 2465 574 2520 dedit
605 2470 924 2540 postestatem
951 2461 1102 2514 talem
1123 2456 1406 2512 hominibus
1438 2454 1649 2526 (Matth.
1679 2469 1751 2521 ιιι,
1776 2452 1913 2524 I-8).

323 2562 404 2619 De
433 2561 535 2616 hoc
575 2558 865 2630 paralytico
911 2554 1161 2610 dixerunt
1201 2551 1360 2606 etiam
1392 2550 1597 2604 Marcus
1626 2555 1682 2602 et
1724 2546 1913 2600 Lucas.

323 2653 478 2723 Quod
505 2667 633 2722 ergo
658 2641 939 2705 Matthtnus
965 2645 1093 2701 dicit
1119 2643 1399 2700 Dominum
1426 2642 1626 2697 dixisse
1644 2682 1656 2704 ,
1684 2639 1913 2708 Con/ide,

323 2746 436 2816 ﬁli,
483 2744 805 2801 dimittuntur
853 2739 941 2794 tibi
985 2745 1189 2809 peccata
1222 2745 1340 2800 tua;
1383 2734 1554 2789 Lucas
1595 2743 1770 2787 autem
1812 2746 1916 2786 non

323 2836 480 2902 dixit,
510 2833 650 2900 Fili,
677 2832 793 2899 sed,
819 2832 992 2899 homo,
1017 2829 1085 2885 ad
1113 2827 1432 2885 sententiam
1462 2824 1670 2881 Domini
1697 2837 1916 2888 expres-

323 2928 457 2987 ttius.
485 2925 857 2983 insinuandam
908 2923 1047 2978 valet
1077 2941 1090 2978 :
1121 2922 1245 2992 quia
1287 2918 1490 2974 homini
1520 2917 1919 2973 dimittebantur

326 3027 547 3093 peccata
569 3059 584 3086 ,
635 3017 728 3088 qui
768 3016 874 3071 hoc
915 3015 1032 3085 ipso
1067 3012 1209 3084 quod
1241 3013 1400 3066 homo
1430 3018 1576 3077 erat,
1610 3023 1713 3064 non
1737 3016 1919 3079 posset

323 3114 507 3168 dicere
528 3152 541 3176 ,
572 3109 689 3165 Non
730 3107 974 3180 peccavi;
1007 3105 1165 3161 simul
1196 3103 1356 3159 etiam
1388 3111 1444 3156 ut
1471 3103 1557 3156 ille
1585 3101 1672 3171 qni
1718 3099 1920 3154 homini

325 3203 658 3272 dimittebat,
713 3201 1097 3271 intelligeretur
1143 3199 1299 3252 Deus.
1349 3197 1556 3250 Marcus
1597 3203 1775 3249 autem
1816 3192 1918 3248 hoc

324 3293 460 3353 dixit
483 3293 625 3361 quod
652 3301 707 3347 et
741 3291 1055 3356 Matthazus;
1087 3289 1181 3344 sed
1207 3303 1313 3342 non
1350 3286 1502 3354 dixit,
1533 3283 1763 3354 Con/ide.
1813 3284 1919 3338 Po-

326 3395 428 3443 tuit
461 3385 675 3454 quidem
705 3392 760 3438 et
788 3383 859 3436 ita
885 3381 989 3436 dici
1022 3399 1033 3434 :
1066 3379 1319 3444 Coulide,
1350 3378 1540 3441 homo;
1585 3377 1920 3432 dimittuntur

323 3477 418 3534 tibi
436 3484 672 3548 peccata,
699 3475 771 3528 Iili
791 3492 802 3527 :
823 3481 930 3538 aut,
952 3470 1192 3533 Contide,
1215 3470 1309 3535 lili;
1324 3469 1662 3523 dimittuntur
1680 3467 1770 3522 tibi
1791 3482 1918 3537 pec-

325 3577 466 3633 cata,
488 3569 678 3632 homo;
701 3575 791 3621 aut
809 3564 1044 3636 quolibet
1067 3563 1353 3617 verborum
1371 3558 1559 3614 ordine
1587 3559 1916 3630 congruenti.

397 3661 488 3718 58.
519 3655 651 3714 Illud
679 3674 806 3713 sane
838 3665 1011 3728 potest
1035 3670 1252 3710 movere
1277 3696 1292 3722 ,
1316 3650 1459 3724 quod
1485 3651 1552 3707 de
1582 3653 1683 3707 isto
1710 3653 1920 3724 paraly-

323 3755 430 3811 tico
461 3751 739 3807 Mattbteus
771 3751 840 3804 ita
871 3757 1051 3802 narrat
1085 3765 1097 3800 :
1130 3745 1202 3799 Et
1241 3745 1517 3799 ascendens
1545 3745 1597 3798 in
1628 3743 1914 3798 naviculam

325 3845 684 3908 transfretavit,
707 3853 752 3897 et
768 3843 896 3897 venit
913 3842 965 3894 in
986 3841 1230 3894 civitatem
1247 3855 1410 3893 suam.
1433 3836 1499 3890 Et
1521 3854 1632 3892 ecce
1647 3835 1923 3900 oﬂ'ercbant

327 3945 373 3996 ei
413 3939 750 4010 paralyticum
788 3938 1042 4006 jacentem
1086 3934 1138 3986 in
1179 3933 1303 3987 lecto
1336 3931 1588 3986 :Marcus
1615 3939 1791 3985 autem
1821 3945 1922 3984 non

324 4033 430 4089 hoc
448 4032 503 4086 in
538 4031 654 4100 ejus
681 4028 892 4084 civitate
916 4027 1108 4081 factum
1138 4023 1286 4092 dicit,
1314 4039 1434 4093 quae
1462 4023 1643 4092 utique
1661 4022 1922 4076 Nazareth

323 4135 582 4188 vocatur,
623 4123 718 4178 sed
764 4122 816 4176 in
861 4119 1266 4190 Capharnaum;
1308 4116 1448 4186 quod
1490 4117 1560 4170 ita
1607 4123 1786 4170 narrat
1814 4133 1826 4168 :
1857 4114 1925 4171 Et

323 4221 508 4274 iterum
548 4215 751 4270 intravit
785 4215 839 4267 in
869 4213 1233 4283 Capharnaum
1275 4218 1386 4278 post
1430 4207 1534 4260 dies
1568 4222 1586 4260 :
1615 4217 1660 4260 ct
1697 4207 1926 4283 auditum

330 4319 404 4366 est
426 4309 563 4382 quod
587 4310 639 4363 in
667 4309 817 4362 domo
843 4314 1005 4369 esset;
1029 4313 1074 4357 et
1105 4311 1433 4357 convenerunt
1457 4301 1622 4369 multi,
1652 4302 1724 4355 ita
1752 4311 1804 4354 ut
1825 4281 1925 4356 non

332 4411 532 4476 caperet
575 4418 731 4472 neque
765 4401 831 4454 ad
865 4401 1084 4470 januam
1124 4413 1142 4450 :
1177 4406 1220 4450 et
1261 4395 1554 4467 loquebatur
1592 4396 1663 4450 eis
1701 4396 1921 4449 verbum.

333 4495 399 4550 Et
429 4503 669 4548 venerunt
694 4496 908 4563 ferentes
929 4490 996 4542 ad
1015 4505 1128 4542 eum
1157 4487 1513 4558 paralyticum,
1543 4489 1627 4555 qui
1658 4503 1688 4538 a
1709 4495 1926 4556 quatuor

330 4593 645 4663 portabatur.
700 4584 769 4640 Et
805 4602 919 4639 cum
955 4602 1055 4639 non
1099 4593 1299 4654 possent
1337 4581 1522 4649 olferre
1542 4599 1657 4635 eum
1693 4580 1773 4634 illi
1817 4596 1926 4652 prce

329 4684 507 4749 turba,
535 4683 846 4737 uudaverunt
873 4689 1051 4733 tectum
1079 4678 1163 4731 ubi
1184 4685 1288 4730 erat
1309 4718 1324 4742 ,
1354 4685 1398 4728 et
1422 4675 1778 4746 patefacientes
1806 4673 1926 4728 sub-

328 4786 568 4832 mtserunt
592 4779 855 4847 grabatum
882 4774 934 4826 iu
963 4788 1062 4844 quo
1095 4769 1411 4841 paralyticus
1441 4769 1666 4839 jacebat.
1697 4766 1822 4822 Cum
1851 4768 1925 4821 vi-

331 4873 481 4926 disset
500 4879 667 4924 autem
690 4869 840 4922 Jesus
869 4867 1021 4936 ﬁdem
1043 4864 1272 4927 illorum,
1306 4871 1409 4917 etc.
1447 4859 1636 4932 (Marc.
1669 4876 1739 4926 ιι,
1770 4861 1920 4932 1-12)

332 4965 505 5021 Lucas
546 4973 722 5019 autem
760 4977 868 5016 non
898 4963 1282 5015 commemorat
1319 4970 1423 5026 quo
1463 4953 1515 5010 in
1561 4955 1678 5010 loco
1728 4953 1922 5010 factum

331 5059 420 5124 sit,
455 5057 550 5113 sed
576 5057 646 5112 ita
673 5055 804 5111 dicit
837 5073 848 5107 :
881 5053 947 5106 Et
974 5056 1163 5120 factum
1191 5059 1262 5104 est
1291 5049 1344 5101 in
1369 5064 1471 5102 una
1501 5046 1714 5112 dierum,
1746 5055 1791 5100 et
1815 5047 1924 5115 ipse

331 5159 535 5206 sedebat
573 5151 756 5203 docens
787 5164 806 5201 :
832 5157 878 5201 et
921 5153 1064 5200 erant
1109 5141 1362 5196 Pharisaei
1409 5140 1660 5206 sedentes,
1708 5148 1754 5194 et
1797 5140 1921 5212 legis

332 5248 580 5308 doctores,
610 5248 694 5306 qui
722 5247 953 5294 venerant
981 5253 1042 5292 ea:
1073 5235 1212 5289 omni
1241 5234 1444 5288 castello
1479 5232 1707 5288 Galilaea:
1739 5241 1786 5287 et
1820 5231 1922 5286 Ju-

323 5336 456 5413 βίαια)
477 5343 524 5388 et
551 5332 833 5387 Jerusalem
866 5340 955 5384 :et
1000 5329 1154 5382 virtus
1178 5335 1284 5380 erat
1310 5323 1519 5379 Domini
1561 5326 1628 5378 ad
1670 5325 1923 5379 sanandos

329 5444 436 5483 eos.
487 5421 557 5480 Et
583 5440 693 5480 ecce
731 5424 822 5478 viri
866 5429 1118 5485 portantes
1158 5421 1210 5473 in
1248 5416 1376 5472 lecto
1417 5418 1668 5472 hominem
1704 5419 1789 5486 qui
1817 5427 1924 5472 erat

330 5518 643 5593 paralyticns
669 5559 686 5584 ,
727 5526 772 5570 et
796 5514 1083 5586 quwrebant
1117 5529 1230 5566 eum
1272 5511 1489 5579 inferre,
1531 5521 1577 5565 et
1601 5527 1785 5581 ponere
1809 5521 1924 5566 ante

324 5603 496 5669 eum:
519 5623 568 5666 et
597 5629 695 5665 non
723 5611 1026 5664 invenientes
1055 5623 1156 5670 qua
1193 5615 1336 5674 parte
1372 5604 1520 5658 illum
1547 5605 1789 5675 inferrent
1820 5620 1924 5674 pra:

335 5712 504 5764 turba.
535 5710 870 5758 ascenderunt
898 5715 1055 5766 supra
1081 5706 1294 5762 tectum,
1323 5703 1371 5749 et
1398 5712 1487 5764 per
1517 5695 1711 5762 tegulas
1730 5694 1922 5750 submi—

333 5807 506 5856 serunt
531 5796 676 5853 illum
705 5812 816 5850 cum
843 5796 968 5849 lecto
987 5793 1041 5846 in
1066 5791 1284 5846 medium
1309 5799 1425 5844 ante
1449 5789 1646 5845 Iesum.
1695 5791 1923 5854 Quorum

324 5890 493 5962 ﬁdem
520 5897 578 5944 ut
603 5887 762 5960 vidit_,
801 5886 930 5942 dixit
962 5902 980 5940 :
1011 5882 1177 5939 Homo
1200 5925 1216 5952 ,
1246 5883 1567 5938 remittuntur
1603 5883 1689 5938 tibi
1719 5894 1924 5957 peccata

322 5991 434 6049 tua,
465 5989 572 6039 etc.
594 5979 744 6055 (Luc.
776 5994 841 6050 ν,
874 5975 1084 6049 17-26).
1117 5975 1376 6034 Remanet
1399 5974 1556 6047 igitur
1575 5977 1801 6049 quaestio
1830 5977 1918 6034 in-

1638 477 1844 537 LIBER
1878 474 2266 536 SECUNDUS.

1999 602 2102 648 .ter
2124 593 2358 650 Marcum
2388 601 2441 651 et
2468 593 2798 662 Mattbreum,
2821 595 2963 668 quod
2990 595 3270 655 Mattheeus
3298 599 3369 654 ita
3395 582 3613 673 scribit,"

3463 485 3606 546 H06

2019 693 2269 756 tanquam
2300 686 2354 741 in
2379 686 2590 742 civitate
2612 687 2822 742 Domini
2844 687 3040 744 factum
3071 691 3159 758 sit,
3191 691 3402 748 Marcus
3428 704 3608 751 autem

2018 776 2072 832 in
2099 776 2488 848 Capharnaum.
2539 778 2668 846 Qua:
2711 779 2980 837 difﬁcilius
3013 783 3348 851 solveretur,
3395 786 3439 841 si
3472 786 3610 842 Mat-

2019 871 2190 928 thaeus
2229 873 2389 934 etiam
2431 872 2692 929 Nazareth
2739 876 3085 932 nominaret:
3119 893 3261 932 nunc
3307 894 3436 935 vero
3481 896 3607 938 cum

2019 967 2252 1037 potuerit
2301 967 2415 1038 ipsa
2462 965 2678 1022 Galilaea
2725 967 2826 1023 dici
2878 969 3064 1026 civitas
3086 969 3334 1049 Christi,
3389 975 3513 1045 quia
3551 977 3609 1032 in

2019 1057 2236 1113 Galilaea
2263 1059 2654 1114 eratNazareth
2677 1061 2846 1116 :sicut
2867 1062 3171 1118 universum
3193 1081 3415 1136 regnum
3447 1068 3500 1130 in
3535 1078 3612 1126 tot

2019 1153 2318 1208 civitatibus
2343 1155 2708 1223 constitutum,
2737 1154 2928 1210 dicitur
2947 1156 3186 1212 Romana
3212 1160 3431 1225 civitas;
3453 1176 3610 1216 cum-

2019 1263 2125 1318 que
2154 1249 2206 1303 in
2233 1257 2311 1304 tot
2344 1249 2591 1320 gentibus
2614 1251 2897 1306 constituta
2923 1251 3108 1307 civitas
3133 1253 3199 1307 sit
3222 1296 3233 1319 ,
3267 1253 3334 1308 de
3355 1271 3456 1326 qua
3481 1257 3613 1312 scri-

2019 1350 2168 1412 ptum
2199 1350 2318 1409 est,
2349 1339 2722 1396 Gloriosissima
2751 1343 2885 1397 dicta
2925 1353 3040 1397 sunt
3082 1345 3144 1398 de
3185 1355 3258 1412 te,
3302 1347 3475 1401 civitas
3513 1347 3613 1403 Dei

2022 1433 2192 1506 (Psal.
2224 1451 2450 1503 Lxxm,
2483 1436 2572 1506 5);
2612 1443 2668 1491 et
2701 1451 2824 1491 cum
2869 1437 2986 1508 ipse
3014 1438 3160 1508 prior
3187 1440 3408 1510 pepulus
3438 1441 3529 1495 Dei
3558 1442 3612 1500 iu

2021 1537 2100 1585 tot
2132 1530 2433 1586 civitatibus
2469 1529 2750 1597 habitans,
2801 1530 2961 1586 etiam
2992 1547 3093 1586 una
3120 1531 3310 1588 domus
3343 1533 3515 1589 dictus
3541 1535 3613 1591 sit

2020 1621 2209 1677 domus
2237 1621 2395 1677 Israel
2428 1621 2580 1694 (Isai.
2602 1638 2656 1686 v,
2691 1622 2757 1688 7;
2781 1619 2973 1676 Jerem.
3004 1639 3082 1690 ιιι,
3113 1623 3202 1687 20,
3234 1634 3281 1680 et
3310 1623 3501 1679 Ezech.
3532 1642 3609 1694 ut,

2021 1715 2076 1786 4)
2108 1734 2121 1770 :
2149 1717 2268 1788 quis
2298 1715 2616 1773 dubitaverit
2644 1715 2698 1771 in
2719 1716 2931 1773 civitate
2946 1733 3040 1772 sua
3071 1717 3172 1774 hoc
3198 1718 3386 1776 fecisse
3406 1720 3613 1788 Jesum,

2021 1823 2142 1863 cum
2185 1808 2286 1863 hoc
2328 1809 2518 1864 fecerit
2551 1807 2604 1863 in
2637 1808 2848 1865 civitate
2876 1808 3244 1880 Capharnaum
3271 1812 3484 1867 civitate
3511 1812 3614 1868 Ga~

2022 1901 2205 1968 Iilaeaa,
2248 1916 2354 1972 quo
2405 1901 2798 1957 transfretando
2838 1902 3073 1958 redierat
3097 1902 3165 1958 de
3203 1904 3419 1974 regione
3445 1904 3616 1960 Gera-

2023 2007 2307 2061 senorum,
2358 2002 2416 2047 ut
2444 1994 2665 2050 veniens
2710 1993 2764 2048 in
2807 1993 3120 2059 Galilaeam,
3165 2004 3309 2050 recte
3346 1995 3616 2051 diceretur

1995 2087 2234 2140 venisse
2262 2086 2313 2139 in
2340 2086 2610 2143 civitatem
2637 2102 2812 2153 suam,
2837 2086 2890 2141 in
2910 2103 3244 2158 quocumque
3265 2088 3459 2158 oppido
3475 2098 3618 2148 esset

2023 2177 2290 2244 Galilaeaa;
2321 2179 2616 2248 praesertim
2652 2178 2774 2249 quia
2801 2187 2856 2233 et
2893 2179 3008 2248 ipsa
3037 2178 3405 2248 Capharnaum
3426 2179 3498 2233 ita
3525 2194 3618 2233 ex-

2022 2271 2248 2326 cellebat
2275 2271 2326 2325 in
2344 2269 2581 2336 Galilma,
2613 2281 2670 2326 ut
2690 2280 2935 2342 tanquam
2954 2271 3268 2340 metropolis
3293 2269 3617 2327 haberetur?

2023 2364 2175 2431 Quod
2201 2364 2244 2419 si
2271 2379 2489 2434 prorsus
2520 2380 2628 2418 non
2672 2363 2859 2418 liceret
2897 2364 3142 2432 accipere
3165 2363 3437 2419 civitatem
3461 2362 3617 2418 Citri-

2025 2457 2124 2521 sti,
2164 2455 2248 2510 vel
2280 2456 2449 2523 ipsam
2481 2454 2751 2510 Galilaeam
2777 2495 2792 2521 ,
2841 2454 2896 2509 in
2929 2469 3033 2524 qua
3065 2463 3178 2509 erat
3207 2454 3468 2509 Nazareth
3488 2496 3502 2520 ,
3530 2456 3618 2515 vel

2024 2536 2191 2618 ipsam
2221 2546 2588 2616 Capharnaum
2617 2587 2630 2610 ,
2680 2561 2798 2617 qua:
2826 2547 2965 2601 sicut
2989 2555 3144 2616 caput
3176 2545 3408 2602 Galiltete
3432 2547 3616 2602 civita-

2024 2641 2168 2696 tibus
2201 2640 2503 2704 eminebat;
2547 2639 2848 2693 diceremus
2872 2637 3175 2693 Mattbseum
3210 2639 3616 2708 praetermisisse

2023 2747 2140 2802 quae
2166 2740 2314 2800 gesta
2346 2739 2487 2794 sunt,
2524 2740 2866 2800 posteaquam
2891 2729 3036 2784 venit
3071 2729 3229 2783 Iesus
3258 2729 3310 2783 in
3341 2730 3613 2784 civitatem

2023 2837 2172 2877 suam
2191 2863 2205 2888 ,
2233 2822 2402 2877 donec
2429 2822 2634 2876 veniret
2661 2821 3064 2891 Capharnaum,
3096 2828 3150 2876 et
3179 2821 3279 2875 hoc
3309 2819 3616 2891 adjumtisse

2023 2914 2091 2969 de
2120 2922 2305 2969 sanato
2335 2914 2625 2984 paralytico
2659 2930 2671 2965 :
2705 2911 2839 2967 sicut
2865 2912 2920 2966 in
2937 2912 3116 2966 multis
3144 2913 3217 2966 ita
3237 2911 3455 2981 faciunt,
3478 2928 3616 2983 pra:-

2026 3008 2384 3062 termittcutes
2413 3007 2608 3073 media,
2644 3014 2891 3076 tanquam
2922 3005 3026 3061 hoc
3052 3007 3308 3062 continuo
3336 3016 3614 3078 sequatur,

2024 3101 2165 3172 quod
2217 3102 2331 3155 sine
2390 3101 2492 3154 ulla
2547 3099 3015 3170 prmtcrmissionis
3062 3115 3174 3154 suae
3228 3099 3617 3170 signiﬁcatione

2025 3195 2371 3265 Subjungttnt.

2024 3307 2250 3366 CAPUT
2267 3307 2457 3362 XXVI.
2481 3338 2550 3347 —
2570 3306 2650 3361 De
2672 3307 2929 3362 vocatione
2951 3323 3146 3380 quoque
3166 3305 3418 3373 Matthwi,
3449 3315 3617 3361 utrum

2099 3402 2278 3456 Marco
2308 3412 2352 3455 et
2384 3401 2536 3455 Lucw
2563 3401 2647 3472 qui
2672 3400 2845 3454 dicunt
2871 3399 3027 3454 Levin
3052 3399 3252 3470 Alpha’i
3271 3441 3287 3468 ,
3317 3399 3452 3454 idem
3479 3398 3618 3452 Mat-

2099 3499 2259 3553 thceus
2286 3506 2548 3568 congruat.

2099 3614 2187 3669 59.
2223 3613 2357 3668 Hinc
2387 3627 2515 3682 ergo
2544 3611 2782 3681 sequitur
2806 3609 3118 3675 Matthaeus,
3152 3609 3336 3664 dicens
3364 3625 3378 3662 :
3407 3607 3476 3662 Et
3504 3625 3620 3663 cum

2029 3708 2264 3762 transiret
2291 3705 2410 3759 inde
2432 3703 2467 3757 J
2472 3721 2600 3769 esus,
2632 3703 2755 3757 vidit
2777 3704 3027 3757 hominem
3051 3705 3299 3756 sedentem
3329 3702 3380 3755 in
3407 3699 3616 3769 telonio,

2031 3795 2334 3852 Matthazum
2378 3795 2580 3848 nomine
2597 3835 2612 3860 ,
2643 3801 2689 3846 et
2714 3795 2783 3846 ait
2810 3793 2919 3858 illi,
2947 3792 3164 3863 Sequere
3188 3807 3266 3845 me
3295 3807 3314 3846 :
3339 3800 3385 3845 et
3410 3807 3618 3861 surgens

2029 3899 2228 3943 secutus
2253 3895 2325 3942 est
2348 3904 2462 3941 eum
2488 3885 2698 3957 (Matth.
2729 3902 2805 3952 rx,
2837 3884 2914 3956 9).
2946 3885 3059 3939 Hoc
3085 3884 3293 3939 Marcus
3316 3884 3389 3938 ita
3415 3892 3618 3952 narrat,

2031 3982 2278 4039 eumdem
2299 3983 2458 4036 etiam
2490 3981 2604 4050 ipse
2632 3979 2875 4034 ordinem
2909 3987 3090 4033 tenens
3127 3986 3246 4046 post
3283 3976 3426 4031 illius
3460 3991 3620 4046 para-

2029 4075 2175 4146 Iytici
2213 4074 2493 4128 sanitatem
2517 4088 2536 4125 :
2565 4071 2632 4126 Et
2670 4087 2900 4141 egressus
2933 4079 3044 4135 est,
3098 4069 3304 4138 inquit,
3354 4068 3422 4120 ad
3460 4083 3620 4133 mare,

2032 4166 2289 4235 omnisque
2311 4165 2454 4218 turba
2482 4163 2705 4216 veniebat
2722 4161 2790 4214 ad
2814 4177 2950 4228 eum,
2981 4169 3028 4214 et
3055 4158 3260 4212 docebat
3288 4174 3392 4212 eos.
3421 4155 3621 4211 Etcum

2031 4259 2309 4330 prwteriret
2328 4298 2342 4323 ,
2375 4255 2500 4308 vidit
2529 4251 2650 4306 Levi
2681 4253 2698 4284 ι
2730 4251 2934 4322 Alphwi
2965 4250 3216 4304 sedentem
3247 4247 3315 4300 ad
3357 4247 3618 4314 telouium,

2032 4359 2078 4404 et
2093 4350 2163 4404 ait
2184 4350 2281 4412 illi,
2307 4348 2526 4413 Sequere
2544 4361 2624 4400 me
2653 4360 2671 4397 :
2695 4353 2743 4397 et
2768 4359 2976 4414 surgens
2991 4352 3190 4395 secutus
3202 4348 3276 4394 est
3295 4356 3406 4394 eum
3430 4339 3622 4410 (Marc.

2032 4459 2090 4509 ιι,
2121 4443 2206 4504 15,
2236 4439 2347 4510 14).
2388 4439 2472 4494 Nil
2500 4437 2584 4492 hic
2606 4444 2901 4506 repugnat;
2929 4435 3041 4504 ipse
3070 4444 3150 4488 est
3175 4433 3317 4488 enim
3345 4433 3623 4490 Mattbmus

2030 4534 2122 4604 qui
2148 4541 2203 4588 et
2231 4531 2377 4586 Levi.
2429 4530 2599 4585 Lucas
2641 4529 2800 4584 etiam
2828 4527 2930 4581 hoc
2953 4535 3074 4596 post
3099 4525 3346 4580 eumdem
3371 4526 3623 4597 paralyti.

2033 4640 2152 4678 cum
2175 4631 2416 4677 sanatum
2446 4621 2517 4674 ita
2543 4618 2814 4688 subiungit
2840 4633 2854 4670 :
2886 4616 2954 4671 Et
2989 4626 3101 4688 post
3131 4617 3239 4670 lucc
3265 4616 3405 4682 exiit,
3429 4625 3474 4670 et
3500 4616 3624 4671 vidit

2032 4715 2356 4786 publicanum
2400 4712 2603 4766 nomine
2638 4709 2760 4763 Levi
2793 4709 3048 4763 sedentem
3075 4709 3142 4761 ad
3176 4708 3454 4777 telonium,
3482 4719 3530 4762 et
3555 4709 3626 4764 ait

2031 4809 2128 4876 illi,
2156 4808 2376 4875 Sequere
2401 4823 2497 4860 me.
2522 4802 2590 4858 Et
2617 4803 2806 4858 relictis
2826 4803 3072 4869 omnibus,
3096 4820 3307 4874 surgens
3325 4813 3522 4858 secutus
3549 4813 3626 4858 est

2030 4920 2143 4958 eum
2173 4901 2323 4975 (Luc.
2355 4917 2418 4967 ν,
2447 4899 2538 4966 27,
2565 4899 2681 4971 28).
2712 4898 2846 4953 Iiinc
2871 4906 3048 4953 autem
3071 4897 3395 4968 probabilius
3415 4895 3625 4951 videtur

2031 4996 2171 5068 quod
2220 4995 2334 5050 haec
2380 4993 2734 5065 praetermissa
2778 4990 3109 5048 recordando
3148 4990 3426 5045 Mattheeus
3471 5005 3624 5045 com-

2030 5098 2294 5146 memorat
2323 5106 2336 5143 :
2368 5088 2491 5159 quia
2513 5087 2695 5157 utique
2717 5094 2842 5141 ante
2875 5085 3022 5139 illum
3049 5098 3356 5138 sermonem
3380 5081 3621 5137 habitum

2031 5184 2086 5239 in
2112 5193 2292 5237 monte
2317 5222 2332 5248 ,
2381 5179 2706 5236 credendum
2735 5186 2820 5234 est
2860 5184 3104 5231 vocatum
3135 5189 3256 5230 esse
3288 5174 3618 5230 Matthazum.

2031 5275 2092 5330 In
2121 5292 2186 5330 eo
2220 5275 2415 5345 quippe
2453 5280 2634 5327 monte
2678 5279 2804 5325 tunc
2831 5269 3004 5324 Lucas
3028 5276 3414 5322 commemorat
3437 5282 3624 5323 omnes

2031 5367 2310 5423 duodecim
2337 5381 2403 5420 ex
2433 5364 2677 5435 plurimis
2691 5361 2967 5434 discipulis
2994 5360 3216 5430 electos,
3241 5374 3376 5432 quos
3401 5367 3457 5415 et
3478 5361 3625 5431 Apo-

2031 5463 2201 5518 stolos
2230 5460 2524 5515 nominavit
2553 5456 2662 5532 (Id.
2693 5472 2767 5523 vr,
2801 5455 2914 5528 15).

2028 5575 2254 5633 CAPUT
2299 5572 2510 5630 XXVII.
2560 5603 2632 5614 -—-
2674 5571 2753 5626 De
2792 5571 3015 5626 convivio
3057 5570 3145 5625 ubi
3187 5571 3438 5643 objectum
3463 5578 3538 5626 est
3574 5584 3632 5627 et

2101 5668 2237 5741 quod
2260 5684 2374 5720 cum
2400 5664 2740 5736 peccatoribus
2769 5663 3093 5718 manducaret
3115 5704 3131 5731 ,
3169 5672 3217 5717 et
3243 5663 3379 5733 quod
3405 5679 3504 5717 non
3532 5663 3620 5733 je~

2095 5765 2340 5836 junarent
2364 5757 2600 5830 discipuli
2629 5759 2772 5829 ejus,
2814 5758 2948 5829 quod
2982 5755 3178 5811 videtur
3215 5757 3348 5812 alius
3385 5756 3514 5812 alios
3547 5757 3626 5811 di—

2027 5920 2627 6044 Jbaemugbuﬁ,
2651 5918 2789 5972 ιευὶη
2810 5914 3014 5984 Alphei.
3036 5916 3113 5970 sic
3133 5915 3282 5977 eum
3301 5915 3353 5968 in
3372 5893 3626 5981 veteribus
