4082 6456
564 596 676 654 τεν-ἓ
691 596 727 652 'it
744 593 925 670 'iftlibiis
952 583 1196 671 dbj’eclunl
1217 595 1300 663 sit,
1325 591 1373 649 et
1397 590 1458 650 de
1479 576 1637 650 uerbis
1662 611 1853 661 eorum,
1875 613 2086 666 respon-

557 691 728 763 sitque
766 675 971 747 Domini
991 732 1006 758 ,
1052 691 1221 745 utrum
1256 685 1530 746 Hatthceus
1551 731 1567 758 ,
1603 689 1811 746 ﬂoreus
1841 699 1887 747 et
1915 685 2082 744 Lucas

561 783 862 858 congruam.

562 878 656 958 illi.
687 881 937 970 Sequitur
964 895 1142 970 itaque
1165 877 1477 966 lliatthteus,
1508 905 1563 954 et
1599 879 1728 954 dicit
1756 915 1770 954 :
1797 885 1866 952 Et
1893 898 2087 969 factum

486 981 561 1049 sit
601 989 938 1068 discumbente
981 1009 1039 1048 eo
1079 983 1133 1047 in
1173 993 1362 1060 domo,
1404 1009 1514 1048 ecce
1555 991 1702 1047 multi
1749 989 2000 1063 publicani
2039 985 2087 1068 et

488 1083 774 1158 peccatores
799 1085 1047 1140 venientes
1066 1126 1082 1153 ,
1119 1068 1495 1140 discumbebant
1525 1077 1638 1138 cum
1663 1082 1809 1160 Jesu,
1852 1092 1896 1136 et
1927 1080 2083 1136 disci-

483 1172 620 1249 pulis
638 1181 766 1252 ejus,
793 1187 924 1244 etc.,
955 1193 1125 1249 usque
1149 1178 1216 1232 ad
1244 1176 1370 1232 illud
1402 1163 1489 1232 ubi
1522 1177 1625 1240 ait,
1656 1175 1762 1232 Sed
1791 1173 1959 1229 vinum
1987 1192 2082 1228 no-

485 1263 602 1348 uum
655 1271 709 1325 in
755 1280 895 1326 utres
939 1286 1090 1326 novos
1126 1271 1382 1348 mittunt,
1441 1269 1488 1325 et
1532 1261 1679 1324 ambo
1725 1265 2084 1323 conservantur

485 1343 698 1438 (Matth.
729 1379 808 1430 ιχ,
835 1343 1173 1442 lO-ll).llic
1187 1357 1469 1442 blatthzeds
1493 1379 1595 1419 non
1626 1359 1887 1434 expressit
1908 1364 1960 1417 in
1990 1363 2083 1418 cu-

480 1437 569 1526 ius
598 1455 759 1511 domo
785 1437 1152 1512 discumbebat
1175 1437 1330 1512 Jesus
1354 1457 1475 1512 cum
1500 1450 1795 1526 publicanis
1820 1454 1871 1509 cl
1894 1469 2084 1524 pecca-

483 1545 691 1603 toribus
723 1543 900 1605 :unde
943 1539 1128 1620 posset
1163 1539 1331 1604 videri
1359 1550 1467 1604 'non
1513 1537 1615 1604 hoc
1644 1551 1709 1604 ex
1750 1548 1936 1603 ordine
1958 1549 2083 1604 sub-

477 1638 723 1710 juttxisse
749 1683 764 1705 ,
795 1640 889 1696 sed
915 1633 1056 1711 quod
1078 1641 1184 1697 alio
1217 1627 1457 1710 tempore
1487 1625 1681 1695 laetum
1717 1651 1799 1695 est
1829 1639 2082 1696 recorda-

485 1725 573 1785 tus
623 1725 1046 1802 interposuisse,
1112 1729 1211 1787 nisi
1267 1729 1474 1787 Maronis
1522 1739 1576 1787 et
1622 1731 1792 1787 Lucas
1841 1731 1930 1802 qui
1983 1734 2084 1787 hoc

487 1823 710 1880 omnino
731 1824 978 1880 similiter
1004 1827 1239 1891 narrant,
1261 1815 1664 1902 manifestarenl
1684 1824 1734 1880 in
1756 1824 1919 1881 domo
1932 1823 2080 1893 Levi,

482 1913 589 1971 hoc
615 1925 698 1972 est
719 1901 972 1983 Matthxi,
993 1909 1323 1972 discubuisse
1344 1899 1549 1998 lesum,
1570 1915 1622 1971 et
1640 1899 1779 1971 dicta
1797 1915 1886 1970 illa
1904 1915 2082 1998 omnia

483 2002 605 2088 qua:
636 2001 951 2081 sequuntur.
987 2011 1062 2064 lla
1091 2009 1232 2065 enim
1249 2007 1457 2064 Marcus
1478 1992 1582 2063 ltoc
1606 2005 1746 2065 idem
1768 2009 1913 2077 dicit,
1933 1992 2087 2065 eum-

483 2093 606 2156 dem
638 2101 880 2156 ordinem
909 2099 1127 2158 servans
1159 2120 1173 2156 :
1207 2102 1272 2156 Et
1293 2097 1482 2172 factum
1505 2109 1595 2167 est,
1627 2119 1741 2156 cum
1771 2102 2083 2158 accumberet

481 2189 539 2248 in
565 2194 714 2274 domo
751 2196 919 2261 illius,
958 2196 1103 2274 inulti
1136 2191 1390 2268 publicani
1425 2204 1472 2250 et
1505 2204 1786 2265 peccatores
1812 2195 1963 2250 simul
1988 2195 2084 2250 disc

483 2269 779 2344 cumbebant
819 2282 933 2342 cum
956 2269 1080 2342 Jesu
1107 2283 1302 2360 (Marc.
1334 2303 1402 2354 ll,
1437 2283 1646 2359 lii-'22).
1687 2285 1821 2342 Cum
1849 2302 1976 2358 ergo
2005 2287 2084 2341 di-

482 2365 597 2447 cit,
629 2379 683 2434 in
722 2379 870 2434 domo
899 2381 1073 2446 illius;
1120 2380 1370 2450 exprimit
1407 2381 1594 2451 utique
1642 2379 1791 2434 illum
1817 2425 1830 2447 ,
1871 2380 1938 2436 de
1978 2396 2083 2451 quo

481 2457 728 2541 Superius
775 2471 1092 2542 10quebatur
1115 2516 1129 2541 ,
1178 2457 1231 2528 id
1263 2481 1345 2529 est
1370 2473 1519 2528 Levi.
1569 2473 1655 2529 Sic
1683 2483 1736 2529 et
1760 2473 1931 2529 Lucas
1959 2489 2082 2529 cum

482 2557 742 2631 dixisset,
772 2566 853 2620 Ait
881 2567 992 2632 illi,
1025 2567 1245 2638 Sequere
1276 2585 1352 2621 me
1384 2585 1400 2622 :
1426 2578 1472 2622 et
1502 2568 1690 2623 relictis
1720 2568 1946 2624 omnibus
1970 2585 2084 2622 sur-

481 2651 604 2730 gens
641 2653 838 2714 secutus
884 2670 955 2714 est
1003 2678 1157 2726 eum;
1205 2662 1457 2715 continuo
1493 2660 1752 2731 subjecit,
1799 2659 1867 2715 Et
1899 2660 2084 2732 fecitei

481 2749 761 2804 cenvivium
805 2747 1044 2822 magnum
1085 2751 1206 2806 Levi
1242 2752 1295 2806 in
1333 2752 1482 2807 domo
1525 2769 1660 2816 sua;
1709 2761 1754 2807 et
1791 2761 1899 2808 erat
1940 2752 2085 2807 turba

482 2841 645 2920 multa
671 2827 1051 2912 publicanorum
1077 2839 1121 2897 et
1150 2839 1387 2911 aliorum,
1419 2844 1505 2913 qui
1530 2861 1644 2898 cum
1677 2843 1781 2899 illis
1805 2852 1947 2899 erant
1976 2844 2083 2898 dis-

481 2919 765 2990 cumbentes
795 2934 946 3005 (Luc.
981 2953 1011 2989 v
1031 2977 1045 3002 ,
1069 2921 1293 3006 97—39).
1342 2919 1680 2993 Manifestum
1710 2947 1792 2993 est
1819 2938 1994 3009 itaque
2031 2936 2083 2992 in

481 3023 635 3096 cujus
663 3011 824 3081 domo
851 3028 953 3082 ista
980 3015 1322 3099 gerebantur.

557 3138 646 3194 6i.
688 3139 803 3195 Jam
848 3139 958 3210 ipsa
1009 3141 1171 3196 verba
1215 3141 1524 3209 videamus,
1567 3142 1653 3197 vel
1700 3156 1818 3212 qum
1857 3142 2084 3196 Domino

489 3229 652 3312 dicta,
684 3231 767 3284 vel
799 3247 916 3301 qua:
944 3231 1012 3286 ab
1039 3232 1130 3312 illo
1161 3248 1423 3312 responsa
1447 3248 1636 3288 omnes
1658 3234 1743 3288 isti
1777 3242 1884 3289 tres
1906 3234 2084 3289 Evan-

483 3307 687 3392 gelisltc
706 3313 1015 3394 posuerunt.
1037 3302 1318 3378 intumus
1347 3343 1360 3378 :
1388 3305 1452 3378 Et
1469 3325 1708 3392 videntes,
1738 3325 1925 3396 inquit,
1954 3325 2086 3379 Pha-

483 3408 620 3468 r'isa’i
640 3457 654 3482 ,
699 3407 925 3469 dicebun't
962 3405 1224 3485 discipulis
1264 3417 1412 3487 ejus:
1445 3413 1614 3481 Quare
1647 3433 1760 3469 cum
1802 3417 2084 3484 publicanis

486 3517 534 3560 et
581 3507 922 3578 peccatoribus
971 3509 1246 3562 manducet
1293 3509 1535 3580 magister
1580 3507 1784 3564 vester?
1841 3495 2082 3565 Totidem

484 3608 625 3671 pene
651 3591 827 3658 Verbis
850 3601 954 3656 hec
983 3602 1058 3656 ait
1087 3605 1139 3656 'c't
1165 3601 1373 3656 Marcus
1406 3619 1417 3654 :
1456 3603 1626 3668 Quare
1657 3617 1771 3656 cum
1802 3604 2084 3673 publicanis

484 3693 896 3763 “peccatoribus
923 3693 1196 3747 manducat
1222 3701 1267 3746 et
1299 3691 1417 3747 bibit
1440 3694 1674 3766 magister
1703 3695 1908 3748 vester?
1939 3695 2082 3749 Prte-

487 3784 793 3839 scrtnissum
834 3787 1068 3855 estergo
1096 3799 1125 3839 a
1168 3785 1417 3840 Μαίη]ωο
1457 3785 1600 3854 quod
1635 3785 1738 3841 iste
1762 3785 2001 3851 addidit,
2034 3798 2081 3841 et

489 3873 651 3928 bibit:
681 3872 777 3931 sed
803 3876 927 3946 quid
958 3875 1024 3931 ad
1052 3880 1166 3931 rem
1187 3919 1200 3942 ,
1230 3892 1349 3932 cum
1379 3879 1534 3947 plena
1577 3879 1648 3932 sit
1675 3880 1965 3946 sententia,
1997 3881 2080 3934 in-

491 3965 711 4020 sinuans
751 3968 952 4037 pariter
982 3969 1366 4024 convivantcs?
1404 3970 1576 4025 Lucas
1602 3981 1779 4027 autem
1809 3973 2084 4043 aliquanto

487 4052 824 4114 differentias
849 4059 953 4117 hoc
981 4061 1191 4116 videtur
1219 4067 1672 4119 eammem'orasse
1705 4083 1719 4121 :
1753 4065 1820 4119 Et
1852 4083 2082 4120 murum-

488 4151 670 4206 rubum
691 4195 703 4218 ,
736 4152 907 4223 hquit
925 4195 941 4221 ,
973 4152 1226 4209 Pharisaei
1247 4159 1292 4209 'e't
1320 4155 1513 4210 Scriba:
1535 4171 1705 4210 eorum
1725 4199 1738 4223 ,
1771 4158 1989 4212 dicentes
2018 4160 2085 4212 ad

491 4233 767 4312 discipulos
801 4243 914 4314 'ejus
941 4239 1156 4310 :Ou‘are
1189 4257 1302 4298 cum
1349 4245 1628 4316 publicanis
1657 4256 1701 4302 et
1746 4249 2084 4317 peccatoribus

489 4331 809 4392 manducaﬁs
840 4341 892 4390 'i‘t
931 4335 1143 4393 bibitis?
1179 4338 1299 4394 Non
1342 4339 1522 4410 u'thu‘e
1547 4341 1857 4412 magistrum
1899 4349 2084 4399 eorum

487 4428 686 4482 nolens
714 4429 730 4461 ¹
764 4429 874 4483 illic
905 4429 1125 4499 intelligi
1154 4447 1167 4495 ;
1200 4430 1290 4485 sed
1321 4430 1477 4485 simul
1508 4433 1753 4488 omnibus
1775 4476 1787 4499 ,
1829 4429 1882 4487 e't
1913 4435 2086 4503 ipsiet

489 4517 772 4588 discipulis
814 4519 929 4590 ejus
967 4521 1069 4576 hoc
1106 4522 1372 4590 obiectum
1415 4524 1689 4580 insinuans
1721 4544 1733 4580 :
1761 4541 1864 4581 neu
1908 4536 2083 4583 tamen

493 4609 545 4666 ei
573 4610 796 4676 dietum,
829 4613 922 4667 scd
946 4613 1070 4681 illis,
1097 4613 1248 4684 quod
1271 4624 1324 4669 et
1353 4614 1422 4668 de
1450 4617 1563 4686 ipso
1591 4625 1642 4671 et
1669 4616 1735 4671 dc
1764 4617 1867 4672 illis
1887 4619 2085 4688 accipe-

489 4699 666 4758 ‘l‘etur.
698 4702 838 4758 nam
871 4705 1053 4776 utique
1083 4709 1136 4759 c't
1166 4707 1281 4776 ipse
1305 4706 1481 4761 Lucas
1521 4708 1591 4762 ita
1636 4709 1764 4764 dicit
1803 4709 2083 4764 Dominum

488 4793 838 4865 ’κερστϊᾱῑςςθ
859 4837 872 4861 ,
903 4796 1023 4850 Non
1047 4798 1160 4851 sciti
1187 4799 1371 4852 uocare
1387 4799 1584 4870 'ju's'tos,
1615 4799 1703 4853 sed
1729 4809 2012 4871 peccatores
2033 4800 2088 4855 in

488 4890 840 4959 partiendum
871 4903 890 4942 :
912 4889 1057 4960 quod
1103 4903 1205 4944 non
1245 4891 1324 4944 eis
1360 4890 1731 4959 'reSpondisset
1753 4933 1767 4959 ,
1815 4893 1914 4946 nisi
1945 4894 2086 4965 quod

487 4980 760 5047 dixerant,
787 4981 1102 5038 inanitucbtis
1129 4985 1173 5037 et
1194 4982 1387 5050 'b‘ibitis,
1419 4983 1484 5036 ad
1515 4984 1685 5052 ipsum
1716 4987 1946 5040 maxime
1965 4999 2087 5056 per-

494 5075 714 5131 tineret.
758 5075 1055 5145 Propterea
1081 5076 1239 5130 etiam
1271 5074 1550 5128 Matthmus
1569 5083 1628 5130 'et
1669 5075 1876 5130 Marcus
1895 5076 1963 5132 de
1993 5077 2087 5132 illo

493 5165 774 5239 (Euelpidis
809 5169 925 5239 ejus
947 5169 1056 5225 hoc
1079 5167 1353 5241 'obje’c’turn
1382 5175 1502 5224 esSe
1537 5175 1852 5233 narrarunt,
1886 5171 2006 5240 quia
2033 5179 2087 5226 et

489 5263 620 5321 ﬁrm
643 5263 710 5320 de
733 5263 1018 5335 discipulis
1038 5261 1321 5320 dicebatur
1341 5304 1355 5329 ,
1382 5262 1648 5334 ’magis’tro
1672 5263 1840 5334 magis
1865 5264 2085 5334 objicie-

491 5355 678 5426 liatur,
701 5356 864 5427 quem
897 5353 1155 5413 sedando
1177 5343 1547 5412 imitabantur.
1573 5355 1691 5412 Una
1717 5371 1844 5428 ergo
1863 5365 2086 5413 's‘enten.

496 5450 570 5505 tia
601 5458 716 5517 est,
743 5458 798 5505 et
821 5457 975 5504 tanto
1000 5449 1192 5505 melius
1223 5449 1518 5515 insinuata,
1548 5457 1746 5520 quanto
1772 5449 2085 5520 quibusdam

498 5543 715 5610 verbisv,
761 5551 1012 5599 manente
1047 5542 1274 5599 veritate
1296 5585 1311 5608 ,
1351 5543 1572 5598 variata.
1614 5543 1744 5599 item
1781 5544 1923 5614 quod
1949 5543 2085 5600 Mat-

498 5635 671 5691 thrcus
690 5633 855 5691 refert
880 5634 1164 5690 Dominum
1187 5635 1532 5706 respondisse
1553 5677 1572 5703 ,
1606 5635 1726 5691 Non
1750 5645 1820 5692 est
1841 5653 1968 5708 opus
1994 5653 2085 5691 va-

497 5729 710 5785 lentibus
753 5729 1008 5798 medicus,
1046 5729 1144 5784 sed
1170 5731 1311 5784 male
1346 5729 1656 5784 habentibus.
1705 5728 1896 5784 Euntes
1922 5737 2086 5785 autem

497 5821 673 5877 discite
698 5824 821 5896 quid
846 5835 938 5894 est,
981 5823 1382 5880 Misericordiam
1410 5824 1545 5894 volo,
1570 5833 1615 5880 et
1638 5840 1738 5880 non
1760 5824 2083 5894 sacriﬁcium.

561 5979 576 6009 ι
603 5975 677 6028 sic
714 5984 819 6028 uas.
842 5989 954 6029 cum
974 5985 1049 6028 Er.
1073 5985 1132 6031 At
1151 5985 1252 6030 nat.
1280 5985 1333 6030 et
1360 5985 1472 6031 nov.
1496 5962 1660 6035 vetem
1685 5975 1981 6031 :‘n‘tendose.

1194 479 1285 536 DE
1323 477 1675 538 consensu
1715 456 2372 552 avsncutlsilnuu,
2411 482 2472 541 ε.
2523 480 2896 543 ΑυρυδτιΝι

3651 469 3796 546 ll“

2199 597 2319 654 Non
2357 600 2496 656 enim
2522 617 2630 656 ueni
2663 607 2842 656 vacare
2869 604 3066 673 justas,
3102 601 3191 658 sed
3231 598 3554 676 pec'c'diores:
3581 601 3791 664 Marcus

2197 701 2408 764 quoque
2433 705 2486 750 et
2517 691 2687 750 Lucas
2707 693 2908 752 eisdem
2938 699 3077 768 pene
3107 697 3281 753 verbis
3301 693 3544 755 camd‘ém
3571 710 3783 756 senten-

2197 785 2322 842 tiam
2353 786 2660 855 tenuerunt,
2687 789 2785 843 nisi
2809 786 2948 859 quo‘d
2978 786 3133 845 ambo
3160 805 3263 845 non
3289 791 3634 862 interpenuut
3661 792 3790 850 illud

2195 881 2260 936 ex
2286 879 2549 953 propheta
2578 881 2943 938 testimonioin
2965 923 2980 948 ,
3010 879 3416 938 Misericordian't
3455 883 3568 940 bolo
3587 928 3602 952 ,
3635 895 3789 956 quant

2194 972 2516 1043 sacriﬁcium.
2561 971 2732 1030 Lucas
2754 975 2932 1031 autem
2954 975 3074 1031 cum
3105 973 3368 1041 dixisset,
3404 974 3525 1031 Non
3559 977 3672 1032 veni
3699 991 3791 1030 eo-

2193 1071 2310 1122 care
2336 1069 2522 1136 justas,
2568 1065 2656 1123 sed
2695 1069 3004 1140 peccatores,
3036 1066 3272 1134 addidit,
3314 1070 3368 1124 in
3411 1071 3786 1142 ptenitentiam;

2193 1158 2333 1231 quod
2355 1161 2420 1215 ad
2445 1159 2836 1232 e'xpla‘nandam
2867 1165 3184 1218 sententiain
3213 1163 3374 1229 valet,
3413 1181 3480 1219 ne
3507 1166 3788 1235 quisquam

2192 1251 2506 1323 peccatores
2533 1251 2600 1309 ob
2628 1249 2729 1310 hoc
2762 1254 2934 1327 ipsum
2971 1253 3114 1327 quod
3161 1259 3478 1326 peccatores
3518 1265 3640 1310 sunt
3664 1297 3677 1316 ,
3706 1256 3790 1310 di-

2194 1344 2284 1414 ligi
2336 1345 2624 1401 arbitretur
2670 1364 2701 1401 a
2751 1347 2963 1403 Christo
3009 1366 3022 1403 :
3071 1363 3192 1403 cum
3245 1357 3299 1404 et
3347 1349 3435 1403 illa
3495 1348 3790 1404 similitudo

2191 1435 2260 1490 de
2290 1429 2506 1505 aegrotis
2535 1429 2670 1493 bene
2697 1431 2904 1494 intimet
2927 1438 3054 1510 quid
3075 1425 3205 1495 velit
3231 1440 3371 1494 Deus
3399 1439 3638 1495 v'ocando
3669 1457 3790 1511 pecs

2192 1523 2404 1583 ca'tore‘s
2427 1571 2441 1595 ,
2477 1527 2726 1600 tanquam
2769 1529 3006 1586 medicus
3033 1535 3206 1601 {egros
3233 1573 3250 1599 ,
3293 1531 3475 1602 utique
3505 1538 3561 1586 ut
3587 1532 3656 1587 ab
3683 1533 3788 1588 ini-

2191 1618 2394 1687 quitate
2435 1622 2682 1689 tanquam
2722 1619 2790 1676 ab
2827 1620 3140 1692 {egritudine
3174 1620 3305 1676 salvi
3346 1622 3504 1688 ﬁant;
3541 1622 3685 1693 quod
3715 1624 3776 1678 lit

2189 1707 2290 1780 per
2315 1709 2710 1781 paenitentiam.

2264 1804 2352 1860 62.
2393 1803 2522 1860 Item
2550 1805 2691 1875 quod
2720 1803 2847 1860 dicit
2874 1803 3170 1868 Mattlneus,
3200 1803 3345 1858 T‘unc
3371 1810 3688 1860 accesserunt
3715 1805 3789 1860 ad

2191 1895 2305 1951 eum
2333 1895 2573 1966 llis'Cipuli
2602 1896 2820 1951 Joannis
2838 1939 2852 1963 ,
2878 1898 3132 1952 dicentes:
3157 1894 3328 1962 Quare
3351 1913 3443 1951 nos
3470 1908 3514 1950 et
3537 1895 3794 1951 thistei

2181 1987 2479 2060 jejunamus
2507 1988 2832 2060 frequenter?
2853 1986 3059 2044 Marcus
3081 1989 3327 2044 similiter
3355 1987 3551 2055 intulit,
3582 1987 3794 2056 dicens,

2192 2081 2262 2136 Et
2297 2092 2437 2137 erant
2479 2083 2715 2152 discipuli
2764 2081 2980 2138 Joannis
3007 2093 3055 2137 et
3099 2082 3350 2138 Pharisaei
3380 2085 3706 2154 jejunantes;
3744 2091 3797 2138 et

2191 2173 2413 2240 veniunt,
2446 2184 2493 2228 et
2516 2174 2694 2228 dicunt
2717 2173 2795 2228 illi
2824 2191 2842 2228 :
2872 2173 2974 2229 Cur
2999 2174 3236 2245 discipuli
3259 2174 3476 2229 Joannis
3512 2184 3558 2228 et
3597 2173 3794 2228 Phari:-

2192 2280 2408 2320 stcorum
2425 2267 2680 2337 jejunum,
2703 2265 2777 2319 tui
2801 2274 2969 2319 autent
2996 2266 3232 2335 discipuli
3258 2269 3359 2320 non
3376 2267 3653 2336 jejunant.’
3677 2265 3789 2322 nisi

2193 2357 2337 2427 quod
2371 2357 2470 2411 istc
2498 2358 2668 2425 putari
2698 2367 2874 2426 potest
2902 2356 3170 2410 addidisse
3198 2356 3516 2421 Pharisseos,
3549 2356 3690 2427 quod
3718 2357 3795 2411 sia

2192 2449 2304 2503 mul
2331 2463 2450 2504 cum
2491 2449 2765 2519 discipulis
2799 2449 3018 2505 Joannis
3058 2451 3160 2505 hoc
3186 2451 3452 2516 dixerint,
3492 2463 3611 2505 cum
3652 2449 3793 2505 Man.

2192 2540 2364 2596 thteus
2413 2550 2612 2596 tantum
2656 2539 2945 2611 discipulos
2989 2541 3208 2598 Joannis
3248 2542 3348 2597 hoc
3377 2541 3576 2598 dixisse
3603 2541 3793 2612 peritia

2193 2630 2335 2686 beat.
2384 2631 2489 2686 Sed
2520 2632 2679 2686 verba
2709 2631 2824 2701 ipsa
2868 2635 2988 2702 qua:
3017 2632 3136 2686 illos
3165 2633 3362 2688 dixisse
3387 2632 3528 2702 apud
3553 2631 3792 2688 Marcum

2191 2724 2383 2794 legitur
2403 2765 2415 2788 ,
2464 2723 2631 2794 magis
2661 2723 2896 2779 indicant
2923 2724 3055 2779 alios
3089 2725 3190 2779 hoc
3218 2724 3418 2780 dixisse
3447 2725 3516 2780 de
3550 2724 3699 2791 aliis;
3731 2723 3794 2780 is!

2192 2825 2294 2878 est,
2335 2817 2587 2870 convivas
2612 2817 2701 2887 qui
2730 2816 2951 2871 aderant
2979 2819 3188 2873 venisse
3221 2809 3289 2873 ad
3321 2817 3524 2884 Jesum,
3553 2819 3675 2889 quia
3702 2812 3793 2889 ᾔει

2186 2909 2445 2980 junabant
2485 2910 2728 2980 discipuli
2777 2909 2996 2965 Joannis
3023 2921 3079 2964 ct
3115 2911 3367 2966 Phariszci
3391 2953 3405 2977 ,
3434 2918 3490 2967 et
3517 2911 3621 2967 hoc
3645 2913 3694 2967 ei
3719 2909 3795 2968 de

2193 3000 2297 3057 illis
2318 3003 2516 3058 dixisse
2545 3020 2557 3055 :
2583 3011 2640 3058 ut
2665 3004 2804 3074 quod
2822 3003 2919 3072 ait,
2941 3006 3162 3070 venitne,
3189 3015 3294 3059 non
3325 3005 3394 3060 de
3417 3005 3548 3076 ipsis
3569 3004 3789 3072 dixerit,

2191 3096 2258 3151 de
2287 3095 2476 3167 quibus
2506 3099 2929 3168 interposuerat,
2967 3098 3031 3152 Et
3071 3107 3212 3153 erant
3239 3100 3476 3171 discipuli
3496 3099 3794 3155 Joannis‘ét

2195 3187 2449 3244 Pharistei
2477 3190 2772 3261 jejunantcs
2791 3208 2811 3256 ;
2845 3189 2943 3246 ‘scd
2982 3207 3102 3247 cum
3134 3192 3219 3246 isti
3241 3199 3425 3247 essent
3447 3192 3750 3263 jejunante‘s
3770 3235 3789 3259 ,

2191 3281 2408 3335 venitmt
2442 3281 2534 3347 illi,
2569 3295 2702 3351 quos
2725 3281 2826 3336 hoc
2852 3289 3031 3338 movet
3049 3325 3064 3351 ,
3087 3294 3140 3338 et
3170 3273 3354 3338 dicunt
3382 3284 3478 3350 illi,
3506 3282 3612 3340 Cur
3634 3283 3795 3338 disci-

2191 3376 2298 3445 puti
2331 3374 2546 3428 Joannis
2582 3385 2628 3428 et
2675 3373 3051 3430 Pharisa'orun't
3073 3378 3345 3447 jejunum,
3393 3380 3468 3430 tui
3493 3387 3661 3430 autem
3685 3378 3793 3430 dein

2181 3465 2462 3538 jejunum?
2499 3461 2651 3533 Quod
2694 3466 2865 3522 Lucas
2909 3467 3206 3524 evidentius
3253 3469 3537 3538 expressit,
3579 3468 3648 3522 ita
3684 3463 3793 3522 liba

2191 3558 2331 3612 idem
2363 3557 2629 3621 iutimans,
2654 3557 2776 3613 cum
2800 3553 3022 3613 dixisset
3043 3559 3166 3628 quid
3204 3559 3282 3615 eis
3309 3557 3644 3629 responderit
3675 3557 3792 3612 Do—

2189 3651 2368 3704 minus
2415 3650 2482 3705 de
2525 3651 2798 3706 vocatione
2845 3662 3216 3722 peccatorum,
3261 3661 3510 3721 tauquam
3556 3659 3794 3722 πιςτοιο-

2190 3753 2308 3795 rmn
2335 3759 2347 3794 :
2376 3742 2438 3794 At
2473 3741 2568 3806 illi,
2599 3739 2788 3812 inquit,
2820 3742 3052 3797 dixerunt
3080 3743 3147 3796 ad
3174 3759 3284 3797 eum
3305 3785 3319 3807 ,
3354 3743 3522 3808 Quare
3545 3742 3791 3814 discipuli

2189 3833 2406 3888 Joannis
2425 3837 2666 3906 jejunant
2703 3835 3016 3904 frequenter,
3047 3839 3093 3890 et
3128 3837 3332 3890 obsecra
3367 3839 3527 3890 tiones
3570 3837 3786 3908 faciant,

2190 3929 2421 3984 similiter
2462 3939 2507 3983 et
2553 3929 2928 3984 P/taristeorum
2952 3972 2965 3997 ,
3007 3931 3078 3984 tui
3122 3935 3287 3984 autem
3317 3930 3471 3984 edunt
3501 3938 3545 3983 et
3574 3927 3791 3984 bibam?

2190 4019 2334 4092 Ergo
2359 4031 2412 4078 et
2449 4023 2555 4090 hic,
2589 4023 2725 4078 sicut
2748 4021 2974 4087 Marcus,
3013 4023 3144 4077 alios
3187 4024 3254 4077 de
3285 4021 3401 4078 aliis
3444 4022 3542 4077 hoc
3588 4022 3794 4078 dixisse

2191 4116 2442 4170 narravit.
2476 4113 2628 4173 Unde
2671 4119 2796 4187 ergo
2837 4115 3149 4182 Mattheus,
3198 4115 3342 4170 Tunc
3374 4121 3694 4170 accesserant
3719 4114 3791 4168 ad

2191 4222 2304 4261 eum
2341 4208 2575 4278 discipuli
2598 4207 2816 4262 Joannis
2854 4208 3113 4264 dicentes:
3146 4206 3315 4274 Quare
3338 4224 3428 4262 nos
3456 4217 3502 4262 et
3534 4206 3792 4262 Pharisa't
3853 4268 3856 4269 ν

2181 4298 2518 4370 jejunamus?
2543 4299 2642 4353 nisi
2682 4300 2801 4369 quia
2833 4299 2886 4354 et
2913 4299 3012 4369 ipsi
3043 4299 3283 4364 aderant,
3312 4308 3367 4354 et
3395 4313 3582 4354 omnes
3609 4305 3790 4354 certa-

2192 4391 2323 4457 tim,
2351 4397 2413 4445 ut
2457 4391 2680 4461 quisque
2721 4399 2947 4460 poterat,
2998 4391 3098 4446 hoc
3141 4392 3454 4460 obiecerunt
3497 4407 3512 4444 :
3555 4397 3789 4460 quorum

2192 4484 2454 4539 sententia
2509 4483 2720 4538 diverso
2773 4481 3021 4552 loquendi
3061 4482 3252 4546 modo,
3285 4482 3378 4538 sed
3423 4487 3600 4536 tamen
3630 4493 3660 4535 a
3690 4496 3788 4536 ve-

2192 4577 2349 4632 ritate
2393 4592 2498 4632 non
2551 4577 2759 4643 alieno,
2791 4591 2821 4630 a
2875 4576 3044 4632 tribus
3099 4575 3452 4646 Evangelis‘tis
3517 4574 3789 4630 insinuata

2189 4677 2294 4724 'BSI.

2265 4761 2353 4816 63.
2385 4757 2516 4816 item
2547 4761 2673 4816 illud
2704 4760 2771 4816 de
2799 4762 2980 4831 sponsi
3003 4761 3151 4827 "ﬁliis,
3181 4761 3304 4831 quia
3329 4773 3437 4815 non
3460 4758 3790 4830 ieiunabant

2193 4853 2444 4922 quamdiu
2473 4869 2593 4908 cum
2623 4853 2701 4908 eis
2743 4862 2826 4908 εει
2871 4867 3098 4924 sponsus
3118 4895 3132 4919 ,
3163 4853 3408 4908 similiter
3445 4852 3786 4921 interpwue-

2191 4949 2318 4999 t‘t‘m‘t
2361 4932 2639 5000 Matth’mus
2689 4954 2742 5000 et
2789 4945 3037 5000 Marcus:
3069 4946 3170 5000 nisi
3203 4945 3350 5015 quod
3397 4944 3604 4998 Marcus
3639 4943 3784 4998 ﬁlios

2189 5036 2494 5105 nuptiarum
2531 5036 2848 5105 appellavit,
2872 5045 3012 5106 “quos
3041 5037 3130 5092 ille
3155 5036 3369 5106 sponsi;
3399 5033 3539 5105 quod
3566 5032 3636 5088 ad
3663 5048 3782 5088 rem

2191 5128 2328 5183 nihil
2375 5129 2613 5183 interest.
2647 5128 2808 5183 Filios
2846 5130 3040 5199 quippe
3075 5130 3377 5198 nuptiarum
3417 5141 3526 5182 non
3575 5133 3782 5182 tantum

2193 5223 2405 5292 spolisi,
2435 5221 2529 5277 sed
2571 5223 2730 5276 etiam
2772 5235 2982 5292 sponsae
3025 5221 3383 5290 intelligimus.
3417 5219 3616 5274 Eadem
3654 5232 3784 5288 ergo

2190 5315 2278 5369 est
2306 5322 2489 5383 aperta
2533 5313 2793 5369 sententia
2815 5356 2829 5376 ,
2859 5323 2965 5368 n‘on
2995 5314 3158 5368 altera
3205 5311 3452 5367 adversa.
3482 5311 3659 5366 Lucus
3686 5323 3786 5363 au-

2191 5411 2303 5461 tem
2335 5421 2439 5462 non
2467 5407 2572 5471 ait,
2612 5405 2878 5476 Numquid
2905 5413 3126 5474 possunt
3157 5403 3254 5458 ﬁlii
3281 5403 3460 5473 sponsi
3500 5401 3786 5472 jejunare?

2194 5501 2288 5555 sed
2326 5501 2430 5565 ait,
2473 5499 2735 5570 Numquid
2763 5498 2966 5569 potestis
3005 5497 3140 5566 ﬁlios
3164 5495 3368 5566 sponsi,
3399 5494 3522 5548 dum
3540 5509 3656 5548 cum
3679 5494 3789 5548 illis

2195 5601 2268 5650 est
2285 5609 2533 5666 sponsus,
2559 5597 2726 5667 facere
2760 5594 3038 5666 jejunare?
3063 5593 3114 5646 in
3139 5605 3243 5661 quo
3281 5598 3335 5646 et
3379 5590 3494 5660 ipse
3531 5589 3598 5644 ad
3640 5589 3786 5646 aliud

2195 5688 2444 5759 quiddam
2474 5687 2871 5749 insinuandum,
2898 5685 3140 5742 eamdem
3163 5683 3484 5739 sententiam
3511 5682 3789 5753 eleganter

2196 5777 2422 5853 aperuit.
2448 5782 2536 5837 Sic
2555 5779 2696 5836 enim
2719 5778 3034 5850 intelligitur
3061 5776 3280 5833 eosdem
3301 5775 3450 5847 ipsos
3472 5774 3562 5846 qui
3595 5775 3783 5844 loquo-

2190 5875 2391 5932 b‘antur
2427 5874 2599 5932 fuisse
2633 5873 2904 5939 litetur-os,
2955 5877 3016 5926 ut
3057 5867 3304 5941 lugentes
3349 5868 3656 5938 jejunanen't
3679 5863 3777 5921 ﬁli

2195 5969 2415 6039 sponsi,
2442 5968 2691 6039 diteniam
2719 5968 2819 6029 ipsi
2837 5961 3026 6022 essent
3050 5961 3314 6032 “sponsum
3339 5960 3585 6018 occisuri.
3623 5951 3792 6022 ρυοα
