  <div class='ocr_page' id='page_1' title='image "/cluster/home/n/w/nwhite01/storage/ocr_20150623/34/hvd.32044015706310/560.png"; bbox 0 0 4082 6518; ppageno 0'>
   <div class='ocr_carea' id='block_1_1' title="bbox 382 466 527 530">
    <p class='ocr_par' dir='ltr' id='par_1_1' title="bbox 382 466 527 530">
     <span class='ocr_line' id='line_1_1' title="bbox 382 466 527 530; baseline 0 -1"><span class='ocrx_word' id='word_1_1' title='bbox 382 466 527 530; x_wconf 59' lang='grc' dir='ltr'><strong>ΗΜ</strong></span> 
     </span>
    </p>
   </div>
   <div class='ocr_carea' id='block_1_2' title="bbox 381 579 1962 655">
    <p class='ocr_par' dir='ltr' id='par_1_2' title="bbox 381 579 1962 655">
     <span class='ocr_line' id='line_1_2' title="bbox 381 579 1962 655; baseline 0.001 -13"><span class='ocrx_word' id='word_1_2' title='bbox 381 594 559 642; x_wconf 86' lang='lat' dir='ltr'><strong>autem</strong></span> <span class='ocrx_word' id='word_1_3' title='bbox 585 584 720 641; x_wconf 81' lang='lat' dir='ltr'><strong>dixit</strong></span> <span class='ocrx_word' id='word_1_4' title='bbox 738 584 1043 652; x_wconf 72' lang='lat' dir='ltr'><strong>Matthteus,</strong></span> <span class='ocrx_word' id='word_1_5' title='bbox 1070 584 1281 654; x_wconf 69' lang='lat' dir='ltr'><strong>lugere;</strong></span> <span class='ocrx_word' id='word_1_6' title='bbox 1303 581 1406 637; x_wconf 92' lang='lat' dir='ltr'><strong>hoc</strong></span> <span class='ocrx_word' id='word_1_7' title='bbox 1430 579 1637 639; x_wconf 79' lang='lat' dir='ltr'><strong>Marcus</strong></span> <span class='ocrx_word' id='word_1_8' title='bbox 1672 592 1727 640; x_wconf 89' lang='lat' dir='ltr'><strong>et</strong></span> <span class='ocrx_word' id='word_1_9' title='bbox 1763 584 1962 655; x_wconf 83' lang='lat' dir='ltr'><strong>Lucas.</strong></span> 
     </span>
    </p>
   </div>
   <div class='ocr_carea' id='block_1_3' title="bbox 370 678 1965 752">
    <p class='ocr_par' dir='ltr' id='par_1_3' title="bbox 370 678 1965 752">
     <span class='ocr_line' id='line_1_3' title="bbox 370 678 1965 752; baseline 0 -20"><span class='ocrx_word' id='word_1_10' title='bbox 370 679 799 751; x_wconf 58' lang='lat' dir='ltr'><strong>jejunae:quia</strong></span> <span class='ocrx_word' id='word_1_11' title='bbox 831 686 885 733; x_wconf 89' lang='lat' dir='ltr'><strong>et</strong></span> <span class='ocrx_word' id='word_1_12' title='bbox 926 678 1015 733; x_wconf 87' lang='lat' dir='ltr'><strong>ille</strong></span> <span class='ocrx_word' id='word_1_13' title='bbox 1057 688 1261 748; x_wconf 88' lang='lat' dir='ltr'><strong>postea,</strong></span> <span class='ocrx_word' id='word_1_14' title='bbox 1311 687 1430 733; x_wconf 84' lang='lat' dir='ltr'><strong>tunc</strong></span> <span class='ocrx_word' id='word_1_15' title='bbox 1465 679 1808 752; x_wconf 81' lang='lat' dir='ltr'><strong>jejunalntnt,</strong></span> <span class='ocrx_word' id='word_1_16' title='bbox 1855 678 1965 744; x_wconf 96' lang='lat' dir='ltr'><strong>ait;</strong></span> 
     </span>
    </p>
   </div>
   <div class='ocr_carea' id='block_1_4' title="bbox 378 771 1969 842">
    <p class='ocr_par' dir='ltr' id='par_1_4' title="bbox 378 771 1969 842">
     <span class='ocr_line' id='line_1_4' title="bbox 378 771 1969 842; baseline 0.001 -17"><span class='ocrx_word' id='word_1_17' title='bbox 378 786 511 838; x_wconf 89' lang='lat' dir='ltr'><strong>non,</strong></span> <span class='ocrx_word' id='word_1_18' title='bbox 542 779 668 826; x_wconf 85' lang='lat' dir='ltr'><strong>tunc</strong></span> <span class='ocrx_word' id='word_1_19' title='bbox 692 771 963 841; x_wconf 74' lang='lat' dir='ltr'><strong>lugebant.</strong></span> <span class='ocrx_word' id='word_1_20' title='bbox 1000 772 1190 826; x_wconf 86' lang='lat' dir='ltr'><strong>Verum</strong></span> <span class='ocrx_word' id='word_1_21' title='bbox 1230 772 1319 827; x_wconf 88' lang='lat' dir='ltr'><strong>illo</strong></span> <span class='ocrx_word' id='word_1_22' title='bbox 1353 773 1518 827; x_wconf 86' lang='lat' dir='ltr'><strong>verbo</strong></span> <span class='ocrx_word' id='word_1_23' title='bbox 1557 771 1873 842; x_wconf 85' lang='lat' dir='ltr'><strong>signiﬁcavit</strong></span> <span class='ocrx_word' id='word_1_24' title='bbox 1900 771 1969 827; x_wconf 83' lang='lat' dir='ltr'><strong>de</strong></span> 
     </span>
    </p>
   </div>
   <div class='ocr_carea' id='block_1_5' title="bbox 377 863 1965 935">
    <p class='ocr_par' dir='ltr' id='par_1_5' title="bbox 377 863 1965 935">
     <span class='ocr_line' id='line_1_5' title="bbox 377 863 1965 935; baseline 0.001 -18"><span class='ocrx_word' id='word_1_25' title='bbox 377 863 472 918; x_wconf 82' lang='lat' dir='ltr'><strong>tali</strong></span> <span class='ocrx_word' id='word_1_26' title='bbox 490 863 692 933; x_wconf 79' lang='lat' dir='ltr'><strong>jejunio</strong></span> <span class='ocrx_word' id='word_1_27' title='bbox 722 863 1005 918; x_wconf 85' lang='lat' dir='ltr'><strong>Dominum</strong></span> <span class='ocrx_word' id='word_1_28' title='bbox 1028 864 1290 931; x_wconf 83' lang='lat' dir='ltr'><strong>locutum,</strong></span> <span class='ocrx_word' id='word_1_29' title='bbox 1322 865 1463 935; x_wconf 88' lang='lat' dir='ltr'><strong>quod</strong></span> <span class='ocrx_word' id='word_1_30' title='bbox 1494 866 1725 935; x_wconf 79' lang='lat' dir='ltr'><strong>pertinet</strong></span> <span class='ocrx_word' id='word_1_31' title='bbox 1762 867 1827 920; x_wconf 89' lang='lat' dir='ltr'><strong>ad</strong></span> <span class='ocrx_word' id='word_1_32' title='bbox 1864 865 1965 919; x_wconf 88' lang='lat' dir='ltr'><strong>hu-</strong></span> 
     </span>
    </p>
   </div>
   <div class='ocr_carea' id='block_1_6' title="bbox 375 954 1965 1028">
    <p class='ocr_par' dir='ltr' id='par_1_6' title="bbox 375 954 1965 1028">
     <span class='ocr_line' id='line_1_6' title="bbox 375 954 1965 1028; baseline 0.001 -19"><span class='ocrx_word' id='word_1_33' title='bbox 375 956 653 1011; x_wconf 72' lang='lat' dir='ltr'><strong>militatem</strong></span> <span class='ocrx_word' id='word_1_34' title='bbox 672 954 1033 1011; x_wconf 75' lang='lat' dir='ltr'><strong>tribulationis</strong></span> <span class='ocrx_word' id='word_1_35' title='bbox 1056 974 1069 1010; x_wconf 89' lang='lat'><strong>:</strong></span> <span class='ocrx_word' id='word_1_36' title='bbox 1097 966 1157 1012; x_wconf 83' lang='lat' dir='ltr'><strong>ut</strong></span> <span class='ocrx_word' id='word_1_37' title='bbox 1182 958 1310 1012; x_wconf 87' lang='lat' dir='ltr'><strong>illttd</strong></span> <span class='ocrx_word' id='word_1_38' title='bbox 1339 958 1561 1012; x_wconf 85' lang='lat' dir='ltr'><strong>alterum</strong></span> <span class='ocrx_word' id='word_1_39' title='bbox 1585 999 1599 1021; x_wconf 97' lang='lat'><strong>,</strong></span> <span class='ocrx_word' id='word_1_40' title='bbox 1624 957 1764 1028; x_wconf 85' lang='lat' dir='ltr'><strong>quod</strong></span> <span class='ocrx_word' id='word_1_41' title='bbox 1800 958 1965 1027; x_wconf 88' lang='lat' dir='ltr'><strong>perti-</strong></span> 
     </span>
    </p>
   </div>
   <div class='ocr_carea' id='block_1_7' title="bbox 377 1049 1968 1122">
    <p class='ocr_par' dir='ltr' id='par_1_7' title="bbox 377 1049 1968 1122">
     <span class='ocr_line' id='line_1_7' title="bbox 377 1049 1968 1122; baseline 0.003 -19"><span class='ocrx_word' id='word_1_42' title='bbox 377 1059 468 1104; x_wconf 86' lang='lat' dir='ltr'><strong>net</strong></span> <span class='ocrx_word' id='word_1_43' title='bbox 492 1049 559 1103; x_wconf 86' lang='lat' dir='ltr'><strong>ad</strong></span> <span class='ocrx_word' id='word_1_44' title='bbox 580 1049 835 1119; x_wconf 81' lang='lat' dir='ltr'><strong>gaudium</strong></span> <span class='ocrx_word' id='word_1_45' title='bbox 861 1051 1058 1105; x_wconf 78' lang='lat' dir='ltr'><strong>mentis</strong></span> <span class='ocrx_word' id='word_1_46' title='bbox 1080 1050 1134 1104; x_wconf 89' lang='lat' dir='ltr'><strong>in</strong></span> <span class='ocrx_word' id='word_1_47' title='bbox 1161 1052 1458 1120; x_wconf 78' lang='lat' dir='ltr'><strong>spiritualia</strong></span> <span class='ocrx_word' id='word_1_48' title='bbox 1480 1066 1773 1120; x_wconf 64' lang='lat' dir='ltr'><strong>suspensa),</strong></span> <span class='ocrx_word' id='word_1_49' title='bbox 1807 1062 1968 1122; x_wconf 81' lang='lat' dir='ltr'><strong>atque</strong></span> 
     </span>
    </p>
   </div>
   <div class='ocr_carea' id='block_1_8' title="bbox 374 1140 1964 1213">
    <p class='ocr_par' dir='ltr' id='par_1_8' title="bbox 374 1140 1964 1213">
     <span class='ocr_line' id='line_1_8' title="bbox 374 1140 1964 1213; baseline 0.003 -19"><span class='ocrx_word' id='word_1_50' title='bbox 374 1141 444 1194; x_wconf 84' lang='lat' dir='ltr'><strong>ob</strong></span> <span class='ocrx_word' id='word_1_51' title='bbox 464 1140 568 1195; x_wconf 80' lang='lat' dir='ltr'><strong>hoc</strong></span> <span class='ocrx_word' id='word_1_52' title='bbox 598 1141 844 1196; x_wconf 63' lang='lat' dir='ltr'><strong>alienatae</strong></span> <span class='ocrx_word' id='word_1_53' title='bbox 887 1142 1280 1211; x_wconf 81' lang='lat' dir='ltr'><strong>quodammodo</strong></span> <span class='ocrx_word' id='word_1_54' title='bbox 1314 1158 1347 1196; x_wconf 89' lang='lat' dir='ltr'><strong>a</strong></span> <span class='ocrx_word' id='word_1_55' title='bbox 1386 1143 1753 1213; x_wconf 76' lang='lat' dir='ltr'><strong>corporalibus</strong></span> <span class='ocrx_word' id='word_1_56' title='bbox 1793 1144 1926 1198; x_wconf 85' lang='lat' dir='ltr'><strong>cibis</strong></span> <span class='ocrx_word' id='word_1_57' title='bbox 1946 1182 1964 1210; x_wconf 87' lang='lat'><strong>,</strong></span> 
     </span>
    </p>
   </div>
   <div class='ocr_carea' id='block_1_9' title="bbox 376 1233 1963 1305">
    <p class='ocr_par' dir='ltr' id='par_1_9' title="bbox 376 1233 1963 1305">
     <span class='ocr_line' id='line_1_9' title="bbox 376 1233 1963 1305; baseline 0.002 -18"><span class='ocrx_word' id='word_1_58' title='bbox 376 1233 760 1302; x_wconf 63' lang='lat' dir='ltr'><strong>posterioribus</strong></span> <span class='ocrx_word' id='word_1_59' title='bbox 783 1233 1217 1290; x_wconf 80' lang='lat' dir='ltr'><strong>similitudinibus</strong></span> <span class='ocrx_word' id='word_1_60' title='bbox 1246 1235 1508 1290; x_wconf 81' lang='lat' dir='ltr'><strong>Dominus</strong></span> <span class='ocrx_word' id='word_1_61' title='bbox 1530 1235 1859 1305; x_wconf 83' lang='lat' dir='ltr'><strong>signiﬁcasse</strong></span> <span class='ocrx_word' id='word_1_62' title='bbox 1886 1236 1963 1290; x_wconf 81' lang='lat' dir='ltr'><strong>in-</strong></span> 
     </span>
    </p>
   </div>
   <div class='ocr_carea' id='block_1_10' title="bbox 375 1320 1966 1396">
    <p class='ocr_par' dir='ltr' id='par_1_10' title="bbox 375 1320 1966 1396">
     <span class='ocr_line' id='line_1_10' title="bbox 375 1320 1966 1396; baseline 0.003 -18"><span class='ocrx_word' id='word_1_63' title='bbox 375 1325 660 1395; x_wconf 47' lang='lat' dir='ltr'><strong>tellwatm&#39;,</strong></span> <span class='ocrx_word' id='word_1_64' title='bbox 682 1320 755 1380; x_wconf 60' lang='lat' dir='ltr'><strong>de</strong></span> <span class='ocrx_word' id='word_1_65' title='bbox 776 1334 955 1396; x_wconf 72' lang='lat' dir='ltr'><strong>patrno</strong></span> <span class='ocrx_word' id='word_1_66' title='bbox 982 1341 1122 1381; x_wconf 73' lang='lat' dir='ltr'><strong>novo</strong></span> <span class='ocrx_word' id='word_1_67' title='bbox 1145 1334 1200 1382; x_wconf 85' lang='lat' dir='ltr'><strong>et</strong></span> <span class='ocrx_word' id='word_1_68' title='bbox 1237 1326 1303 1381; x_wconf 90' lang='lat' dir='ltr'><strong>de</strong></span> <span class='ocrx_word' id='word_1_69' title='bbox 1329 1327 1455 1382; x_wconf 90' lang='lat' dir='ltr'><strong>vino</strong></span> <span class='ocrx_word' id='word_1_70' title='bbox 1482 1342 1620 1382; x_wconf 90' lang='lat' dir='ltr'><strong>novo</strong></span> <span class='ocrx_word' id='word_1_71' title='bbox 1642 1368 1657 1392; x_wconf 88' lang='lat'><strong>,</strong></span> <span class='ocrx_word' id='word_1_72' title='bbox 1686 1327 1739 1381; x_wconf 89' lang='lat' dir='ltr'><strong>id</strong></span> <span class='ocrx_word' id='word_1_73' title='bbox 1778 1337 1966 1384; x_wconf 87' lang='lat' dir='ltr'><strong>osten-</strong></span> 
     </span>
    </p>
   </div>
   <div class='ocr_carea' id='block_1_11' title="bbox 372 1416 1965 1493">
    <p class='ocr_par' dir='ltr' id='par_1_11' title="bbox 372 1416 1965 1493">
     <span class='ocr_line' id='line_1_11' title="bbox 372 1416 1965 1493; baseline 0.004 -21"><span class='ocrx_word' id='word_1_74' title='bbox 372 1416 508 1473; x_wconf 73' lang='lat' dir='ltr'><strong>dens</strong></span> <span class='ocrx_word' id='word_1_75' title='bbox 532 1417 679 1488; x_wconf 72' lang='lat' dir='ltr'><strong>quod</strong></span> <span class='ocrx_word' id='word_1_76' title='bbox 710 1419 1030 1475; x_wconf 74' lang='lat' dir='ltr'><strong>animalibus</strong></span> <span class='ocrx_word' id='word_1_77' title='bbox 1069 1426 1228 1490; x_wconf 81' lang='lat' dir='ltr'><strong>atque</strong></span> <span class='ocrx_word' id='word_1_78' title='bbox 1253 1420 1556 1475; x_wconf 74' lang='lat' dir='ltr'><strong>camalibus</strong></span> <span class='ocrx_word' id='word_1_79' title='bbox 1590 1423 1731 1479; x_wconf 84' lang='lat' dir='ltr'><strong>circa</strong></span> <span class='ocrx_word' id='word_1_80' title='bbox 1770 1438 1965 1493; x_wconf 84' lang='lat' dir='ltr'><strong>corpus</strong></span> 
     </span>
    </p>
   </div>
   <div class='ocr_carea' id='block_1_12' title="bbox 373 1510 1967 1580">
    <p class='ocr_par' dir='ltr' id='par_1_12' title="bbox 373 1510 1967 1580">
     <span class='ocr_line' id='line_1_12' title="bbox 373 1510 1967 1580; baseline 0.003 -17"><span class='ocrx_word' id='word_1_81' title='bbox 373 1512 665 1580; x_wconf 77' lang='lat' dir='ltr'><strong>occupatis,</strong></span> <span class='ocrx_word' id='word_1_82' title='bbox 696 1514 751 1563; x_wconf 79' lang='lat' dir='ltr'><strong>et</strong></span> <span class='ocrx_word' id='word_1_83' title='bbox 773 1510 969 1565; x_wconf 69' lang='lat' dir='ltr'><strong>obiice</strong></span> <span class='ocrx_word' id='word_1_84' title='bbox 1000 1518 1235 1566; x_wconf 80' lang='lat' dir='ltr'><strong>veterem</strong></span> <span class='ocrx_word' id='word_1_85' title='bbox 1260 1510 1434 1566; x_wconf 81' lang='lat' dir='ltr'><strong>adhuc</strong></span> <span class='ocrx_word' id='word_1_86' title='bbox 1464 1526 1679 1568; x_wconf 80' lang='lat' dir='ltr'><strong>sensum</strong></span> <span class='ocrx_word' id='word_1_87' title='bbox 1709 1513 1967 1570; x_wconf 85' lang='lat' dir='ltr'><strong>trahenti-</strong></span> 
     </span>
    </p>
   </div>
   <div class='ocr_carea' id='block_1_13' title="bbox 371 1598 1964 1675">
    <p class='ocr_par' dir='ltr' id='par_1_13' title="bbox 371 1598 1964 1675">
     <span class='ocr_line' id='line_1_13' title="bbox 371 1598 1964 1675; baseline 0.004 -20"><span class='ocrx_word' id='word_1_88' title='bbox 371 1598 491 1666; x_wconf 88' lang='lat' dir='ltr'><strong>bus,</strong></span> <span class='ocrx_word' id='word_1_89' title='bbox 524 1600 625 1655; x_wconf 83' lang='lat' dir='ltr'><strong>hoc</strong></span> <span class='ocrx_word' id='word_1_90' title='bbox 652 1612 819 1673; x_wconf 85' lang='lat' dir='ltr'><strong>genus</strong></span> <span class='ocrx_word' id='word_1_91' title='bbox 844 1602 1032 1672; x_wconf 80' lang='lat' dir='ltr'><strong>jejunii</strong></span> <span class='ocrx_word' id='word_1_92' title='bbox 1058 1618 1164 1657; x_wconf 89' lang='lat' dir='ltr'><strong>non</strong></span> <span class='ocrx_word' id='word_1_93' title='bbox 1185 1615 1473 1675; x_wconf 75' lang='lat' dir='ltr'><strong>congruat;</strong></span> <span class='ocrx_word' id='word_1_94' title='bbox 1498 1620 1629 1675; x_wconf 88' lang='lat' dir='ltr'><strong>quas</strong></span> <span class='ocrx_word' id='word_1_95' title='bbox 1658 1606 1964 1662; x_wconf 75' lang='lat' dir='ltr'><strong>similitudi-</strong></span> 
     </span>
    </p>
   </div>
   <div class='ocr_carea' id='block_1_14' title="bbox 369 1694 1964 1767">
    <p class='ocr_par' dir='ltr' id='par_1_14' title="bbox 369 1694 1964 1767">
     <span class='ocr_line' id='line_1_14' title="bbox 369 1694 1964 1767; baseline 0.006 -20"><span class='ocrx_word' id='word_1_96' title='bbox 369 1706 467 1747; x_wconf 79' lang='lat' dir='ltr'><strong>nes</strong></span> <span class='ocrx_word' id='word_1_97' title='bbox 497 1703 550 1748; x_wconf 89' lang='lat' dir='ltr'><strong>et</strong></span> <span class='ocrx_word' id='word_1_98' title='bbox 578 1695 666 1747; x_wconf 81' lang='lat' dir='ltr'><strong>alii</strong></span> <span class='ocrx_word' id='word_1_99' title='bbox 692 1694 799 1749; x_wconf 89' lang='lat' dir='ltr'><strong>duo</strong></span> <span class='ocrx_word' id='word_1_100' title='bbox 840 1694 1087 1751; x_wconf 80' lang='lat' dir='ltr'><strong>similiter</strong></span> <span class='ocrx_word' id='word_1_101' title='bbox 1116 1696 1472 1767; x_wconf 76' lang='lat' dir='ltr'><strong>cXplicarunt.</strong></span> <span class='ocrx_word' id='word_1_102' title='bbox 1500 1699 1618 1755; x_wconf 84' lang='lat' dir='ltr'><strong>Jam</strong></span> <span class='ocrx_word' id='word_1_103' title='bbox 1651 1702 1795 1756; x_wconf 84' lang='lat' dir='ltr'><strong>enim</strong></span> <span class='ocrx_word' id='word_1_104' title='bbox 1833 1702 1964 1758; x_wconf 82' lang='lat' dir='ltr'><strong>satis</strong></span> 
     </span>
    </p>
   </div>
   <div class='ocr_carea' id='block_1_15' title="bbox 368 1788 1963 1865">
    <p class='ocr_par' dir='ltr' id='par_1_15' title="bbox 368 1788 1963 1865">
     <span class='ocr_line' id='line_1_15' title="bbox 368 1788 1963 1865; baseline 0.008 -24"><span class='ocrx_word' id='word_1_105' title='bbox 368 1788 423 1842; x_wconf 89' lang='lat' dir='ltr'><strong>in</strong></span> <span class='ocrx_word' id='word_1_106' title='bbox 456 1794 701 1859; x_wconf 85' lang='lat' dir='ltr'><strong>promptu</strong></span> <span class='ocrx_word' id='word_1_107' title='bbox 741 1798 824 1844; x_wconf 83' lang='lat' dir='ltr'><strong>est</strong></span> <span class='ocrx_word' id='word_1_108' title='bbox 855 1790 987 1845; x_wconf 83' lang='lat' dir='ltr'><strong>nihil</strong></span> <span class='ocrx_word' id='word_1_109' title='bbox 1015 1806 1138 1847; x_wconf 86' lang='lat' dir='ltr'><strong>esse</strong></span> <span class='ocrx_word' id='word_1_110' title='bbox 1175 1794 1502 1847; x_wconf 86' lang='lat' dir='ltr'><strong>contrarium</strong></span> <span class='ocrx_word' id='word_1_111' title='bbox 1525 1837 1538 1861; x_wconf 92' lang='lat'><strong>,</strong></span> <span class='ocrx_word' id='word_1_112' title='bbox 1570 1795 1617 1849; x_wconf 91' lang='lat' dir='ltr'><strong>si</strong></span> <span class='ocrx_word' id='word_1_113' title='bbox 1659 1795 1785 1865; x_wconf 84' lang='lat' dir='ltr'><strong>quid</strong></span> <span class='ocrx_word' id='word_1_114' title='bbox 1825 1796 1963 1853; x_wconf 88' lang='lat' dir='ltr'><strong>alius</strong></span> 
     </span>
    </p>
   </div>
   <div class='ocr_carea' id='block_1_16' title="bbox 368 1880 1962 1955">
    <p class='ocr_par' dir='ltr' id='par_1_16' title="bbox 368 1880 1962 1955">
     <span class='ocr_line' id='line_1_16' title="bbox 368 1880 1962 1955; baseline 0.006 -21"><span class='ocrx_word' id='word_1_115' title='bbox 368 1880 516 1946; x_wconf 89' lang='lat' dir='ltr'><strong>dicit,</strong></span> <span class='ocrx_word' id='word_1_116' title='bbox 538 1882 679 1951; x_wconf 77' lang='lat' dir='ltr'><strong>quod</strong></span> <span class='ocrx_word' id='word_1_117' title='bbox 700 1883 831 1935; x_wconf 84' lang='lat' dir='ltr'><strong>alius</strong></span> <span class='ocrx_word' id='word_1_118' title='bbox 854 1885 1229 1952; x_wconf 22' lang='lat' dir='ltr'><strong>‘prtetermittit,</strong></span> <span class='ocrx_word' id='word_1_119' title='bbox 1254 1900 1347 1939; x_wconf 89' lang='lat' dir='ltr'><strong>seu</strong></span> <span class='ocrx_word' id='word_1_120' title='bbox 1372 1886 1543 1955; x_wconf 86' lang='lat' dir='ltr'><strong>verbi,</strong></span> <span class='ocrx_word' id='word_1_121' title='bbox 1571 1901 1665 1941; x_wconf 87' lang='lat' dir='ltr'><strong>seu</strong></span> <span class='ocrx_word' id='word_1_122' title='bbox 1696 1887 1805 1952; x_wconf 81' lang='lat' dir='ltr'><strong>rei;</strong></span> <span class='ocrx_word' id='word_1_123' title='bbox 1836 1888 1962 1943; x_wconf 81' lang='lat' dir='ltr'><strong>dum</strong></span> 
     </span>
    </p>
   </div>
   <div class='ocr_carea' id='block_1_17' title="bbox 366 1974 1963 2051">
    <p class='ocr_par' dir='ltr' id='par_1_17' title="bbox 366 1974 1963 2051">
     <span class='ocr_line' id='line_1_17' title="bbox 366 1974 1963 2051; baseline 0.006 -24"><span class='ocrx_word' id='word_1_124' title='bbox 366 1974 452 2029; x_wconf 83' lang='lat' dir='ltr'><strong>vel</strong></span> <span class='ocrx_word' id='word_1_125' title='bbox 481 1975 548 2029; x_wconf 81' lang='lat' dir='ltr'><strong>ab</strong></span> <span class='ocrx_word' id='word_1_126' title='bbox 570 1974 758 2030; x_wconf 81' lang='lat' dir='ltr'><strong>eadem</strong></span> <span class='ocrx_word' id='word_1_127' title='bbox 789 1977 1054 2031; x_wconf 78' lang='lat' dir='ltr'><strong>sententia</strong></span> <span class='ocrx_word' id='word_1_128' title='bbox 1076 1992 1180 2032; x_wconf 91' lang='lat' dir='ltr'><strong>non</strong></span> <span class='ocrx_word' id='word_1_129' title='bbox 1209 1978 1513 2045; x_wconf 79' lang='lat' dir='ltr'><strong>recedatur,</strong></span> <span class='ocrx_word' id='word_1_130' title='bbox 1548 1980 1637 2034; x_wconf 88' lang='lat' dir='ltr'><strong>vel</strong></span> <span class='ocrx_word' id='word_1_131' title='bbox 1666 1996 1791 2051; x_wconf 73' lang='lat' dir='ltr'><strong>qua:</strong></span> <span class='ocrx_word' id='word_1_132' title='bbox 1826 1981 1963 2038; x_wconf 84' lang='lat' dir='ltr'><strong>forte</strong></span> 
     </span>
    </p>
   </div>
   <div class='ocr_carea' id='block_1_18' title="bbox 367 2066 1340 2136">
    <p class='ocr_par' dir='ltr' id='par_1_18' title="bbox 367 2066 1340 2136">
     <span class='ocr_line' id='line_1_18' title="bbox 367 2066 1340 2136; baseline 0.004 -17"><span class='ocrx_word' id='word_1_133' title='bbox 367 2066 469 2119; x_wconf 83' lang='lat' dir='ltr'><strong>alia</strong></span> <span class='ocrx_word' id='word_1_134' title='bbox 490 2068 728 2136; x_wconf 66' lang='lat' dir='ltr'><strong>ponitur,</strong></span> <span class='ocrx_word' id='word_1_135' title='bbox 758 2068 845 2121; x_wconf 82' lang='lat' dir='ltr'><strong>alii</strong></span> <span class='ocrx_word' id='word_1_136' title='bbox 878 2083 982 2123; x_wconf 89' lang='lat' dir='ltr'><strong>non</strong></span> <span class='ocrx_word' id='word_1_137' title='bbox 1007 2069 1340 2125; x_wconf 76' lang='lat' dir='ltr'><strong>adversetur.</strong></span> 
     </span>
    </p>
   </div>
   <div class='ocr_carea' id='block_1_19' title="bbox 364 2154 1959 2233">
    <p class='ocr_par' dir='ltr' id='par_1_19' title="bbox 364 2154 1959 2233">
     <span class='ocr_line' id='line_1_19' title="bbox 364 2154 1959 2233; baseline 0.004 -23"><span class='ocrx_word' id='word_1_138' title='bbox 364 2154 592 2212; x_wconf 71' lang='lat' dir='ltr'><strong>CAPUT</strong></span> <span class='ocrx_word' id='word_1_139' title='bbox 622 2154 855 2213; x_wconf 66' lang='lat' dir='ltr'><strong>XXVIII.</strong></span> <span class='ocrx_word' id='word_1_140' title='bbox 878 2190 949 2199; x_wconf 91' lang='lat'><em>—</em></span> <span class='ocrx_word' id='word_1_141' title='bbox 967 2158 1046 2213; x_wconf 72' lang='lat' dir='ltr'><strong>De</strong></span> <span class='ocrx_word' id='word_1_142' title='bbox 1082 2160 1194 2229; x_wconf 79' lang='lat' dir='ltr'><strong>ﬁlia</strong></span> <span class='ocrx_word' id='word_1_143' title='bbox 1217 2161 1619 2233; x_wconf 75' lang='lat' dir='ltr'><strong>Archisynagogi</strong></span> <span class='ocrx_word' id='word_1_144' title='bbox 1644 2164 1959 2230; x_wconf 79' lang='lat' dir='ltr'><strong>resu‘scitata,</strong></span> 
     </span>
    </p>
   </div>
   <div class='ocr_carea' id='block_1_20' title="bbox 434 2247 1963 2323">
    <p class='ocr_par' dir='ltr' id='par_1_20' title="bbox 434 2247 1963 2323">
     <span class='ocr_line' id='line_1_20' title="bbox 434 2247 1963 2323; baseline 0.007 -25"><span class='ocrx_word' id='word_1_145' title='bbox 434 2254 483 2298; x_wconf 65' lang='grc' dir='ltr'><em>α</em></span> <span class='ocrx_word' id='word_1_146' title='bbox 512 2247 720 2302; x_wconf 68' lang='lat' dir='ltr'><strong>muliere</strong></span> <span class='ocrx_word' id='word_1_147' title='bbox 744 2260 855 2319; x_wconf 66' lang='lat' dir='ltr'><strong>qua:</strong></span> <span class='ocrx_word' id='word_1_148' title='bbox 875 2251 1031 2321; x_wconf 69' lang='lat' dir='ltr'><strong>tetigit</strong></span> <span class='ocrx_word' id='word_1_149' title='bbox 1056 2252 1306 2318; x_wconf 79' lang='lat' dir='ltr'><strong>ﬁmbriam</strong></span> <span class='ocrx_word' id='word_1_150' title='bbox 1324 2253 1601 2305; x_wconf 74' lang='lat' dir='ltr'><strong>vestimenti</strong></span> <span class='ocrx_word' id='word_1_151' title='bbox 1619 2254 1727 2323; x_wconf 82' lang='lat' dir='ltr'><strong>ejus</strong></span> <span class='ocrx_word' id='word_1_152' title='bbox 1754 2270 1772 2308; x_wconf 90' lang='lat'><strong><em>:</em></strong></span> <span class='ocrx_word' id='word_1_153' title='bbox 1795 2264 1963 2308; x_wconf 86' lang='lat' dir='ltr'><strong>utrum</strong></span> 
     </span>
    </p>
   </div>
   <div class='ocr_carea' id='block_1_21' title="bbox 437 2339 1958 2415">
    <p class='ocr_par' dir='ltr' id='par_1_21' title="bbox 437 2339 1958 2415">
     <span class='ocr_line' id='line_1_21' title="bbox 437 2339 1958 2415; baseline 0.006 -23"><span class='ocrx_word' id='word_1_154' title='bbox 437 2339 562 2393; x_wconf 68' lang='lat' dir='ltr'><strong>ordo</strong></span> <span class='ocrx_word' id='word_1_155' title='bbox 589 2357 686 2410; x_wconf 84' lang='lat' dir='ltr'><strong>quo</strong></span> <span class='ocrx_word' id='word_1_156' title='bbox 713 2343 845 2395; x_wconf 71' lang='lat' dir='ltr'><strong>dicta</strong></span> <span class='ocrx_word' id='word_1_157' title='bbox 871 2354 984 2397; x_wconf 81' lang='lat' dir='ltr'><strong>sunt</strong></span> <span class='ocrx_word' id='word_1_158' title='bbox 1020 2344 1147 2397; x_wconf 84' lang='lat' dir='ltr'><strong>nihil</strong></span> <span class='ocrx_word' id='word_1_159' title='bbox 1172 2346 1411 2415; x_wconf 79' lang='lat' dir='ltr'><strong>cuiquam</strong></span> <span class='ocrx_word' id='word_1_160' title='bbox 1443 2362 1615 2400; x_wconf 68' lang='lat' dir='ltr'><strong>eorum</strong></span> <span class='ocrx_word' id='word_1_161' title='bbox 1651 2349 1958 2414; x_wconf 78' lang='lat' dir='ltr'><strong>adversetur,</strong></span> 
     </span>
    </p>
   </div>
   <div class='ocr_carea' id='block_1_22' title="bbox 435 2432 1961 2511">
    <p class='ocr_par' dir='ltr' id='par_1_22' title="bbox 435 2432 1961 2511">
     <span class='ocr_line' id='line_1_22' title="bbox 435 2432 1961 2511; baseline 0.006 -27"><span class='ocrx_word' id='word_1_162' title='bbox 435 2452 467 2484; x_wconf 78' lang='grc' dir='ltr'><strong>ιι</strong></span> <span class='ocrx_word' id='word_1_163' title='bbox 490 2432 676 2501; x_wconf 81' lang='lat' dir='ltr'><strong>quibus</strong></span> <span class='ocrx_word' id='word_1_164' title='bbox 705 2434 841 2486; x_wconf 83' lang='lat' dir='ltr'><strong>dicta</strong></span> <span class='ocrx_word' id='word_1_165' title='bbox 866 2444 1015 2500; x_wconf 73' lang='lat' dir='ltr'><strong>smn;</strong></span> <span class='ocrx_word' id='word_1_166' title='bbox 1049 2446 1095 2489; x_wconf 81' lang='lat' dir='ltr'><strong>et</strong></span> <span class='ocrx_word' id='word_1_167' title='bbox 1118 2438 1338 2490; x_wconf 72' lang='lat' dir='ltr'><strong>maxime</strong></span> <span class='ocrx_word' id='word_1_168' title='bbox 1374 2437 1438 2491; x_wconf 88' lang='lat' dir='ltr'><strong>de</strong></span> <span class='ocrx_word' id='word_1_169' title='bbox 1466 2438 1626 2492; x_wconf 83' lang='lat' dir='ltr'><strong>verbis</strong></span> <span class='ocrx_word' id='word_1_170' title='bbox 1650 2439 1961 2511; x_wconf 79' lang='lat' dir='ltr'><strong>Arcltisyna-</strong></span> 
     </span>
    </p>
   </div>
   <div class='ocr_carea' id='block_1_23' title="bbox 433 2524 1331 2597">
    <p class='ocr_par' dir='ltr' id='par_1_23' title="bbox 433 2524 1331 2597">
     <span class='ocr_line' id='line_1_23' title="bbox 433 2524 1331 2597; baseline 0.006 -22"><span class='ocrx_word' id='word_1_171' title='bbox 433 2524 573 2594; x_wconf 85' lang='lat' dir='ltr'><strong>gogi,</strong></span> <span class='ocrx_word' id='word_1_172' title='bbox 607 2525 786 2595; x_wconf 78' lang='lat' dir='ltr'><strong>quibus</strong></span> <span class='ocrx_word' id='word_1_173' title='bbox 812 2527 1006 2597; x_wconf 80' lang='lat' dir='ltr'><strong>rogavit</strong></span> <span class='ocrx_word' id='word_1_174' title='bbox 1036 2524 1331 2581; x_wconf 85' lang='lat' dir='ltr'><strong>Dominum.</strong></span> 
     </span>
    </p>
   </div>
   <div class='ocr_carea' id='block_1_24' title="bbox 434 2617 1959 2696">
    <p class='ocr_par' dir='ltr' id='par_1_24' title="bbox 434 2617 1959 2696">
     <span class='ocr_line' id='line_1_24' title="bbox 434 2617 1959 2696; baseline 0.007 -26"><span class='ocrx_word' id='word_1_175' title='bbox 434 2617 525 2671; x_wconf 70' lang='grc'><strong>64.</strong></span> <span class='ocrx_word' id='word_1_176' title='bbox 574 2618 832 2687; x_wconf 79' lang='lat' dir='ltr'><strong>Sequitur</strong></span> <span class='ocrx_word' id='word_1_177' title='bbox 870 2619 1068 2673; x_wconf 82' lang='lat' dir='ltr'><strong>deinde</strong></span> <span class='ocrx_word' id='word_1_178' title='bbox 1116 2620 1393 2676; x_wconf 72' lang='lat' dir='ltr'><strong>Matthams</strong></span> <span class='ocrx_word' id='word_1_179' title='bbox 1443 2622 1616 2677; x_wconf 90' lang='lat' dir='ltr'><strong>adhuc</strong></span> <span class='ocrx_word' id='word_1_180' title='bbox 1662 2634 1959 2696; x_wconf 86' lang='lat' dir='ltr'><strong>temporum</strong></span> 
     </span>
    </p>
   </div>
   <div class='ocr_carea' id='block_1_25' title="bbox 362 2700 1963 2779">
    <p class='ocr_par' dir='ltr' id='par_1_25' title="bbox 362 2700 1963 2779">
     <span class='ocr_line' id='line_1_25' title="bbox 362 2700 1963 2779; baseline 0.006 -25"><span class='ocrx_word' id='word_1_181' title='bbox 362 2700 601 2757; x_wconf 80' lang='lat' dir='ltr'><strong>ordinem</strong></span> <span class='ocrx_word' id='word_1_182' title='bbox 632 2716 852 2757; x_wconf 86' lang='lat' dir='ltr'><strong>servans</strong></span> <span class='ocrx_word' id='word_1_183' title='bbox 877 2722 888 2757; x_wconf 90' lang='lat'><strong>:</strong></span> <span class='ocrx_word' id='word_1_184' title='bbox 920 2703 1045 2758; x_wconf 66' lang='lat' dir='ltr'><strong>Hice</strong></span> <span class='ocrx_word' id='word_1_185' title='bbox 1073 2704 1163 2759; x_wconf 80' lang='lat' dir='ltr'><strong>illo</strong></span> <span class='ocrx_word' id='word_1_186' title='bbox 1190 2706 1419 2776; x_wconf 81' lang='lat' dir='ltr'><strong>loquente</strong></span> <span class='ocrx_word' id='word_1_187' title='bbox 1451 2708 1519 2760; x_wconf 89' lang='lat' dir='ltr'><strong>ad</strong></span> <span class='ocrx_word' id='word_1_188' title='bbox 1542 2725 1646 2775; x_wconf 89' lang='lat' dir='ltr'><strong>eos,</strong></span> <span class='ocrx_word' id='word_1_189' title='bbox 1675 2725 1785 2763; x_wconf 85' lang='lat' dir='ltr'><strong>ecce</strong></span> <span class='ocrx_word' id='word_1_190' title='bbox 1819 2712 1963 2779; x_wconf 84' lang='lat' dir='ltr'><strong>prin-</strong></span> 
     </span>
    </p>
   </div>
   <div class='ocr_carea' id='block_1_26' title="bbox 359 2796 1961 2862">
    <p class='ocr_par' dir='ltr' id='par_1_26' title="bbox 359 2796 1961 2862">
     <span class='ocr_line' id='line_1_26' title="bbox 359 2796 1961 2862; baseline 0.008 -18"><span class='ocrx_word' id='word_1_191' title='bbox 359 2804 477 2860; x_wconf 79' lang='lat' dir='ltr'><strong>ceps</strong></span> <span class='ocrx_word' id='word_1_192' title='bbox 514 2806 647 2846; x_wconf 79' lang='lat' dir='ltr'><strong>unus</strong></span> <span class='ocrx_word' id='word_1_193' title='bbox 670 2796 900 2862; x_wconf 73' lang='lat' dir='ltr'><strong>accessit,</strong></span> <span class='ocrx_word' id='word_1_194' title='bbox 940 2806 987 2848; x_wconf 90' lang='lat' dir='ltr'><strong>et</strong></span> <span class='ocrx_word' id='word_1_195' title='bbox 1011 2796 1255 2851; x_wconf 75' lang='lat' dir='ltr'><strong>adorabat</strong></span> <span class='ocrx_word' id='word_1_196' title='bbox 1283 2815 1396 2851; x_wconf 88' lang='lat' dir='ltr'><strong>eum</strong></span> <span class='ocrx_word' id='word_1_197' title='bbox 1425 2800 1592 2854; x_wconf 85' lang='lat' dir='ltr'><strong>dicens</strong></span> <span class='ocrx_word' id='word_1_198' title='bbox 1619 2816 1637 2854; x_wconf 91' lang='lat'><em>:</em></span> <span class='ocrx_word' id='word_1_199' title='bbox 1672 2800 1813 2856; x_wconf 76' lang='lat' dir='ltr'><strong>Filia</strong></span> <span class='ocrx_word' id='word_1_200' title='bbox 1850 2819 1961 2857; x_wconf 90' lang='lat' dir='ltr'><strong>mea</strong></span> 
     </span>
    </p>
   </div>
   <div class='ocr_carea' id='block_1_27' title="bbox 361 2887 1962 2965">
    <p class='ocr_par' dir='ltr' id='par_1_27' title="bbox 361 2887 1962 2965">
     <span class='ocr_line' id='line_1_27' title="bbox 361 2887 1962 2965; baseline 0.007 -27"><span class='ocrx_word' id='word_1_201' title='bbox 361 2887 514 2940; x_wconf 87' lang='lat' dir='ltr'><strong>modo</strong></span> <span class='ocrx_word' id='word_1_202' title='bbox 540 2887 779 2955; x_wconf 67' lang='lat' dir='ltr'><strong>defuncta</strong></span> <span class='ocrx_word' id='word_1_203' title='bbox 808 2898 914 2953; x_wconf 77' lang='lat' dir='ltr'><strong>est;</strong></span> <span class='ocrx_word' id='word_1_204' title='bbox 944 2890 1033 2943; x_wconf 87' lang='lat' dir='ltr'><strong>sed</strong></span> <span class='ocrx_word' id='word_1_205' title='bbox 1056 2891 1189 2957; x_wconf 86' lang='lat' dir='ltr'><strong>veni,</strong></span> <span class='ocrx_word' id='word_1_206' title='bbox 1213 2891 1414 2959; x_wconf 84' lang='lat' dir='ltr'><strong>impone</strong></span> <span class='ocrx_word' id='word_1_207' title='bbox 1432 2909 1636 2947; x_wconf 86' lang='lat' dir='ltr'><strong>manum</strong></span> <span class='ocrx_word' id='word_1_208' title='bbox 1652 2903 1788 2947; x_wconf 87' lang='lat' dir='ltr'><strong>tuam</strong></span> <span class='ocrx_word' id='word_1_209' title='bbox 1810 2912 1962 2965; x_wconf 80' lang='lat' dir='ltr'><strong>super</strong></span> 
     </span>
    </p>
   </div>
   <div class='ocr_carea' id='block_1_28' title="bbox 358 2981 1961 3051">
    <p class='ocr_par' dir='ltr' id='par_1_28' title="bbox 358 2981 1961 3051">
     <span class='ocr_line' id='line_1_28' title="bbox 358 2981 1961 3051; baseline 0.006 -20"><span class='ocrx_word' id='word_1_210' title='bbox 358 2994 490 3042; x_wconf 85' lang='lat' dir='ltr'><strong>eam,</strong></span> <span class='ocrx_word' id='word_1_211' title='bbox 532 2989 577 3032; x_wconf 88' lang='lat' dir='ltr'><strong>et</strong></span> <span class='ocrx_word' id='word_1_212' title='bbox 597 2981 743 3046; x_wconf 78' lang='lat' dir='ltr'><strong>vivet,</strong></span> <span class='ocrx_word' id='word_1_213' title='bbox 766 2991 910 3046; x_wconf 60' lang='lat' dir='ltr'><strong>etc,</strong></span> <span class='ocrx_word' id='word_1_214' title='bbox 943 2997 1110 3051; x_wconf 87' lang='lat' dir='ltr'><strong>usque</strong></span> <span class='ocrx_word' id='word_1_215' title='bbox 1135 2982 1201 3035; x_wconf 91' lang='lat' dir='ltr'><strong>ad</strong></span> <span class='ocrx_word' id='word_1_216' title='bbox 1239 2983 1366 3037; x_wconf 87' lang='lat' dir='ltr'><strong>illud</strong></span> <span class='ocrx_word' id='word_1_217' title='bbox 1404 2984 1493 3038; x_wconf 89' lang='lat' dir='ltr'><strong>ubi</strong></span> <span class='ocrx_word' id='word_1_218' title='bbox 1518 2984 1619 3051; x_wconf 77' lang='lat' dir='ltr'><strong>ait,</strong></span> <span class='ocrx_word' id='word_1_219' title='bbox 1651 2985 1713 3039; x_wconf 85' lang='lat' dir='ltr'><strong>Et</strong></span> <span class='ocrx_word' id='word_1_220' title='bbox 1743 2989 1961 3042; x_wconf 71' lang='lat' dir='ltr'><strong>surrexit</strong></span> 
     </span>
    </p>
   </div>
   <div class='ocr_carea' id='block_1_29' title="bbox 358 3072 1960 3144">
    <p class='ocr_par' dir='ltr' id='par_1_29' title="bbox 358 3072 1960 3144">
     <span class='ocr_line' id='line_1_29' title="bbox 358 3072 1960 3144; baseline 0.007 -20"><span class='ocrx_word' id='word_1_221' title='bbox 358 3072 569 3142; x_wconf 81' lang='lat' dir='ltr'><strong>puella:</strong></span> <span class='ocrx_word' id='word_1_222' title='bbox 598 3083 647 3126; x_wconf 83' lang='lat' dir='ltr'><strong>et</strong></span> <span class='ocrx_word' id='word_1_223' title='bbox 684 3075 803 3126; x_wconf 75' lang='lat' dir='ltr'><strong>exiit</strong></span> <span class='ocrx_word' id='word_1_224' title='bbox 836 3079 979 3144; x_wconf 63' lang='lat' dir='ltr'><strong>fama</strong></span> <span class='ocrx_word' id='word_1_225' title='bbox 1021 3076 1128 3128; x_wconf 58' lang='lat' dir='ltr'><strong>Irata</strong></span> <span class='ocrx_word' id='word_1_226' title='bbox 1170 3076 1223 3129; x_wconf 88' lang='lat' dir='ltr'><strong>in</strong></span> <span class='ocrx_word' id='word_1_227' title='bbox 1271 3076 1551 3132; x_wconf 69' lang='lat' dir='ltr'><strong>universam</strong></span> <span class='ocrx_word' id='word_1_228' title='bbox 1590 3090 1775 3134; x_wconf 87' lang='lat' dir='ltr'><strong>terram</strong></span> <span class='ocrx_word' id='word_1_229' title='bbox 1815 3082 1960 3136; x_wconf 88' lang='lat' dir='ltr'><strong>illam</strong></span> 
     </span>
    </p>
   </div>
   <div class='ocr_carea' id='block_1_30' title="bbox 354 3162 1959 3238">
    <p class='ocr_par' dir='ltr' id='par_1_30' title="bbox 354 3162 1959 3238">
     <span class='ocr_line' id='line_1_30' title="bbox 354 3162 1959 3238; baseline 0.007 -23"><span class='ocrx_word' id='word_1_230' title='bbox 354 3162 575 3232; x_wconf 79' lang='lat' dir='ltr'><strong>(Matth.</strong></span> <span class='ocrx_word' id='word_1_231' title='bbox 606 3180 681 3230; x_wconf 79' lang='lat' dir='ltr'><strong>ix,</strong></span> <span class='ocrx_word' id='word_1_232' title='bbox 714 3164 922 3237; x_wconf 63' lang='grc'><strong>18-26).</strong></span> <span class='ocrx_word' id='word_1_233' title='bbox 957 3165 1149 3220; x_wconf 89' lang='lat' dir='ltr'><strong>Dicunt</strong></span> <span class='ocrx_word' id='word_1_234' title='bbox 1181 3166 1282 3222; x_wconf 89' lang='lat' dir='ltr'><strong>hoc</strong></span> <span class='ocrx_word' id='word_1_235' title='bbox 1309 3176 1363 3223; x_wconf 89' lang='lat' dir='ltr'><strong>et</strong></span> <span class='ocrx_word' id='word_1_236' title='bbox 1386 3169 1475 3223; x_wconf 84' lang='lat' dir='ltr'><strong>alii</strong></span> <span class='ocrx_word' id='word_1_237' title='bbox 1496 3169 1639 3238; x_wconf 80' lang='lat' dir='ltr'><strong>duo,</strong></span> <span class='ocrx_word' id='word_1_238' title='bbox 1672 3171 1880 3229; x_wconf 85' lang='lat' dir='ltr'><strong>Marcus</strong></span> <span class='ocrx_word' id='word_1_239' title='bbox 1904 3181 1959 3228; x_wconf 90' lang='lat' dir='ltr'><strong>et</strong></span> 
     </span>
    </p>
   </div>
   <div class='ocr_carea' id='block_1_31' title="bbox 356 3257 1957 3331">
    <p class='ocr_par' dir='ltr' id='par_1_31' title="bbox 356 3257 1957 3331">
     <span class='ocr_line' id='line_1_31' title="bbox 356 3257 1957 3331; baseline 0.006 -19"><span class='ocrx_word' id='word_1_240' title='bbox 356 3257 563 3321; x_wconf 84' lang='lat' dir='ltr'><strong>Lucas;</strong></span> <span class='ocrx_word' id='word_1_241' title='bbox 593 3258 687 3312; x_wconf 89' lang='lat' dir='ltr'><strong>sed</strong></span> <span class='ocrx_word' id='word_1_242' title='bbox 716 3258 783 3312; x_wconf 83' lang='lat' dir='ltr'><strong>ab</strong></span> <span class='ocrx_word' id='word_1_243' title='bbox 812 3258 915 3313; x_wconf 88' lang='lat' dir='ltr'><strong>istc</strong></span> <span class='ocrx_word' id='word_1_244' title='bbox 948 3260 1141 3315; x_wconf 79' lang='lat' dir='ltr'><strong>ordine</strong></span> <span class='ocrx_word' id='word_1_245' title='bbox 1175 3261 1284 3331; x_wconf 80' lang='lat' dir='ltr'><strong>jam</strong></span> <span class='ocrx_word' id='word_1_246' title='bbox 1325 3262 1601 3318; x_wconf 84' lang='lat' dir='ltr'><strong>recedunt.</strong></span> <span class='ocrx_word' id='word_1_247' title='bbox 1646 3264 1783 3320; x_wconf 87' lang='lat' dir='ltr'><strong>Alibi</strong></span> <span class='ocrx_word' id='word_1_248' title='bbox 1814 3267 1957 3321; x_wconf 90' lang='lat' dir='ltr'><strong>enim</strong></span> 
     </span>
    </p>
   </div>
   <div class='ocr_carea' id='block_1_32' title="bbox 354 3346 1955 3421">
    <p class='ocr_par' dir='ltr' id='par_1_32' title="bbox 354 3346 1955 3421">
     <span class='ocr_line' id='line_1_32' title="bbox 354 3346 1955 3421; baseline 0.006 -20"><span class='ocrx_word' id='word_1_249' title='bbox 354 3346 460 3402; x_wconf 80' lang='lat' dir='ltr'><strong>hoc</strong></span> <span class='ocrx_word' id='word_1_250' title='bbox 502 3350 850 3404; x_wconf 82' lang='lat' dir='ltr'><strong>recordamur</strong></span> <span class='ocrx_word' id='word_1_251' title='bbox 879 3360 1036 3421; x_wconf 77' lang='lat' dir='ltr'><strong>atque</strong></span> <span class='ocrx_word' id='word_1_252' title='bbox 1063 3352 1341 3419; x_wconf 86' lang='lat' dir='ltr'><strong>inserunt,</strong></span> <span class='ocrx_word' id='word_1_253' title='bbox 1389 3353 1441 3407; x_wconf 90' lang='lat' dir='ltr'><strong>id</strong></span> <span class='ocrx_word' id='word_1_254' title='bbox 1468 3364 1580 3421; x_wconf 86' lang='lat' dir='ltr'><strong>est,</strong></span> <span class='ocrx_word' id='word_1_255' title='bbox 1612 3370 1677 3410; x_wconf 92' lang='lat' dir='ltr'><strong>eo</strong></span> <span class='ocrx_word' id='word_1_256' title='bbox 1721 3356 1837 3411; x_wconf 90' lang='lat' dir='ltr'><strong>loco</strong></span> <span class='ocrx_word' id='word_1_257' title='bbox 1865 3358 1955 3413; x_wconf 85' lang='lat' dir='ltr'><strong>ubi</strong></span> 
     </span>
    </p>
   </div>
   <div class='ocr_carea' id='block_1_33' title="bbox 352 3439 1957 3515">
    <p class='ocr_par' dir='ltr' id='par_1_33' title="bbox 352 3439 1957 3515">
     <span class='ocr_line' id='line_1_33' title="bbox 352 3439 1957 3515; baseline 0.007 -23"><span class='ocrx_word' id='word_1_258' title='bbox 352 3439 497 3493; x_wconf 80' lang='lat' dir='ltr'><strong>redit</strong></span> <span class='ocrx_word' id='word_1_259' title='bbox 524 3440 910 3495; x_wconf 73' lang='lat' dir='ltr'><strong>transfretanth</strong></span> <span class='ocrx_word' id='word_1_260' title='bbox 934 3458 964 3495; x_wconf 90' lang='lat' dir='ltr'><strong>a</strong></span> <span class='ocrx_word' id='word_1_261' title='bbox 990 3444 1212 3512; x_wconf 79' lang='lat' dir='ltr'><strong>regione</strong></span> <span class='ocrx_word' id='word_1_262' title='bbox 1241 3443 1667 3510; x_wconf 88' lang='lat' dir='ltr'><strong>Gerasenorum,</strong></span> <span class='ocrx_word' id='word_1_263' title='bbox 1709 3456 1829 3515; x_wconf 90' lang='lat' dir='ltr'><strong>post</strong></span> <span class='ocrx_word' id='word_1_264' title='bbox 1865 3464 1957 3503; x_wconf 83' lang='lat' dir='ltr'><strong>cx-</strong></span> 
     </span>
    </p>
   </div>
   <div class='ocr_carea' id='block_1_34' title="bbox 350 3530 1958 3601">
    <p class='ocr_par' dir='ltr' id='par_1_34' title="bbox 350 3530 1958 3601">
     <span class='ocr_line' id='line_1_34' title="bbox 350 3530 1958 3601; baseline 0.006 -19"><span class='ocrx_word' id='word_1_265' title='bbox 350 3530 508 3598; x_wconf 76' lang='lat' dir='ltr'><strong>pulsa</strong></span> <span class='ocrx_word' id='word_1_266' title='bbox 537 3530 669 3585; x_wconf 86' lang='lat' dir='ltr'><strong>etin</strong></span> <span class='ocrx_word' id='word_1_267' title='bbox 707 3546 897 3599; x_wconf 88' lang='lat' dir='ltr'><strong>porcos</strong></span> <span class='ocrx_word' id='word_1_268' title='bbox 923 3533 1179 3601; x_wconf 85' lang='lat' dir='ltr'><strong>permissa</strong></span> <span class='ocrx_word' id='word_1_269' title='bbox 1206 3533 1489 3589; x_wconf 72' lang='lat' dir='ltr'><strong>dmtuonia.</strong></span> <span class='ocrx_word' id='word_1_270' title='bbox 1523 3536 1653 3591; x_wconf 88' lang='lat' dir='ltr'><strong>Nam</strong></span> <span class='ocrx_word' id='word_1_271' title='bbox 1684 3538 1783 3591; x_wconf 86' lang='lat' dir='ltr'><strong>hoc</strong></span> <span class='ocrx_word' id='word_1_272' title='bbox 1821 3538 1958 3592; x_wconf 84' lang='lat' dir='ltr'><strong>Mar-</strong></span> 
     </span>
    </p>
   </div>
   <div class='ocr_carea' id='block_1_35' title="bbox 352 3623 1949 3697">
    <p class='ocr_par' dir='ltr' id='par_1_35' title="bbox 352 3623 1949 3697">
     <span class='ocr_line' id='line_1_35' title="bbox 352 3623 1949 3697; baseline 0.008 -22"><span class='ocrx_word' id='word_1_273' title='bbox 352 3636 452 3676; x_wconf 81' lang='lat' dir='ltr'><strong>cus</strong></span> <span class='ocrx_word' id='word_1_274' title='bbox 478 3623 547 3676; x_wconf 82' lang='lat' dir='ltr'><strong>ita</strong></span> <span class='ocrx_word' id='word_1_275' title='bbox 570 3623 851 3694; x_wconf 68' lang='lat' dir='ltr'><strong>coniungit</strong></span> <span class='ocrx_word' id='word_1_276' title='bbox 876 3634 996 3694; x_wconf 86' lang='lat' dir='ltr'><strong>post</strong></span> <span class='ocrx_word' id='word_1_277' title='bbox 1024 3627 1154 3681; x_wconf 86' lang='lat' dir='ltr'><strong>illud</strong></span> <span class='ocrx_word' id='word_1_278' title='bbox 1197 3629 1335 3697; x_wconf 91' lang='lat' dir='ltr'><strong>apud</strong></span> <span class='ocrx_word' id='word_1_279' title='bbox 1377 3629 1676 3687; x_wconf 87' lang='lat' dir='ltr'><strong>Gerasenos</strong></span> <span class='ocrx_word' id='word_1_280' title='bbox 1723 3632 1949 3688; x_wconf 84' lang='lat' dir='ltr'><strong>factum:</strong></span> 
     </span>
    </p>
   </div>
   <div class='ocr_carea' id='block_1_36' title="bbox 353 3710 1954 3787">
    <p class='ocr_par' dir='ltr' id='par_1_36' title="bbox 353 3710 1954 3787">
     <span class='ocr_line' id='line_1_36' title="bbox 353 3710 1954 3787; baseline 0.009 -23"><span class='ocrx_word' id='word_1_281' title='bbox 353 3710 424 3764; x_wconf 77' lang='lat' dir='ltr'><strong>Et</strong></span> <span class='ocrx_word' id='word_1_282' title='bbox 450 3726 564 3766; x_wconf 78' lang='lat' dir='ltr'><strong>cum</strong></span> <span class='ocrx_word' id='word_1_283' title='bbox 601 3716 1028 3783; x_wconf 78' lang='lat' dir='ltr'><strong>transcendisset,</strong></span> <span class='ocrx_word' id='word_1_284' title='bbox 1071 3718 1273 3787; x_wconf 85' lang='lat' dir='ltr'><strong>inquit,</strong></span> <span class='ocrx_word' id='word_1_285' title='bbox 1322 3718 1473 3774; x_wconf 84' lang='lat' dir='ltr'><strong>Jesus</strong></span> <span class='ocrx_word' id='word_1_286' title='bbox 1517 3722 1571 3774; x_wconf 85' lang='lat' dir='ltr'><strong>in</strong></span> <span class='ocrx_word' id='word_1_287' title='bbox 1616 3724 1731 3776; x_wconf 85' lang='lat' dir='ltr'><strong>navi</strong></span> <span class='ocrx_word' id='word_1_288' title='bbox 1776 3741 1954 3779; x_wconf 85' lang='lat' dir='ltr'><strong>rursus</strong></span> 
     </span>
    </p>
   </div>
   <div class='ocr_carea' id='block_1_37' title="bbox 352 3808 1952 3875">
    <p class='ocr_par' dir='ltr' id='par_1_37' title="bbox 352 3808 1952 3875">
     <span class='ocr_line' id='line_1_37' title="bbox 352 3808 1952 3875; baseline 0.009 -20"><span class='ocrx_word' id='word_1_289' title='bbox 352 3811 497 3858; x_wconf 78' lang='lat' dir='ltr'><strong>trans</strong></span> <span class='ocrx_word' id='word_1_290' title='bbox 524 3808 735 3875; x_wconf 75' lang='lat' dir='ltr'><strong>fretum,</strong></span> <span class='ocrx_word' id='word_1_291' title='bbox 766 3808 997 3860; x_wconf 81' lang='lat' dir='ltr'><strong>convenit</strong></span> <span class='ocrx_word' id='word_1_292' title='bbox 1023 3810 1172 3861; x_wconf 85' lang='lat' dir='ltr'><strong>turba</strong></span> <span class='ocrx_word' id='word_1_293' title='bbox 1215 3811 1374 3863; x_wconf 87' lang='lat' dir='ltr'><strong>multa</strong></span> <span class='ocrx_word' id='word_1_294' title='bbox 1419 3812 1487 3864; x_wconf 84' lang='lat' dir='ltr'><strong>ad</strong></span> <span class='ocrx_word' id='word_1_295' title='bbox 1525 3813 1671 3866; x_wconf 85' lang='lat' dir='ltr'><strong>illum</strong></span> <span class='ocrx_word' id='word_1_296' title='bbox 1700 3830 1719 3867; x_wconf 87' lang='lat'><strong><em>:</em></strong></span> <span class='ocrx_word' id='word_1_297' title='bbox 1758 3825 1804 3868; x_wconf 86' lang='lat' dir='ltr'><strong>et</strong></span> <span class='ocrx_word' id='word_1_298' title='bbox 1846 3826 1952 3869; x_wconf 88' lang='lat' dir='ltr'><strong>erat</strong></span> 
     </span>
    </p>
   </div>
   <div class='ocr_carea' id='block_1_38' title="bbox 352 3894 1952 3974">
    <p class='ocr_par' dir='ltr' id='par_1_38' title="bbox 352 3894 1952 3974">
     <span class='ocr_line' id='line_1_38' title="bbox 352 3894 1952 3974; baseline 0.008 -27"><span class='ocrx_word' id='word_1_299' title='bbox 352 3894 490 3948; x_wconf 81' lang='lat' dir='ltr'><strong>circa</strong></span> <span class='ocrx_word' id='word_1_300' title='bbox 515 3912 669 3950; x_wconf 87' lang='lat' dir='ltr'><strong>mare.</strong></span> <span class='ocrx_word' id='word_1_301' title='bbox 702 3896 766 3950; x_wconf 78' lang='lat' dir='ltr'><strong>Et</strong></span> <span class='ocrx_word' id='word_1_302' title='bbox 791 3899 920 3951; x_wconf 80' lang='lat' dir='ltr'><strong>venit</strong></span> <span class='ocrx_word' id='word_1_303' title='bbox 945 3899 1153 3968; x_wconf 66' lang='lat' dir='ltr'><strong>quidam</strong></span> <span class='ocrx_word' id='word_1_304' title='bbox 1176 3899 1238 3953; x_wconf 78' lang='lat' dir='ltr'><strong>de</strong></span> <span class='ocrx_word' id='word_1_305' title='bbox 1267 3902 1681 3974; x_wconf 82' lang='lat' dir='ltr'><strong>arcltisynagogis</strong></span> <span class='ocrx_word' id='word_1_306' title='bbox 1698 3945 1714 3971; x_wconf 93' lang='lat'><strong>,</strong></span> <span class='ocrx_word' id='word_1_307' title='bbox 1753 3907 1952 3959; x_wconf 86' lang='lat' dir='ltr'><strong>nomine</strong></span> 
     </span>
    </p>
   </div>
   <div class='ocr_carea' id='block_1_39' title="bbox 348 3983 1946 4067">
    <p class='ocr_par' dir='ltr' id='par_1_39' title="bbox 348 3983 1946 4067">
     <span class='ocr_line' id='line_1_39' title="bbox 348 3983 1946 4067; baseline 0.009 -30"><span class='ocrx_word' id='word_1_308' title='bbox 348 3983 551 4053; x_wconf 60' lang='lat' dir='ltr'><strong>latras,</strong></span> <span class='ocrx_word' id='word_1_309' title='bbox 576 3997 623 4039; x_wconf 81' lang='lat' dir='ltr'><strong>et</strong></span> <span class='ocrx_word' id='word_1_310' title='bbox 648 3988 819 4042; x_wconf 83' lang='lat' dir='ltr'><strong>videns</strong></span> <span class='ocrx_word' id='word_1_311' title='bbox 845 4005 959 4042; x_wconf 89' lang='lat' dir='ltr'><strong>eum</strong></span> <span class='ocrx_word' id='word_1_312' title='bbox 984 3990 1198 4059; x_wconf 80' lang='lat' dir='ltr'><strong>procidit</strong></span> <span class='ocrx_word' id='word_1_313' title='bbox 1221 3991 1291 4044; x_wconf 88' lang='lat' dir='ltr'><strong>ad</strong></span> <span class='ocrx_word' id='word_1_314' title='bbox 1306 3991 1459 4063; x_wconf 87' lang='lat' dir='ltr'><strong>pedes</strong></span> <span class='ocrx_word' id='word_1_315' title='bbox 1483 3995 1609 4061; x_wconf 80' lang='lat' dir='ltr'><strong>eius,</strong></span> <span class='ocrx_word' id='word_1_316' title='bbox 1633 4003 1735 4050; x_wconf 89' lang='lat' dir='ltr'><strong>etc.</strong></span> <span class='ocrx_word' id='word_1_317' title='bbox 1755 3995 1946 4067; x_wconf 74' lang='lat' dir='ltr'><strong>(Marc.</strong></span> 
     </span>
    </p>
   </div>
   <div class='ocr_carea' id='block_1_40' title="bbox 350 4076 1947 4157">
    <p class='ocr_par' dir='ltr' id='par_1_40' title="bbox 350 4076 1947 4157">
     <span class='ocr_line' id='line_1_40' title="bbox 350 4076 1947 4157; baseline 0.008 -27"><span class='ocrx_word' id='word_1_318' title='bbox 350 4088 406 4142; x_wconf 68' lang='grc' dir='ltr'><strong>η,</strong></span> <span class='ocrx_word' id='word_1_319' title='bbox 431 4076 647 4149; x_wconf 71' lang='lat'><strong>21-43).</strong></span> <span class='ocrx_word' id='word_1_320' title='bbox 671 4078 749 4133; x_wconf 85' lang='lat' dir='ltr'><strong>Ac</strong></span> <span class='ocrx_word' id='word_1_321' title='bbox 778 4095 875 4149; x_wconf 90' lang='lat' dir='ltr'><strong>per</strong></span> <span class='ocrx_word' id='word_1_322' title='bbox 911 4079 1013 4134; x_wconf 90' lang='lat' dir='ltr'><strong>hoc</strong></span> <span class='ocrx_word' id='word_1_323' title='bbox 1040 4081 1439 4151; x_wconf 76' lang='lat' dir='ltr'><strong>intelligendum</strong></span> <span class='ocrx_word' id='word_1_324' title='bbox 1466 4094 1545 4139; x_wconf 88' lang='lat' dir='ltr'><strong>est</strong></span> <span class='ocrx_word' id='word_1_325' title='bbox 1564 4126 1578 4150; x_wconf 94' lang='lat'><strong>,</strong></span> <span class='ocrx_word' id='word_1_326' title='bbox 1610 4084 1710 4142; x_wconf 90' lang='lat' dir='ltr'><strong>hoc</strong></span> <span class='ocrx_word' id='word_1_327' title='bbox 1735 4089 1947 4157; x_wconf 83' lang='lat' dir='ltr'><strong>quidem</strong></span> 
     </span>
    </p>
   </div>
   <div class='ocr_carea' id='block_1_41' title="bbox 350 4165 1950 4242">
    <p class='ocr_par' dir='ltr' id='par_1_41' title="bbox 350 4165 1950 4242">
     <span class='ocr_line' id='line_1_41' title="bbox 350 4165 1950 4242; baseline 0.009 -21"><span class='ocrx_word' id='word_1_328' title='bbox 350 4165 423 4222; x_wconf 87' lang='lat' dir='ltr'><strong>de</strong></span> <span class='ocrx_word' id='word_1_329' title='bbox 444 4168 845 4240; x_wconf 78' lang='lat' dir='ltr'><strong>arcbisynagogi</strong></span> <span class='ocrx_word' id='word_1_330' title='bbox 876 4170 979 4224; x_wconf 82' lang='lat' dir='ltr'><strong>ﬁlia</strong></span> <span class='ocrx_word' id='word_1_331' title='bbox 1003 4171 1200 4227; x_wconf 79' lang='lat' dir='ltr'><strong>factum</strong></span> <span class='ocrx_word' id='word_1_332' title='bbox 1225 4189 1367 4242; x_wconf 88' lang='lat' dir='ltr'><strong>esse,</strong></span> <span class='ocrx_word' id='word_1_333' title='bbox 1393 4178 1513 4231; x_wconf 78' lang='lat' dir='ltr'><strong>cum</strong></span> <span class='ocrx_word' id='word_1_334' title='bbox 1536 4180 1950 4236; x_wconf 78' lang='lat' dir='ltr'><strong>transcendisset</strong></span> 
     </span>
    </p>
   </div>
   <div class='ocr_carea' id='block_1_42' title="bbox 348 4256 1941 4342">
    <p class='ocr_par' dir='ltr' id='par_1_42' title="bbox 348 4256 1941 4342">
     <span class='ocr_line' id='line_1_42' title="bbox 348 4256 1941 4342; baseline 0.011 -29"><span class='ocrx_word' id='word_1_335' title='bbox 348 4256 507 4314; x_wconf 60' lang='lat' dir='ltr'><strong>deses</strong></span> <span class='ocrx_word' id='word_1_336' title='bbox 530 4259 587 4314; x_wconf 83' lang='lat' dir='ltr'><strong>in</strong></span> <span class='ocrx_word' id='word_1_337' title='bbox 610 4262 738 4314; x_wconf 85' lang='lat' dir='ltr'><strong>navi</strong></span> <span class='ocrx_word' id='word_1_338' title='bbox 778 4274 964 4318; x_wconf 83' lang='lat' dir='ltr'><strong>rursus</strong></span> <span class='ocrx_word' id='word_1_339' title='bbox 984 4271 1138 4318; x_wconf 74' lang='lat' dir='ltr'><strong>trans</strong></span> <span class='ocrx_word' id='word_1_340' title='bbox 1171 4264 1361 4320; x_wconf 78' lang='lat' dir='ltr'><strong>fretum</strong></span> <span class='ocrx_word' id='word_1_341' title='bbox 1388 4285 1400 4320; x_wconf 88' lang='lat'><strong>:</strong></span> <span class='ocrx_word' id='word_1_342' title='bbox 1430 4268 1526 4323; x_wconf 85' lang='lat' dir='ltr'><strong>sed</strong></span> <span class='ocrx_word' id='word_1_343' title='bbox 1561 4279 1760 4339; x_wconf 77' lang='lat' dir='ltr'><strong>quanto</strong></span> <span class='ocrx_word' id='word_1_344' title='bbox 1790 4285 1941 4342; x_wconf 88' lang='lat' dir='ltr'><strong>post,</strong></span> 
     </span>
    </p>
   </div>
   <div class='ocr_carea' id='block_1_43' title="bbox 348 4353 1947 4430">
    <p class='ocr_par' dir='ltr' id='par_1_43' title="bbox 348 4353 1947 4430">
     <span class='ocr_line' id='line_1_43' title="bbox 348 4353 1947 4430; baseline 0.011 -26"><span class='ocrx_word' id='word_1_345' title='bbox 348 4362 460 4405; x_wconf 84' lang='lat' dir='ltr'><strong>non</strong></span> <span class='ocrx_word' id='word_1_346' title='bbox 489 4362 727 4422; x_wconf 79' lang='lat' dir='ltr'><strong>apparet.</strong></span> <span class='ocrx_word' id='word_1_347' title='bbox 750 4353 868 4409; x_wconf 78' lang='lat' dir='ltr'><strong>Nisi</strong></span> <span class='ocrx_word' id='word_1_348' title='bbox 892 4355 1037 4408; x_wconf 80' lang='lat' dir='ltr'><strong>enim</strong></span> <span class='ocrx_word' id='word_1_349' title='bbox 1058 4355 1252 4412; x_wconf 57' lang='lat' dir='ltr'><strong>luisset</strong></span> <span class='ocrx_word' id='word_1_350' title='bbox 1278 4358 1646 4430; x_wconf 79' lang='lat' dir='ltr'><strong>intervallum,</strong></span> <span class='ocrx_word' id='word_1_351' title='bbox 1677 4378 1784 4418; x_wconf 91' lang='lat' dir='ltr'><strong>non</strong></span> <span class='ocrx_word' id='word_1_352' title='bbox 1805 4374 1947 4421; x_wconf 87' lang='lat' dir='ltr'><strong>esset</strong></span> 
     </span>
    </p>
   </div>
   <div class='ocr_carea' id='block_1_44' title="bbox 350 4443 1946 4517">
    <p class='ocr_par' dir='ltr' id='par_1_44' title="bbox 350 4443 1946 4517">
     <span class='ocr_line' id='line_1_44' title="bbox 350 4443 1946 4517; baseline 0.01 -20"><span class='ocrx_word' id='word_1_353' title='bbox 350 4443 739 4515; x_wconf 61' lang='lat' dir='ltr'><strong>Quando’ﬁeret</strong></span> <span class='ocrx_word' id='word_1_354' title='bbox 768 4446 910 4517; x_wconf 82' lang='lat' dir='ltr'><strong>quod</strong></span> <span class='ocrx_word' id='word_1_355' title='bbox 928 4448 1095 4503; x_wconf 78' lang='lat' dir='ltr'><strong>modo</strong></span> <span class='ocrx_word' id='word_1_356' title='bbox 1124 4452 1359 4505; x_wconf 82' lang='lat' dir='ltr'><strong>narravit</strong></span> <span class='ocrx_word' id='word_1_357' title='bbox 1382 4453 1663 4511; x_wconf 76' lang='lat' dir='ltr'><strong>Matthzeus</strong></span> <span class='ocrx_word' id='word_1_358' title='bbox 1684 4456 1736 4512; x_wconf 93' lang='lat' dir='ltr'><strong>in</strong></span> <span class='ocrx_word' id='word_1_359' title='bbox 1764 4460 1946 4514; x_wconf 84' lang='lat' dir='ltr'><strong>convi-</strong></span> 
     </span>
    </p>
   </div>
   <div class='ocr_carea' id='block_1_45' title="bbox 346 4533 1940 4617">
    <p class='ocr_par' dir='ltr' id='par_1_45' title="bbox 346 4533 1940 4617">
     <span class='ocr_line' id='line_1_45' title="bbox 346 4533 1940 4617; baseline 0.011 -30"><span class='ocrx_word' id='word_1_360' title='bbox 346 4533 438 4588; x_wconf 77' lang='lat' dir='ltr'><strong>vio</strong></span> <span class='ocrx_word' id='word_1_361' title='bbox 478 4534 675 4590; x_wconf 84' lang='lat' dir='ltr'><strong>domus</strong></span> <span class='ocrx_word' id='word_1_362' title='bbox 716 4549 829 4592; x_wconf 66' lang='lat' dir='ltr'><strong>sum</strong></span> <span class='ocrx_word' id='word_1_363' title='bbox 860 4556 871 4591; x_wconf 87' lang='lat'><strong>:</strong></span> <span class='ocrx_word' id='word_1_364' title='bbox 907 4548 1155 4610; x_wconf 71' lang='lat' dir='ltr'><strong>tanquam</strong></span> <span class='ocrx_word' id='word_1_365' title='bbox 1200 4542 1268 4597; x_wconf 90' lang='lat' dir='ltr'><strong>de</strong></span> <span class='ocrx_word' id='word_1_366' title='bbox 1303 4544 1408 4599; x_wconf 85' lang='lat' dir='ltr'><strong>alio</strong></span> <span class='ocrx_word' id='word_1_367' title='bbox 1436 4547 1633 4616; x_wconf 88' lang='lat' dir='ltr'><strong>quippe</strong></span> <span class='ocrx_word' id='word_1_368' title='bbox 1668 4551 1940 4617; x_wconf 85' lang='lat' dir='ltr'><strong>narravit,</strong></span> 
     </span>
    </p>
   </div>
   <div class='ocr_carea' id='block_1_46' title="bbox 342 4626 1943 4712">
    <p class='ocr_par' dir='ltr' id='par_1_46' title="bbox 342 4626 1943 4712">
     <span class='ocr_line' id='line_1_46' title="bbox 342 4626 1943 4712; baseline 0.011 -33"><span class='ocrx_word' id='word_1_369' title='bbox 342 4630 501 4680; x_wconf 79' lang='lat' dir='ltr'><strong>more</strong></span> <span class='ocrx_word' id='word_1_370' title='bbox 529 4626 1022 4698; x_wconf 79' lang='lat' dir='ltr'><strong>EVangelistamm,</strong></span> <span class='ocrx_word' id='word_1_371' title='bbox 1052 4632 1193 4700; x_wconf 83' lang='lat' dir='ltr'><strong>quod</strong></span> <span class='ocrx_word' id='word_1_372' title='bbox 1221 4632 1289 4688; x_wconf 88' lang='lat' dir='ltr'><strong>de</strong></span> <span class='ocrx_word' id='word_1_373' title='bbox 1318 4649 1377 4689; x_wconf 90' lang='lat' dir='ltr'><strong>se</strong></span> <span class='ocrx_word' id='word_1_374' title='bbox 1417 4650 1480 4690; x_wconf 87' lang='lat' dir='ltr'><strong>ac</strong></span> <span class='ocrx_word' id='word_1_375' title='bbox 1521 4637 1664 4691; x_wconf 87' lang='lat' dir='ltr'><strong>domi</strong></span> <span class='ocrx_word' id='word_1_376' title='bbox 1708 4654 1820 4695; x_wconf 60' lang='lat' dir='ltr'><strong>sum</strong></span> <span class='ocrx_word' id='word_1_377' title='bbox 1847 4657 1943 4712; x_wconf 87' lang='lat' dir='ltr'><strong>ge-</strong></span> 
     </span>
    </p>
   </div>
   <div class='ocr_carea' id='block_1_47' title="bbox 347 4723 1937 4793">
    <p class='ocr_par' dir='ltr' id='par_1_47' title="bbox 347 4723 1937 4793">
     <span class='ocr_line' id='line_1_47' title="bbox 347 4723 1937 4793; baseline 0.009 -19"><span class='ocrx_word' id='word_1_378' title='bbox 347 4726 490 4774; x_wconf 81' lang='lat' dir='ltr'><strong>stum</strong></span> <span class='ocrx_word' id='word_1_379' title='bbox 517 4730 669 4775; x_wconf 78' lang='lat' dir='ltr'><strong>erat:</strong></span> <span class='ocrx_word' id='word_1_380' title='bbox 692 4731 817 4791; x_wconf 85' lang='lat' dir='ltr'><strong>post</strong></span> <span class='ocrx_word' id='word_1_381' title='bbox 844 4724 984 4793; x_wconf 82' lang='lat' dir='ltr'><strong>quod</strong></span> <span class='ocrx_word' id='word_1_382' title='bbox 1004 4723 1206 4779; x_wconf 72' lang='lat' dir='ltr'><strong>{solum</strong></span> <span class='ocrx_word' id='word_1_383' title='bbox 1238 4726 1368 4780; x_wconf 88' lang='lat' dir='ltr'><strong>nihil</strong></span> <span class='ocrx_word' id='word_1_384' title='bbox 1397 4727 1538 4783; x_wconf 87' lang='lat' dir='ltr'><strong>aliud</strong></span> <span class='ocrx_word' id='word_1_385' title='bbox 1563 4730 1817 4787; x_wconf 84' lang='lat' dir='ltr'><strong>continuo</strong></span> <span class='ocrx_word' id='word_1_386' title='bbox 1854 4749 1937 4789; x_wconf 90' lang='lat' dir='ltr'><strong>se-</strong></span> 
     </span>
    </p>
   </div>
   <div class='ocr_carea' id='block_1_48' title="bbox 344 4813 1941 4893">
    <p class='ocr_par' dir='ltr' id='par_1_48' title="bbox 344 4813 1941 4893">
     <span class='ocr_line' id='line_1_48' title="bbox 344 4813 1941 4893; baseline 0.01 -26"><span class='ocrx_word' id='word_1_387' title='bbox 344 4813 544 4882; x_wconf 81' lang='lat' dir='ltr'><strong>quitur,</strong></span> <span class='ocrx_word' id='word_1_388' title='bbox 576 4828 731 4885; x_wconf 83' lang='lat' dir='ltr'><strong>quam</strong></span> <span class='ocrx_word' id='word_1_389' title='bbox 753 4815 864 4871; x_wconf 57' lang='lat' dir='ltr'><strong>hoc</strong></span> <span class='ocrx_word' id='word_1_390' title='bbox 883 4817 950 4872; x_wconf 90' lang='lat' dir='ltr'><strong>de</strong></span> <span class='ocrx_word' id='word_1_391' title='bbox 977 4818 1378 4890; x_wconf 83' lang='lat' dir='ltr'><strong>arclrisynagogi</strong></span> <span class='ocrx_word' id='word_1_392' title='bbox 1402 4821 1530 4875; x_wconf 85' lang='lat' dir='ltr'><strong>lilia.</strong></span> <span class='ocrx_word' id='word_1_393' title='bbox 1552 4821 1643 4879; x_wconf 88' lang='lat' dir='ltr'><strong>Sic</strong></span> <span class='ocrx_word' id='word_1_394' title='bbox 1665 4825 1775 4893; x_wconf 85' lang='lat' dir='ltr'><strong>ipse</strong></span> <span class='ocrx_word' id='word_1_395' title='bbox 1794 4829 1941 4884; x_wconf 86' lang='lat' dir='ltr'><strong>enim</strong></span> 
     </span>
    </p>
   </div>
   <div class='ocr_carea' id='block_1_49' title="bbox 345 4910 1939 4982">
    <p class='ocr_par' dir='ltr' id='par_1_49' title="bbox 345 4910 1939 4982">
     <span class='ocr_line' id='line_1_49' title="bbox 345 4910 1939 4982; baseline 0.01 -21"><span class='ocrx_word' id='word_1_396' title='bbox 345 4910 584 4963; x_wconf 79' lang='lat' dir='ltr'><strong>centexit</strong></span> <span class='ocrx_word' id='word_1_397' title='bbox 612 4911 813 4981; x_wconf 78' lang='lat' dir='ltr'><strong>nt&#39;ipse</strong></span> <span class='ocrx_word' id='word_1_398' title='bbox 844 4912 1093 4966; x_wconf 80' lang='lat' dir='ltr'><strong>transitus</strong></span> <span class='ocrx_word' id='word_1_399' title='bbox 1130 4922 1313 4982; x_wconf 87' lang='lat' dir='ltr'><strong>aperte</strong></span> <span class='ocrx_word' id='word_1_400' title='bbox 1356 4914 1554 4972; x_wconf 80' lang='lat' dir='ltr'><strong>indicet</strong></span> <span class='ocrx_word' id='word_1_401' title='bbox 1601 4917 1702 4972; x_wconf 91' lang='lat' dir='ltr'><strong>hoc</strong></span> <span class='ocrx_word' id='word_1_402' title='bbox 1744 4934 1939 4976; x_wconf 89' lang='lat' dir='ltr'><strong>conse-</strong></span> 
     </span>
    </p>
   </div>
   <div class='ocr_carea' id='block_1_50' title="bbox 342 5003 1934 5076">
    <p class='ocr_par' dir='ltr' id='par_1_50' title="bbox 342 5003 1934 5076">
     <span class='ocr_line' id='line_1_50' title="bbox 342 5003 1934 5076; baseline 0.01 -24"><span class='ocrx_word' id='word_1_403' title='bbox 342 5010 576 5071; x_wconf 80' lang='lat' dir='ltr'><strong>quenter</strong></span> <span class='ocrx_word' id='word_1_404' title='bbox 608 5003 848 5062; x_wconf 77' lang='lat' dir='ltr'><strong>narrari,</strong></span> <span class='ocrx_word' id='word_1_405' title='bbox 892 5003 1033 5074; x_wconf 88' lang='lat' dir='ltr'><strong>quod</strong></span> <span class='ocrx_word' id='word_1_406' title='bbox 1069 5013 1123 5057; x_wconf 92' lang='lat' dir='ltr'><strong>et</strong></span> <span class='ocrx_word' id='word_1_407' title='bbox 1162 5017 1556 5076; x_wconf 81' lang='lat' dir='ltr'><strong>consequenter</strong></span> <span class='ocrx_word' id='word_1_408' title='bbox 1590 5008 1787 5065; x_wconf 83' lang='lat' dir='ltr'><strong>factum</strong></span> <span class='ocrx_word' id='word_1_409' title='bbox 1828 5024 1934 5067; x_wconf 86' lang='lat' dir='ltr'><strong>cst:</strong></span> 
     </span>
    </p>
   </div>
   <div class='ocr_carea' id='block_1_51' title="bbox 336 5091 1938 5173">
    <p class='ocr_par' dir='ltr' id='par_1_51' title="bbox 336 5091 1938 5173">
     <span class='ocr_line' id='line_1_51' title="bbox 336 5091 1938 5173; baseline 0.009 -27"><span class='ocrx_word' id='word_1_410' title='bbox 336 5091 917 5163; x_wconf 78' lang='lat' dir='ltr'><strong>quandoquidem‘cntn</strong></span> <span class='ocrx_word' id='word_1_411' title='bbox 942 5095 1185 5164; x_wconf 82' lang='lat' dir='ltr'><strong>superius</strong></span> <span class='ocrx_word' id='word_1_412' title='bbox 1200 5110 1701 5170; x_wconf 45' lang='lat' dir='ltr'><strong>«commemorasset,</strong></span> <span class='ocrx_word' id='word_1_413' title='bbox 1725 5120 1843 5173; x_wconf 70' lang='lat' dir='ltr'><strong>qua:</strong></span> <span class='ocrx_word' id='word_1_414' title='bbox 1871 5105 1938 5160; x_wconf 90' lang='lat' dir='ltr'><strong>de</strong></span> 
     </span>
    </p>
   </div>
   <div class='ocr_carea' id='block_1_52' title="bbox 338 5187 1937 5263">
    <p class='ocr_par' dir='ltr' id='par_1_52' title="bbox 338 5187 1937 5263">
     <span class='ocr_line' id='line_1_52' title="bbox 338 5187 1937 5263; baseline 0.012 -26"><span class='ocrx_word' id='word_1_415' title='bbox 338 5197 523 5254; x_wconf 83' lang='lat' dir='ltr'><strong>panno</strong></span> <span class='ocrx_word' id='word_1_416' title='bbox 552 5200 690 5240; x_wconf 86' lang='lat' dir='ltr'><strong>novo</strong></span> <span class='ocrx_word' id='word_1_417' title='bbox 721 5192 775 5240; x_wconf 77' lang='lat' dir='ltr'><strong>et</strong></span> <span class='ocrx_word' id='word_1_418' title='bbox 794 5187 869 5241; x_wconf 85' lang='lat' dir='ltr'><strong>de</strong></span> <span class='ocrx_word' id='word_1_419' title='bbox 911 5188 1036 5242; x_wconf 89' lang='lat' dir='ltr'><strong>vino</strong></span> <span class='ocrx_word' id='word_1_420' title='bbox 1077 5202 1213 5245; x_wconf 90' lang='lat' dir='ltr'><strong>novo</strong></span> <span class='ocrx_word' id='word_1_421' title='bbox 1239 5190 1394 5248; x_wconf 69' lang='lat' dir='ltr'><strong>Iesus</strong></span> <span class='ocrx_word' id='word_1_422' title='bbox 1423 5193 1655 5263; x_wconf 89' lang='lat' dir='ltr'><strong>dixerit,</strong></span> <span class='ocrx_word' id='word_1_423' title='bbox 1685 5199 1937 5255; x_wconf 91' lang='lat' dir='ltr'><strong>continuo</strong></span> 
     </span>
    </p>
   </div>
   <div class='ocr_carea' id='block_1_53' title="bbox 330 5276 1936 5359">
    <p class='ocr_par' dir='ltr' id='par_1_53' title="bbox 330 5276 1936 5359">
     <span class='ocr_line' id='line_1_53' title="bbox 330 5276 1936 5359; baseline 0.01 -29"><span class='ocrx_word' id='word_1_424' title='bbox 330 5276 590 5346; x_wconf 58' lang='lat' dir='ltr'><strong>tubicen,</strong></span> <span class='ocrx_word' id='word_1_425' title='bbox 626 5277 751 5332; x_wconf 69' lang='lat' dir='ltr'><strong>lites</strong></span> <span class='ocrx_word' id='word_1_426' title='bbox 770 5280 866 5333; x_wconf 83' lang='lat' dir='ltr'><strong>illo</strong></span> <span class='ocrx_word' id='word_1_427' title='bbox 890 5279 1126 5350; x_wconf 72' lang='lat' dir='ltr'><strong>loquente</strong></span> <span class='ocrx_word' id='word_1_428' title='bbox 1157 5283 1225 5336; x_wconf 88' lang='lat' dir='ltr'><strong>ad</strong></span> <span class='ocrx_word' id='word_1_429' title='bbox 1263 5300 1373 5351; x_wconf 86' lang='lat' dir='ltr'><strong>eos,</strong></span> <span class='ocrx_word' id='word_1_430' title='bbox 1407 5302 1519 5340; x_wconf 89' lang='lat' dir='ltr'><strong>ecce</strong></span> <span class='ocrx_word' id='word_1_431' title='bbox 1542 5288 1779 5359; x_wconf 76' lang='lat' dir='ltr'><strong>princeps</strong></span> <span class='ocrx_word' id='word_1_432' title='bbox 1805 5307 1936 5346; x_wconf 86' lang='lat' dir='ltr'><strong>unus</strong></span> 
     </span>
    </p>
   </div>
   <div class='ocr_carea' id='block_1_54' title="bbox 334 5370 1934 5448">
    <p class='ocr_par' dir='ltr' id='par_1_54' title="bbox 334 5370 1934 5448">
     <span class='ocr_line' id='line_1_54' title="bbox 334 5370 1934 5448; baseline 0.01 -27"><span class='ocrx_word' id='word_1_433' title='bbox 334 5370 589 5433; x_wconf 70' lang='lat' dir='ltr'><strong>accessit;</strong></span> <span class='ocrx_word' id='word_1_434' title='bbox 616 5383 680 5437; x_wconf 75' lang='lat' dir='ltr'><strong>ac</strong></span> <span class='ocrx_word' id='word_1_435' title='bbox 712 5385 805 5438; x_wconf 86' lang='lat' dir='ltr'><strong>per</strong></span> <span class='ocrx_word' id='word_1_436' title='bbox 832 5371 935 5425; x_wconf 78' lang='lat' dir='ltr'><strong>hoc</strong></span> <span class='ocrx_word' id='word_1_437' title='bbox 972 5372 1017 5425; x_wconf 82' lang='lat' dir='ltr'><strong>si</strong></span> <span class='ocrx_word' id='word_1_438' title='bbox 1046 5372 1160 5428; x_wconf 65' lang='lat' dir='ltr'><strong>haec</strong></span> <span class='ocrx_word' id='word_1_439' title='bbox 1188 5374 1279 5428; x_wconf 90' lang='lat' dir='ltr'><strong>illo</strong></span> <span class='ocrx_word' id='word_1_440' title='bbox 1307 5376 1556 5445; x_wconf 86' lang='lat' dir='ltr'><strong>loquente</strong></span> <span class='ocrx_word' id='word_1_441' title='bbox 1580 5382 1826 5448; x_wconf 84' lang='lat' dir='ltr'><strong>accessit,</strong></span> <span class='ocrx_word' id='word_1_442' title='bbox 1850 5384 1934 5437; x_wconf 77' lang='lat' dir='ltr'><strong>ni-</strong></span> 
     </span>
    </p>
   </div>
   <div class='ocr_carea' id='block_1_55' title="bbox 332 5458 1930 5537">
    <p class='ocr_par' dir='ltr' id='par_1_55' title="bbox 332 5458 1930 5537">
     <span class='ocr_line' id='line_1_55' title="bbox 332 5458 1930 5537; baseline 0.009 -25"><span class='ocrx_word' id='word_1_443' title='bbox 332 5460 416 5513; x_wconf 77' lang='lat' dir='ltr'><strong>lril</strong></span> <span class='ocrx_word' id='word_1_444' title='bbox 445 5459 587 5514; x_wconf 79' lang='lat' dir='ltr'><strong>aliud</strong></span> <span class='ocrx_word' id='word_1_445' title='bbox 607 5458 873 5514; x_wconf 67' lang='lat' dir='ltr'><strong>factorum</strong></span> <span class='ocrx_word' id='word_1_446' title='bbox 899 5462 1269 5533; x_wconf 75' lang='lat' dir='ltr'><strong>dictorumque</strong></span> <span class='ocrx_word' id='word_1_447' title='bbox 1297 5465 1413 5535; x_wconf 82' lang='lat' dir='ltr'><strong>ejus</strong></span> <span class='ocrx_word' id='word_1_448' title='bbox 1434 5467 1799 5537; x_wconf 87' lang='lat' dir='ltr'><strong>interpositum</strong></span> <span class='ocrx_word' id='word_1_449' title='bbox 1828 5482 1930 5528; x_wconf 90' lang='lat' dir='ltr'><strong>est.</strong></span> 
     </span>
    </p>
   </div>
   <div class='ocr_carea' id='block_1_56' title="bbox 340 5550 1933 5633">
    <p class='ocr_par' dir='ltr' id='par_1_56' title="bbox 340 5550 1933 5633">
     <span class='ocr_line' id='line_1_56' title="bbox 340 5550 1933 5633; baseline 0.009 -30"><span class='ocrx_word' id='word_1_450' title='bbox 340 5550 394 5604; x_wconf 92' lang='lat' dir='ltr'><strong>In</strong></span> <span class='ocrx_word' id='word_1_451' title='bbox 431 5551 733 5607; x_wconf 87' lang='lat' dir='ltr'><strong>narratione</strong></span> <span class='ocrx_word' id='word_1_452' title='bbox 762 5560 938 5605; x_wconf 88' lang='lat' dir='ltr'><strong>autem</strong></span> <span class='ocrx_word' id='word_1_453' title='bbox 979 5552 1175 5621; x_wconf 87' lang='lat' dir='ltr'><strong>Marci,</strong></span> <span class='ocrx_word' id='word_1_454' title='bbox 1208 5563 1353 5625; x_wconf 90' lang='lat' dir='ltr'><strong>patet</strong></span> <span class='ocrx_word' id='word_1_455' title='bbox 1377 5556 1525 5612; x_wconf 90' lang='lat' dir='ltr'><strong>locus</strong></span> <span class='ocrx_word' id='word_1_456' title='bbox 1551 5559 1639 5613; x_wconf 91' lang='lat' dir='ltr'><strong>ubi</strong></span> <span class='ocrx_word' id='word_1_457' title='bbox 1668 5561 1933 5633; x_wconf 86' lang='lat' dir='ltr'><strong>interponi</strong></span> 
     </span>
    </p>
   </div>
   <div class='ocr_carea' id='block_1_57' title="bbox 326 5644 1932 5714">
    <p class='ocr_par' dir='ltr' id='par_1_57' title="bbox 326 5644 1932 5714">
     <span class='ocr_line' id='line_1_57' title="bbox 326 5644 1932 5714; baseline 0.009 -17"><span class='ocrx_word' id='word_1_458' title='bbox 326 5644 439 5697; x_wconf 63' lang='lat' dir='ltr'><strong>talia</strong></span> <span class='ocrx_word' id='word_1_459' title='bbox 456 5651 770 5713; x_wconf 79' lang='lat' dir='ltr'><strong>potuerunt,</strong></span> <span class='ocrx_word' id='word_1_460' title='bbox 796 5644 932 5700; x_wconf 80' lang='lat' dir='ltr'><strong>sicut</strong></span> <span class='ocrx_word' id='word_1_461' title='bbox 953 5644 1064 5714; x_wconf 80' lang='lat' dir='ltr'><strong>jam</strong></span> <span class='ocrx_word' id='word_1_462' title='bbox 1088 5646 1437 5703; x_wconf 84' lang='lat' dir='ltr'><strong>ostendimus.</strong></span> <span class='ocrx_word' id='word_1_463' title='bbox 1468 5646 1722 5707; x_wconf 82' lang='lat' dir='ltr'><strong>Similiter</strong></span> <span class='ocrx_word' id='word_1_464' title='bbox 1749 5665 1802 5709; x_wconf 87' lang='lat' dir='ltr'><strong>et</strong></span> <span class='ocrx_word' id='word_1_465' title='bbox 1831 5656 1932 5710; x_wconf 88' lang='lat' dir='ltr'><strong>Lu-</strong></span> 
     </span>
    </p>
   </div>
   <div class='ocr_carea' id='block_1_58' title="bbox 340 5738 1930 5809">
    <p class='ocr_par' dir='ltr' id='par_1_58' title="bbox 340 5738 1930 5809">
     <span class='ocr_line' id='line_1_58' title="bbox 340 5738 1930 5809; baseline 0.009 -20"><span class='ocrx_word' id='word_1_466' title='bbox 340 5751 431 5790; x_wconf 84' lang='lat' dir='ltr'><strong>cas</strong></span> <span class='ocrx_word' id='word_1_467' title='bbox 478 5750 602 5790; x_wconf 87' lang='lat' dir='ltr'><strong>cum</strong></span> <span class='ocrx_word' id='word_1_468' title='bbox 645 5745 766 5805; x_wconf 90' lang='lat' dir='ltr'><strong>post</strong></span> <span class='ocrx_word' id='word_1_469' title='bbox 812 5745 1082 5791; x_wconf 85' lang='lat' dir='ltr'><strong>narratum</strong></span> <span class='ocrx_word' id='word_1_470' title='bbox 1115 5739 1250 5809; x_wconf 88' lang='lat' dir='ltr'><strong>apud</strong></span> <span class='ocrx_word' id='word_1_471' title='bbox 1280 5738 1582 5796; x_wconf 86' lang='lat' dir='ltr'><strong>Gerasenos</strong></span> <span class='ocrx_word' id='word_1_472' title='bbox 1621 5745 1930 5804; x_wconf 84' lang='lat' dir='ltr'><strong>miraculum</strong></span> 
     </span>
    </p>
   </div>
   <div class='ocr_carea' id='block_1_59' title="bbox 338 5828 1931 5905">
    <p class='ocr_par' dir='ltr' id='par_1_59' title="bbox 338 5828 1931 5905">
     <span class='ocr_line' id='line_1_59' title="bbox 338 5828 1931 5905; baseline 0.009 -22"><span class='ocrx_word' id='word_1_473' title='bbox 338 5829 535 5883; x_wconf 78' lang='lat' dir='ltr'><strong>transit</strong></span> <span class='ocrx_word' id='word_1_474' title='bbox 559 5828 625 5884; x_wconf 90' lang='lat' dir='ltr'><strong>ad</strong></span> <span class='ocrx_word' id='word_1_475' title='bbox 655 5828 977 5885; x_wconf 84' lang='lat' dir='ltr'><strong>narrandum</strong></span> <span class='ocrx_word' id='word_1_476' title='bbox 1004 5830 1072 5886; x_wconf 91' lang='lat' dir='ltr'><strong>de</strong></span> <span class='ocrx_word' id='word_1_477' title='bbox 1095 5831 1499 5905; x_wconf 71' lang='lat' dir='ltr'><strong>archisynagogi</strong></span> <span class='ocrx_word' id='word_1_478' title='bbox 1538 5836 1640 5891; x_wconf 83' lang='lat' dir='ltr'><strong>ﬁlia</strong></span> <span class='ocrx_word' id='word_1_479' title='bbox 1661 5880 1676 5905; x_wconf 94' lang='lat'><strong>,</strong></span> <span class='ocrx_word' id='word_1_480' title='bbox 1707 5853 1811 5894; x_wconf 92' lang='lat' dir='ltr'><strong>non</strong></span> <span class='ocrx_word' id='word_1_481' title='bbox 1854 5842 1931 5897; x_wconf 90' lang='lat' dir='ltr'><strong>sic</strong></span> 
     </span>
    </p>
   </div>
   <div class='ocr_carea' id='block_1_60' title="bbox 340 5920 1930 5996">
    <p class='ocr_par' dir='ltr' id='par_1_60' title="bbox 340 5920 1930 5996">
     <span class='ocr_line' id='line_1_60' title="bbox 340 5920 1930 5996; baseline 0.008 -20"><span class='ocrx_word' id='word_1_482' title='bbox 340 5921 533 5977; x_wconf 76' lang='lat' dir='ltr'><strong>transit</strong></span> <span class='ocrx_word' id='word_1_483' title='bbox 573 5929 631 5975; x_wconf 88' lang='lat' dir='ltr'><strong>ut</strong></span> <span class='ocrx_word' id='word_1_484' title='bbox 670 5920 925 5979; x_wconf 81' lang='lat' dir='ltr'><strong>renitatur</strong></span> <span class='ocrx_word' id='word_1_485' title='bbox 958 5922 1223 5993; x_wconf 63' lang='lat' dir='ltr'><strong>Matthmo,</strong></span> <span class='ocrx_word' id='word_1_486' title='bbox 1263 5925 1353 5994; x_wconf 81' lang='lat' dir='ltr'><strong>qui</strong></span> <span class='ocrx_word' id='word_1_487' title='bbox 1381 5934 1504 5996; x_wconf 83' lang='lat' dir='ltr'><strong>post</strong></span> <span class='ocrx_word' id='word_1_488' title='bbox 1527 5927 1644 5985; x_wconf 83' lang='lat' dir='ltr'><strong>illas</strong></span> <span class='ocrx_word' id='word_1_489' title='bbox 1667 5929 1930 5993; x_wconf 71' lang='lat' dir='ltr'><strong>depauno</strong></span> 
     </span>
    </p>
   </div>
   <div class='ocr_carea' id='block_1_61' title="bbox 1706 444 2329 512">
    <p class='ocr_par' dir='ltr' id='par_1_61' title="bbox 1706 444 2329 512">
     <span class='ocr_line' id='line_1_61' title="bbox 1706 444 2329 512; baseline -0.006 -4"><span class='ocrx_word' id='word_1_490' title='bbox 1706 444 1909 512; x_wconf 78' lang='lat' dir='ltr'><strong>LIBER</strong></span> <span class='ocrx_word' id='word_1_491' title='bbox 1948 446 2329 507; x_wconf 71' lang='lat' dir='ltr'><strong>SECUNDUS-</strong></span> 
     </span>
    </p>
   </div>
   <div class='ocr_carea' id='block_1_62' title="bbox 3504 465 3643 524">
    <p class='ocr_par' dir='ltr' id='par_1_62' title="bbox 3504 465 3643 524">
     <span class='ocr_line' id='line_1_62' title="bbox 3504 465 3643 524; baseline 0.007 -1"><span class='ocrx_word' id='word_1_492' title='bbox 3504 465 3643 524; x_wconf 80' lang='grc'><strong>1110</strong></span> 
     </span>
    </p>
   </div>
   <div class='ocr_carea' id='block_1_63' title="bbox 2079 578 3660 659">
    <p class='ocr_par' dir='ltr' id='par_1_63' title="bbox 2079 578 3660 659">
     <span class='ocr_line' id='line_1_63' title="bbox 2079 578 3660 659; baseline -0.008 -11"><span class='ocrx_word' id='word_1_493' title='bbox 2079 597 2136 647; x_wconf 80' lang='lat' dir='ltr'><strong>et</strong></span> <span class='ocrx_word' id='word_1_494' title='bbox 2149 589 2278 647; x_wconf 79' lang='lat' dir='ltr'><strong>vino</strong></span> <span class='ocrx_word' id='word_1_495' title='bbox 2296 580 2675 645; x_wconf 80' lang='lat' dir='ltr'><strong>stmllttudlnes</strong></span> <span class='ocrx_word' id='word_1_496' title='bbox 2693 578 2796 638; x_wconf 86' lang='lat' dir='ltr'><strong>hoc</strong></span> <span class='ocrx_word' id='word_1_497' title='bbox 2814 591 3022 659; x_wconf 86' lang='lat' dir='ltr'><strong>gestum</strong></span> <span class='ocrx_word' id='word_1_498' title='bbox 3050 598 3170 641; x_wconf 83' lang='lat' dir='ltr'><strong>esse</strong></span> <span class='ocrx_word' id='word_1_499' title='bbox 3195 583 3545 647; x_wconf 84' lang='lat' dir='ltr'><strong>demonstrat,</strong></span> <span class='ocrx_word' id='word_1_500' title='bbox 3572 582 3660 637; x_wconf 89' lang='lat' dir='ltr'><strong>di-</strong></span> 
     </span>
    </p>
   </div>
   <div class='ocr_carea' id='block_1_64' title="bbox 2076 676 3662 753">
    <p class='ocr_par' dir='ltr' id='par_1_64' title="bbox 2076 676 3662 753">
     <span class='ocr_line' id='line_1_64' title="bbox 2076 676 3662 753; baseline -0.003 -17"><span class='ocrx_word' id='word_1_501' title='bbox 2076 682 2267 747; x_wconf 91' lang='lat' dir='ltr'><strong>cendo,</strong></span> <span class='ocrx_word' id='word_1_502' title='bbox 2295 680 2421 736; x_wconf 65' lang='lat' dir='ltr'><strong>Haec</strong></span> <span class='ocrx_word' id='word_1_503' title='bbox 2444 681 2532 736; x_wconf 88' lang='lat' dir='ltr'><strong>illo</strong></span> <span class='ocrx_word' id='word_1_504' title='bbox 2554 682 2799 753; x_wconf 83' lang='lat' dir='ltr'><strong>loquente.</strong></span> <span class='ocrx_word' id='word_1_505' title='bbox 2822 681 2926 736; x_wconf 91' lang='lat' dir='ltr'><strong>lste</strong></span> <span class='ocrx_word' id='word_1_506' title='bbox 2955 679 3148 751; x_wconf 87' lang='lat' dir='ltr'><strong>quippe</strong></span> <span class='ocrx_word' id='word_1_507' title='bbox 3174 690 3295 733; x_wconf 91' lang='lat' dir='ltr'><strong>cum</strong></span> <span class='ocrx_word' id='word_1_508' title='bbox 3325 676 3662 731; x_wconf 81' lang='lat' dir='ltr'><strong>terminasset</strong></span> 
     </span>
    </p>
   </div>
   <div class='ocr_carea' id='block_1_65' title="bbox 2074 766 3665 847">
    <p class='ocr_par' dir='ltr' id='par_1_65' title="bbox 2074 766 3665 847">
     <span class='ocr_line' id='line_1_65' title="bbox 2074 766 3665 847; baseline -0.003 -21"><span class='ocrx_word' id='word_1_509' title='bbox 2074 770 2215 847; x_wconf 84' lang='lat' dir='ltr'><strong>quod</strong></span> <span class='ocrx_word' id='word_1_510' title='bbox 2249 771 2386 842; x_wconf 87' lang='lat' dir='ltr'><strong>apud</strong></span> <span class='ocrx_word' id='word_1_511' title='bbox 2411 770 2707 827; x_wconf 87' lang='lat' dir='ltr'><strong>Gerasenos</strong></span> <span class='ocrx_word' id='word_1_512' title='bbox 2747 770 2939 826; x_wconf 83' lang='lat' dir='ltr'><strong>factum</strong></span> <span class='ocrx_word' id='word_1_513' title='bbox 2989 776 3313 835; x_wconf 83' lang='lat' dir='ltr'><strong>narraverat,</strong></span> <span class='ocrx_word' id='word_1_514' title='bbox 3360 766 3461 821; x_wconf 87' lang='lat' dir='ltr'><strong>hoc</strong></span> <span class='ocrx_word' id='word_1_515' title='bbox 3502 767 3665 821; x_wconf 90' lang='lat' dir='ltr'><strong>modo</strong></span> 
     </span>
    </p>
   </div>
   <div class='ocr_carea' id='block_1_66' title="bbox 2077 859 3663 932">
    <p class='ocr_par' dir='ltr' id='par_1_66' title="bbox 2077 859 3663 932">
     <span class='ocr_line' id='line_1_66' title="bbox 2077 859 3663 932; baseline -0.002 -16"><span class='ocrx_word' id='word_1_516' title='bbox 2077 863 2284 916; x_wconf 86' lang='lat' dir='ltr'><strong>transiit</strong></span> <span class='ocrx_word' id='word_1_517' title='bbox 2315 863 2369 916; x_wconf 88' lang='lat' dir='ltr'><strong>in</strong></span> <span class='ocrx_word' id='word_1_518' title='bbox 2399 862 2538 917; x_wconf 88' lang='lat' dir='ltr'><strong>aliud</strong></span> <span class='ocrx_word' id='word_1_519' title='bbox 2567 883 2577 916; x_wconf 88' lang='lat'><strong>:</strong></span> <span class='ocrx_word' id='word_1_520' title='bbox 2604 861 2819 916; x_wconf 86' lang='lat' dir='ltr'><strong>Factum</strong></span> <span class='ocrx_word' id='word_1_521' title='bbox 2848 872 2920 916; x_wconf 90' lang='lat' dir='ltr'><strong>est</strong></span> <span class='ocrx_word' id='word_1_522' title='bbox 2946 871 3109 915; x_wconf 88' lang='lat' dir='ltr'><strong>autem</strong></span> <span class='ocrx_word' id='word_1_523' title='bbox 3131 904 3145 926; x_wconf 95' lang='lat'><strong>,</strong></span> <span class='ocrx_word' id='word_1_524' title='bbox 3183 860 3369 932; x_wconf 87' lang='lat' dir='ltr'><strong>inquit,</strong></span> <span class='ocrx_word' id='word_1_525' title='bbox 3402 875 3516 913; x_wconf 88' lang='lat' dir='ltr'><strong>cum</strong></span> <span class='ocrx_word' id='word_1_526' title='bbox 3544 859 3663 913; x_wconf 84' lang='lat' dir='ltr'><strong>red-</strong></span> 
     </span>
    </p>
   </div>
   <div class='ocr_carea' id='block_1_67' title="bbox 2073 952 3663 1026">
    <p class='ocr_par' dir='ltr' id='par_1_67' title="bbox 2073 952 3663 1026">
     <span class='ocr_line' id='line_1_67' title="bbox 2073 952 3663 1026; baseline -0.001 -18"><span class='ocrx_word' id='word_1_527' title='bbox 2073 956 2208 1010; x_wconf 85' lang='lat' dir='ltr'><strong>iisset</strong></span> <span class='ocrx_word' id='word_1_528' title='bbox 2235 952 2408 1021; x_wconf 75' lang='lat' dir='ltr'><strong>Iesus,</strong></span> <span class='ocrx_word' id='word_1_529' title='bbox 2438 957 2631 1026; x_wconf 76' lang='lat' dir='ltr'><strong>excepit</strong></span> <span class='ocrx_word' id='word_1_530' title='bbox 2653 956 2798 1011; x_wconf 85' lang='lat' dir='ltr'><strong>illum</strong></span> <span class='ocrx_word' id='word_1_531' title='bbox 2824 956 2968 1010; x_wconf 88' lang='lat' dir='ltr'><strong>turba</strong></span> <span class='ocrx_word' id='word_1_532' title='bbox 3000 971 3017 1009; x_wconf 92' lang='lat'><strong><em>:</em></strong></span> <span class='ocrx_word' id='word_1_533' title='bbox 3043 964 3182 1009; x_wconf 85' lang='lat' dir='ltr'><strong>erant</strong></span> <span class='ocrx_word' id='word_1_534' title='bbox 3210 955 3342 1009; x_wconf 85' lang='lat' dir='ltr'><strong>enim</strong></span> <span class='ocrx_word' id='word_1_535' title='bbox 3370 969 3541 1007; x_wconf 88' lang='lat' dir='ltr'><strong>omnes</strong></span> <span class='ocrx_word' id='word_1_536' title='bbox 3570 970 3663 1006; x_wconf 77' lang='lat' dir='ltr'><strong>ea:-</strong></span> 
     </span>
    </p>
   </div>
   <div class='ocr_carea' id='block_1_68' title="bbox 2073 1044 3664 1119">
    <p class='ocr_par' dir='ltr' id='par_1_68' title="bbox 2073 1044 3664 1119">
     <span class='ocr_line' id='line_1_68' title="bbox 2073 1044 3664 1119; baseline -0.003 -19"><span class='ocrx_word' id='word_1_537' title='bbox 2073 1058 2350 1119; x_wconf 83' lang='lat' dir='ltr'><strong>spectantes</strong></span> <span class='ocrx_word' id='word_1_538' title='bbox 2387 1066 2517 1102; x_wconf 84' lang='lat' dir='ltr'><strong>eum.</strong></span> <span class='ocrx_word' id='word_1_539' title='bbox 2549 1049 2615 1101; x_wconf 83' lang='lat' dir='ltr'><strong>Et</strong></span> <span class='ocrx_word' id='word_1_540' title='bbox 2654 1065 2765 1104; x_wconf 88' lang='lat' dir='ltr'><strong>ecce</strong></span> <span class='ocrx_word' id='word_1_541' title='bbox 2796 1050 2871 1102; x_wconf 88' lang='lat' dir='ltr'><strong>vir</strong></span> <span class='ocrx_word' id='word_1_542' title='bbox 2912 1049 2992 1101; x_wconf 87' lang='lat' dir='ltr'><strong>cui</strong></span> <span class='ocrx_word' id='word_1_543' title='bbox 3031 1064 3209 1101; x_wconf 87' lang='lat' dir='ltr'><strong>nomen</strong></span> <span class='ocrx_word' id='word_1_544' title='bbox 3239 1044 3434 1109; x_wconf 84' lang='lat' dir='ltr'><strong>Jairus,</strong></span> <span class='ocrx_word' id='word_1_545' title='bbox 3480 1054 3527 1098; x_wconf 86' lang='lat' dir='ltr'><strong>et</strong></span> <span class='ocrx_word' id='word_1_546' title='bbox 3557 1045 3664 1113; x_wconf 80' lang='lat' dir='ltr'><strong>ipse</strong></span> 
     </span>
    </p>
   </div>
   <div class='ocr_carea' id='block_1_69' title="bbox 2076 1136 3652 1212">
    <p class='ocr_par' dir='ltr' id='par_1_69' title="bbox 2076 1136 3652 1212">
     <span class='ocr_line' id='line_1_69' title="bbox 2076 1136 3652 1212; baseline -0.003 -20"><span class='ocrx_word' id='word_1_547' title='bbox 2076 1140 2306 1210; x_wconf 81' lang='lat' dir='ltr'><strong>princeps</strong></span> <span class='ocrx_word' id='word_1_548' title='bbox 2334 1157 2603 1212; x_wconf 66' lang='lat' dir='ltr'><strong>synagoga:</strong></span> <span class='ocrx_word' id='word_1_549' title='bbox 2631 1152 2767 1206; x_wconf 90' lang='lat' dir='ltr'><strong>erat,</strong></span> <span class='ocrx_word' id='word_1_550' title='bbox 2802 1151 2846 1195; x_wconf 88' lang='lat' dir='ltr'><strong>et</strong></span> <span class='ocrx_word' id='word_1_551' title='bbox 2875 1138 3051 1193; x_wconf 80' lang='lat' dir='ltr'><strong>cecidit</strong></span> <span class='ocrx_word' id='word_1_552' title='bbox 3081 1140 3147 1191; x_wconf 88' lang='lat' dir='ltr'><strong>ad</strong></span> <span class='ocrx_word' id='word_1_553' title='bbox 3186 1137 3334 1209; x_wconf 86' lang='lat' dir='ltr'><strong>pedes</strong></span> <span class='ocrx_word' id='word_1_554' title='bbox 3357 1136 3482 1190; x_wconf 82' lang='lat' dir='ltr'><strong>Jesu</strong></span> <span class='ocrx_word' id='word_1_555' title='bbox 3504 1176 3519 1202; x_wconf 91' lang='lat'><strong>,</strong></span> <span class='ocrx_word' id='word_1_556' title='bbox 3549 1146 3652 1191; x_wconf 89' lang='lat' dir='ltr'><strong>etc.</strong></span> 
     </span>
    </p>
   </div>
   <div class='ocr_carea' id='block_1_70' title="bbox 2077 1228 3661 1305">
    <p class='ocr_par' dir='ltr' id='par_1_70' title="bbox 2077 1228 3661 1305">
     <span class='ocr_line' id='line_1_70' title="bbox 2077 1228 3661 1305; baseline -0.004 -18"><span class='ocrx_word' id='word_1_557' title='bbox 2077 1234 2226 1305; x_wconf 84' lang='lat' dir='ltr'><strong>(Luc.</strong></span> <span class='ocrx_word' id='word_1_558' title='bbox 2260 1250 2367 1300; x_wconf 78' lang='lat' dir='ltr'><strong>\‘lll,</strong></span> <span class='ocrx_word' id='word_1_559' title='bbox 2399 1234 2610 1305; x_wconf 65' lang='grc' dir='ltr'><strong>[ιο-56.)</strong></span> <span class='ocrx_word' id='word_1_560' title='bbox 2642 1233 2730 1290; x_wconf 90' lang='lat' dir='ltr'><strong>Sic</strong></span> <span class='ocrx_word' id='word_1_561' title='bbox 2758 1233 3079 1303; x_wconf 80' lang='lat' dir='ltr'><strong>intelligitur,</strong></span> <span class='ocrx_word' id='word_1_562' title='bbox 3111 1232 3251 1303; x_wconf 91' lang='lat' dir='ltr'><strong>quod</strong></span> <span class='ocrx_word' id='word_1_563' title='bbox 3277 1230 3424 1285; x_wconf 87' lang='lat' dir='ltr'><strong>turba</strong></span> <span class='ocrx_word' id='word_1_564' title='bbox 3447 1228 3661 1299; x_wconf 73' lang='lat' dir='ltr'><strong>quidem</strong></span> 
     </span>
    </p>
   </div>
   <div class='ocr_carea' id='block_1_71' title="bbox 2073 1321 3650 1396">
    <p class='ocr_par' dir='ltr' id='par_1_71' title="bbox 2073 1321 3650 1396">
     <span class='ocr_line' id='line_1_71' title="bbox 2073 1321 3650 1396; baseline -0.003 -16"><span class='ocrx_word' id='word_1_565' title='bbox 2073 1327 2164 1381; x_wconf 88' lang='lat' dir='ltr'><strong>illa</strong></span> <span class='ocrx_word' id='word_1_566' title='bbox 2194 1328 2447 1382; x_wconf 90' lang='lat' dir='ltr'><strong>continuo</strong></span> <span class='ocrx_word' id='word_1_567' title='bbox 2471 1328 2742 1396; x_wconf 83' lang='lat' dir='ltr'><strong>exceperit</strong></span> <span class='ocrx_word' id='word_1_568' title='bbox 2768 1326 3047 1381; x_wconf 86' lang='lat' dir='ltr'><strong>Dominum</strong></span> <span class='ocrx_word' id='word_1_569' title='bbox 3072 1367 3086 1391; x_wconf 92' lang='lat'><strong>,</strong></span> <span class='ocrx_word' id='word_1_570' title='bbox 3119 1323 3311 1395; x_wconf 89' lang='lat' dir='ltr'><strong>quippe</strong></span> <span class='ocrx_word' id='word_1_571' title='bbox 3339 1336 3497 1393; x_wconf 84' lang='lat' dir='ltr'><strong>quem</strong></span> <span class='ocrx_word' id='word_1_572' title='bbox 3525 1321 3650 1375; x_wconf 87' lang='lat' dir='ltr'><strong>rcdi-</strong></span> 
     </span>
    </p>
   </div>
   <div class='ocr_carea' id='block_1_72' title="bbox 2076 1414 3661 1489">
    <p class='ocr_par' dir='ltr' id='par_1_72' title="bbox 2076 1414 3661 1489">
     <span class='ocr_line' id='line_1_72' title="bbox 2076 1414 3661 1489; baseline -0.004 -17"><span class='ocrx_word' id='word_1_573' title='bbox 2076 1426 2251 1472; x_wconf 89' lang='lat' dir='ltr'><strong>turum</strong></span> <span class='ocrx_word' id='word_1_574' title='bbox 2278 1419 2620 1489; x_wconf 82' lang='lat' dir='ltr'><strong>exspectabat</strong></span> <span class='ocrx_word' id='word_1_575' title='bbox 2662 1436 2673 1471; x_wconf 91' lang='lat'>:</span> <span class='ocrx_word' id='word_1_576' title='bbox 2712 1417 2853 1489; x_wconf 87' lang='lat' dir='ltr'><strong>quod</strong></span> <span class='ocrx_word' id='word_1_577' title='bbox 2891 1432 3019 1472; x_wconf 89' lang='lat' dir='ltr'><strong>vero</strong></span> <span class='ocrx_word' id='word_1_578' title='bbox 3045 1415 3303 1486; x_wconf 87' lang='lat' dir='ltr'><strong>adjunxit,</strong></span> <span class='ocrx_word' id='word_1_579' title='bbox 3336 1414 3399 1467; x_wconf 78' lang='lat' dir='ltr'><strong>Et</strong></span> <span class='ocrx_word' id='word_1_580' title='bbox 3438 1430 3550 1468; x_wconf 88' lang='lat' dir='ltr'><strong>ecce</strong></span> <span class='ocrx_word' id='word_1_581' title='bbox 3588 1414 3661 1465; x_wconf 80' lang='lat' dir='ltr'><strong>vir</strong></span> 
     </span>
    </p>
   </div>
   <div class='ocr_carea' id='block_1_73' title="bbox 2073 1505 3661 1578">
    <p class='ocr_par' dir='ltr' id='par_1_73' title="bbox 2073 1505 3661 1578">
     <span class='ocr_line' id='line_1_73' title="bbox 2073 1505 3661 1578; baseline -0.002 -16"><span class='ocrx_word' id='word_1_582' title='bbox 2073 1511 2153 1564; x_wconf 87' lang='lat' dir='ltr'><strong>cui</strong></span> <span class='ocrx_word' id='word_1_583' title='bbox 2183 1526 2365 1564; x_wconf 86' lang='lat' dir='ltr'><strong>nomen</strong></span> <span class='ocrx_word' id='word_1_584' title='bbox 2398 1520 2508 1565; x_wconf 85' lang='lat' dir='ltr'><strong>erat</strong></span> <span class='ocrx_word' id='word_1_585' title='bbox 2535 1510 2730 1578; x_wconf 85' lang='lat' dir='ltr'><strong>Jairus,</strong></span> <span class='ocrx_word' id='word_1_586' title='bbox 2759 1526 2861 1564; x_wconf 91' lang='lat' dir='ltr'><strong>non</strong></span> <span class='ocrx_word' id='word_1_587' title='bbox 2891 1510 3144 1564; x_wconf 85' lang='lat' dir='ltr'><strong>continuo</strong></span> <span class='ocrx_word' id='word_1_588' title='bbox 3167 1508 3360 1563; x_wconf 77' lang='lat' dir='ltr'><strong>factum</strong></span> <span class='ocrx_word' id='word_1_589' title='bbox 3393 1505 3661 1576; x_wconf 89' lang='lat' dir='ltr'><strong>accipien-</strong></span> 
     </span>
    </p>
   </div>
   <div class='ocr_carea' id='block_1_74' title="bbox 2072 1601 3660 1675">
    <p class='ocr_par' dir='ltr' id='par_1_74' title="bbox 2072 1601 3660 1675">
     <span class='ocr_line' id='line_1_74' title="bbox 2072 1601 3660 1675; baseline -0.003 -18"><span class='ocrx_word' id='word_1_590' title='bbox 2072 1602 2196 1657; x_wconf 92' lang='lat' dir='ltr'><strong>dum</strong></span> <span class='ocrx_word' id='word_1_591' title='bbox 2221 1612 2340 1670; x_wconf 86' lang='lat' dir='ltr'><strong>est,</strong></span> <span class='ocrx_word' id='word_1_592' title='bbox 2389 1605 2482 1659; x_wconf 84' lang='lat' dir='ltr'><strong>sed</strong></span> <span class='ocrx_word' id='word_1_593' title='bbox 2524 1606 2667 1675; x_wconf 88' lang='lat' dir='ltr'><strong>prius</strong></span> <span class='ocrx_word' id='word_1_594' title='bbox 2700 1603 2823 1659; x_wconf 88' lang='lat' dir='ltr'><strong>illud</strong></span> <span class='ocrx_word' id='word_1_595' title='bbox 2869 1602 2934 1659; x_wconf 91' lang='lat' dir='ltr'><strong>de</strong></span> <span class='ocrx_word' id='word_1_596' title='bbox 2965 1603 3207 1658; x_wconf 89' lang='lat' dir='ltr'><strong>convivio</strong></span> <span class='ocrx_word' id='word_1_597' title='bbox 3243 1601 3660 1673; x_wconf 86' lang='lat' dir='ltr'><strong>publicanorum,</strong></span> 
     </span>
    </p>
   </div>
   <div class='ocr_carea' id='block_1_75' title="bbox 2071 1694 3657 1765">
    <p class='ocr_par' dir='ltr' id='par_1_75' title="bbox 2071 1694 3657 1765">
     <span class='ocr_line' id='line_1_75' title="bbox 2071 1694 3657 1765; baseline -0.004 -13"><span class='ocrx_word' id='word_1_598' title='bbox 2071 1700 2206 1753; x_wconf 90' lang='lat' dir='ltr'><strong>sicut</strong></span> <span class='ocrx_word' id='word_1_599' title='bbox 2235 1708 2413 1753; x_wconf 87' lang='lat' dir='ltr'><strong>narrat</strong></span> <span class='ocrx_word' id='word_1_600' title='bbox 2447 1700 2757 1765; x_wconf 61' lang='lat' dir='ltr'><strong>Matthaaus;</strong></span> <span class='ocrx_word' id='word_1_601' title='bbox 2788 1696 2872 1753; x_wconf 82' lang='lat' dir='ltr'><strong>cui</strong></span> <span class='ocrx_word' id='word_1_602' title='bbox 2911 1699 2986 1753; x_wconf 90' lang='lat' dir='ltr'><strong>rei</strong></span> <span class='ocrx_word' id='word_1_603' title='bbox 3028 1697 3107 1753; x_wconf 92' lang='lat' dir='ltr'><strong>sic</strong></span> <span class='ocrx_word' id='word_1_604' title='bbox 3145 1695 3415 1765; x_wconf 70' lang='lat' dir='ltr'><strong>coniungit</strong></span> <span class='ocrx_word' id='word_1_605' title='bbox 3444 1694 3565 1760; x_wconf 88' lang='lat' dir='ltr'><strong>hoc,</strong></span> <span class='ocrx_word' id='word_1_606' title='bbox 3596 1700 3657 1747; x_wconf 90' lang='lat' dir='ltr'><strong>ut</strong></span> 
     </span>
    </p>
   </div>
   <div class='ocr_carea' id='block_1_76' title="bbox 2070 1788 3446 1863">
    <p class='ocr_par' dir='ltr' id='par_1_76' title="bbox 2070 1788 3446 1863">
     <span class='ocr_line' id='line_1_76' title="bbox 2070 1788 3446 1863; baseline -0.006 -15"><span class='ocrx_word' id='word_1_607' title='bbox 2070 1810 2176 1848; x_wconf 87' lang='lat' dir='ltr'><strong>non</strong></span> <span class='ocrx_word' id='word_1_608' title='bbox 2206 1796 2371 1863; x_wconf 86' lang='lat' dir='ltr'><strong>possit</strong></span> <span class='ocrx_word' id='word_1_609' title='bbox 2394 1795 2533 1848; x_wconf 89' lang='lat' dir='ltr'><strong>aliud</strong></span> <span class='ocrx_word' id='word_1_610' title='bbox 2565 1794 2759 1849; x_wconf 78' lang='lat' dir='ltr'><strong>factum</strong></span> <span class='ocrx_word' id='word_1_611' title='bbox 2790 1802 3178 1862; x_wconf 83' lang='lat' dir='ltr'><strong>consequenter</strong></span> <span class='ocrx_word' id='word_1_612' title='bbox 3204 1788 3446 1858; x_wconf 84' lang='lat' dir='ltr'><strong>intelligi.</strong></span> 
     </span>
    </p>
   </div>
   <div class='ocr_carea' id='block_1_77' title="bbox 2141 1878 3654 1957">
    <p class='ocr_par' dir='ltr' id='par_1_77' title="bbox 2141 1878 3654 1957">
     <span class='ocr_line' id='line_1_77' title="bbox 2141 1878 3654 1957; baseline -0.005 -17"><span class='ocrx_word' id='word_1_613' title='bbox 2141 1886 2229 1941; x_wconf 75' lang='lat'><strong>65.</strong></span> <span class='ocrx_word' id='word_1_614' title='bbox 2259 1886 2312 1939; x_wconf 91' lang='lat' dir='ltr'><strong>ln</strong></span> <span class='ocrx_word' id='word_1_615' title='bbox 2335 1886 2434 1942; x_wconf 87' lang='lat' dir='ltr'><strong>hac</strong></span> <span class='ocrx_word' id='word_1_616' title='bbox 2460 1902 2584 1957; x_wconf 71' lang='lat' dir='ltr'><strong>ergo</strong></span> <span class='ocrx_word' id='word_1_617' title='bbox 2608 1886 2929 1947; x_wconf 82' lang='lat' dir='ltr'><strong>narratione,</strong></span> <span class='ocrx_word' id='word_1_618' title='bbox 2955 1899 3113 1954; x_wconf 89' lang='lat' dir='ltr'><strong>quam</strong></span> <span class='ocrx_word' id='word_1_619' title='bbox 3144 1895 3283 1936; x_wconf 88' lang='lat' dir='ltr'><strong>nunc</strong></span> <span class='ocrx_word' id='word_1_620' title='bbox 3304 1878 3654 1935; x_wconf 86' lang='lat' dir='ltr'><strong>consideran-</strong></span> 
     </span>
    </p>
   </div>
   <div class='ocr_carea' id='block_1_78' title="bbox 2070 1972 3657 2049">
    <p class='ocr_par' dir='ltr' id='par_1_78' title="bbox 2070 1972 3657 2049">
     <span class='ocr_line' id='line_1_78' title="bbox 2070 1972 3657 2049; baseline -0.005 -17"><span class='ocrx_word' id='word_1_621' title='bbox 2070 1976 2191 2049; x_wconf 84' lang='lat' dir='ltr'><strong>dam</strong></span> <span class='ocrx_word' id='word_1_622' title='bbox 2218 1980 2569 2048; x_wconf 82' lang='lat' dir='ltr'><strong>suscepimus,</strong></span> <span class='ocrx_word' id='word_1_623' title='bbox 2603 1978 2670 2033; x_wconf 91' lang='lat' dir='ltr'><strong>de</strong></span> <span class='ocrx_word' id='word_1_624' title='bbox 2698 1979 2789 2032; x_wconf 25' lang='lat' dir='ltr'><strong>illa.</strong></span> <span class='ocrx_word' id='word_1_625' title='bbox 2812 1976 3027 2047; x_wconf 86' lang='lat' dir='ltr'><strong>quidem</strong></span> <span class='ocrx_word' id='word_1_626' title='bbox 3052 1990 3169 2045; x_wconf 71' lang='lat' dir='ltr'><strong>qum</strong></span> <span class='ocrx_word' id='word_1_627' title='bbox 3215 1972 3413 2029; x_wconf 83' lang='lat' dir='ltr'><strong>ﬂuxum</strong></span> <span class='ocrx_word' id='word_1_628' title='bbox 3441 1972 3657 2043; x_wconf 76' lang='lat' dir='ltr'><strong>sangui-</strong></span> 
     </span>
    </p>
   </div>
   <div class='ocr_carea' id='block_1_79' title="bbox 2071 2064 3655 2137">
    <p class='ocr_par' dir='ltr' id='par_1_79' title="bbox 2071 2064 3655 2137">
     <span class='ocr_line' id='line_1_79' title="bbox 2071 2064 3655 2137; baseline -0.003 -15"><span class='ocrx_word' id='word_1_629' title='bbox 2071 2070 2155 2122; x_wconf 82' lang='lat' dir='ltr'><strong>nis</strong></span> <span class='ocrx_word' id='word_1_630' title='bbox 2174 2069 2495 2137; x_wconf 81' lang='lat' dir='ltr'><strong>patiebatur,</strong></span> <span class='ocrx_word' id='word_1_631' title='bbox 2528 2083 2715 2121; x_wconf 76' lang='lat' dir='ltr'><strong>omnes</strong></span> <span class='ocrx_word' id='word_1_632' title='bbox 2744 2068 2830 2121; x_wconf 90' lang='lat' dir='ltr'><strong>isti</strong></span> <span class='ocrx_word' id='word_1_633' title='bbox 2859 2078 2964 2122; x_wconf 89' lang='lat' dir='ltr'><strong>tres</strong></span> <span class='ocrx_word' id='word_1_634' title='bbox 3002 2065 3350 2135; x_wconf 82' lang='lat' dir='ltr'><strong>Evangelistae</strong></span> <span class='ocrx_word' id='word_1_635' title='bbox 3390 2065 3506 2119; x_wconf 87' lang='lat' dir='ltr'><strong>sine</strong></span> <span class='ocrx_word' id='word_1_636' title='bbox 3550 2064 3655 2117; x_wconf 86' lang='lat' dir='ltr'><strong>ulla</strong></span> 
     </span>
    </p>
   </div>
   <div class='ocr_carea' id='block_1_80' title="bbox 2069 2154 3655 2229">
    <p class='ocr_par' dir='ltr' id='par_1_80' title="bbox 2069 2154 3655 2229">
     <span class='ocr_line' id='line_1_80' title="bbox 2069 2154 3655 2229; baseline -0.004 -15"><span class='ocrx_word' id='word_1_637' title='bbox 2069 2161 2365 2229; x_wconf 77' lang='lat' dir='ltr'><strong>quaestione</strong></span> <span class='ocrx_word' id='word_1_638' title='bbox 2409 2160 2749 2213; x_wconf 84' lang='lat' dir='ltr'><strong>concordant.</strong></span> <span class='ocrx_word' id='word_1_639' title='bbox 2796 2158 2978 2227; x_wconf 85' lang='lat' dir='ltr'><strong>Neque</strong></span> <span class='ocrx_word' id='word_1_640' title='bbox 3024 2157 3164 2211; x_wconf 87' lang='lat' dir='ltr'><strong>enim</strong></span> <span class='ocrx_word' id='word_1_641' title='bbox 3212 2156 3432 2210; x_wconf 85' lang='lat' dir='ltr'><strong>interest</strong></span> <span class='ocrx_word' id='word_1_642' title='bbox 3480 2154 3545 2207; x_wconf 89' lang='lat' dir='ltr'><strong>ad</strong></span> <span class='ocrx_word' id='word_1_643' title='bbox 3571 2154 3655 2208; x_wconf 89' lang='lat' dir='ltr'><strong>rei</strong></span> 
     </span>
    </p>
   </div>
   <div class='ocr_carea' id='block_1_81' title="bbox 2073 2244 3654 2319">
    <p class='ocr_par' dir='ltr' id='par_1_81' title="bbox 2073 2244 3654 2319">
     <span class='ocr_line' id='line_1_81' title="bbox 2073 2244 3654 2319; baseline -0.005 -14"><span class='ocrx_word' id='word_1_644' title='bbox 2073 2252 2375 2316; x_wconf 83' lang='lat' dir='ltr'><strong>veritatem,</strong></span> <span class='ocrx_word' id='word_1_645' title='bbox 2400 2250 2541 2319; x_wconf 89' lang='lat' dir='ltr'><strong>quod</strong></span> <span class='ocrx_word' id='word_1_646' title='bbox 2568 2250 2634 2304; x_wconf 86' lang='lat' dir='ltr'><strong>ab</strong></span> <span class='ocrx_word' id='word_1_647' title='bbox 2663 2250 2767 2303; x_wconf 85' lang='lat' dir='ltr'><strong>alio</strong></span> <span class='ocrx_word' id='word_1_648' title='bbox 2794 2246 2993 2318; x_wconf 88' lang='lat' dir='ltr'><strong>aliquid</strong></span> <span class='ocrx_word' id='word_1_649' title='bbox 3027 2249 3261 2310; x_wconf 88' lang='lat' dir='ltr'><strong>tacitum,</strong></span> <span class='ocrx_word' id='word_1_650' title='bbox 3297 2248 3363 2300; x_wconf 88' lang='lat' dir='ltr'><strong>ab</strong></span> <span class='ocrx_word' id='word_1_651' title='bbox 3387 2245 3494 2299; x_wconf 89' lang='lat' dir='ltr'><strong>alio</strong></span> <span class='ocrx_word' id='word_1_652' title='bbox 3519 2244 3654 2298; x_wconf 90' lang='lat' dir='ltr'><strong>dici-</strong></span> 
     </span>
    </p>
   </div>
   <div class='ocr_carea' id='block_1_82' title="bbox 2072 2337 3659 2412">
    <p class='ocr_par' dir='ltr' id='par_1_82' title="bbox 2072 2337 3659 2412">
     <span class='ocr_line' id='line_1_82' title="bbox 2072 2337 3659 2412; baseline -0.004 -17"><span class='ocrx_word' id='word_1_653' title='bbox 2072 2352 2185 2408; x_wconf 90' lang='lat' dir='ltr'><strong>tur;</strong></span> <span class='ocrx_word' id='word_1_654' title='bbox 2232 2358 2327 2396; x_wconf 90' lang='lat' dir='ltr'><strong>nec</strong></span> <span class='ocrx_word' id='word_1_655' title='bbox 2371 2342 2512 2412; x_wconf 89' lang='lat' dir='ltr'><strong>quod</strong></span> <span class='ocrx_word' id='word_1_656' title='bbox 2559 2342 2766 2397; x_wconf 86' lang='lat' dir='ltr'><strong>Marcus</strong></span> <span class='ocrx_word' id='word_1_657' title='bbox 2806 2340 2953 2405; x_wconf 86' lang='lat' dir='ltr'><strong>dicit,</strong></span> <span class='ocrx_word' id='word_1_658' title='bbox 3002 2337 3126 2405; x_wconf 85' lang='lat' dir='ltr'><strong>Quis</strong></span> <span class='ocrx_word' id='word_1_659' title='bbox 3166 2338 3323 2410; x_wconf 85' lang='lat' dir='ltr'><strong>tetigit</strong></span> <span class='ocrx_word' id='word_1_660' title='bbox 3366 2337 3659 2390; x_wconf 83' lang='lat' dir='ltr'><strong>vestimenta</strong></span> 
     </span>
    </p>
   </div>
   <div class='ocr_carea' id='block_1_83' title="bbox 2070 2428 3661 2501">
    <p class='ocr_par' dir='ltr' id='par_1_83' title="bbox 2070 2428 3661 2501">
     <span class='ocr_line' id='line_1_83' title="bbox 2070 2428 3661 2501; baseline -0.003 -17"><span class='ocrx_word' id='word_1_661' title='bbox 2070 2435 2221 2487; x_wconf 85' lang='lat' dir='ltr'><strong>mea?</strong></span> <span class='ocrx_word' id='word_1_662' title='bbox 2245 2443 2297 2487; x_wconf 88' lang='lat' dir='ltr'><strong>et</strong></span> <span class='ocrx_word' id='word_1_663' title='bbox 2320 2432 2522 2496; x_wconf 88' lang='lat' dir='ltr'><strong>Lucas,</strong></span> <span class='ocrx_word' id='word_1_664' title='bbox 2556 2433 2677 2497; x_wconf 82' lang='lat' dir='ltr'><strong>Quis</strong></span> <span class='ocrx_word' id='word_1_665' title='bbox 2706 2447 2782 2485; x_wconf 88' lang='lat' dir='ltr'><strong>me</strong></span> <span class='ocrx_word' id='word_1_666' title='bbox 2811 2431 3011 2501; x_wconf 84' lang='lat' dir='ltr'><strong>tetigit?</strong></span> <span class='ocrx_word' id='word_1_667' title='bbox 3035 2430 3184 2484; x_wconf 79' lang='lat' dir='ltr'><strong>Alter</strong></span> <span class='ocrx_word' id='word_1_668' title='bbox 3210 2429 3352 2484; x_wconf 89' lang='lat' dir='ltr'><strong>enim</strong></span> <span class='ocrx_word' id='word_1_669' title='bbox 3389 2428 3522 2482; x_wconf 82' lang='lat' dir='ltr'><strong>dixit</strong></span> <span class='ocrx_word' id='word_1_670' title='bbox 3547 2428 3661 2482; x_wconf 86' lang='lat' dir='ltr'><strong>usi-</strong></span> 
     </span>
    </p>
   </div>
   <div class='ocr_carea' id='block_1_84' title="bbox 2070 2523 3661 2594">
    <p class='ocr_par' dir='ltr' id='par_1_84' title="bbox 2070 2523 3661 2594">
     <span class='ocr_line' id='line_1_84' title="bbox 2070 2523 3661 2594; baseline -0.003 -16"><span class='ocrx_word' id='word_1_671' title='bbox 2070 2533 2198 2591; x_wconf 89' lang='lat' dir='ltr'><strong>tate,</strong></span> <span class='ocrx_word' id='word_1_672' title='bbox 2244 2524 2377 2578; x_wconf 91' lang='lat' dir='ltr'><strong>alter</strong></span> <span class='ocrx_word' id='word_1_673' title='bbox 2415 2526 2651 2594; x_wconf 84' lang='lat' dir='ltr'><strong>proprie,</strong></span> <span class='ocrx_word' id='word_1_674' title='bbox 2680 2523 2922 2577; x_wconf 83' lang='lat' dir='ltr'><strong>eamdem</strong></span> <span class='ocrx_word' id='word_1_675' title='bbox 2967 2531 3142 2575; x_wconf 89' lang='lat' dir='ltr'><strong>tamen</strong></span> <span class='ocrx_word' id='word_1_676' title='bbox 3192 2531 3413 2592; x_wconf 88' lang='lat' dir='ltr'><strong>uterque</strong></span> <span class='ocrx_word' id='word_1_677' title='bbox 3448 2531 3661 2576; x_wconf 84' lang='lat' dir='ltr'><strong>senten-</strong></span> 
     </span>
    </p>
   </div>
   <div class='ocr_carea' id='block_1_85' title="bbox 2068 2611 3657 2682">
    <p class='ocr_par' dir='ltr' id='par_1_85' title="bbox 2068 2611 3657 2682">
     <span class='ocr_line' id='line_1_85' title="bbox 2068 2611 3657 2682; baseline -0.004 -12"><span class='ocrx_word' id='word_1_678' title='bbox 2068 2616 2218 2670; x_wconf 90' lang='lat' dir='ltr'><strong>tiam.</strong></span> <span class='ocrx_word' id='word_1_679' title='bbox 2255 2615 2386 2670; x_wconf 87' lang='lat' dir='ltr'><strong>Nam</strong></span> <span class='ocrx_word' id='word_1_680' title='bbox 2426 2616 2671 2670; x_wconf 84' lang='lat' dir='ltr'><strong>usitatius</strong></span> <span class='ocrx_word' id='word_1_681' title='bbox 2703 2614 2947 2680; x_wconf 84' lang='lat' dir='ltr'><strong>dicimus,</strong></span> <span class='ocrx_word' id='word_1_682' title='bbox 2972 2611 3286 2668; x_wconf 90' lang='lat' dir='ltr'><strong>Conscindis</strong></span> <span class='ocrx_word' id='word_1_683' title='bbox 3325 2628 3439 2679; x_wconf 87' lang='lat' dir='ltr'><strong>me,</strong></span> <span class='ocrx_word' id='word_1_684' title='bbox 3467 2626 3657 2682; x_wconf 89' lang='lat' dir='ltr'><strong>quam,</strong></span> 
     </span>
    </p>
   </div>
   <div class='ocr_carea' id='block_1_86' title="bbox 2067 2703 3656 2773">
    <p class='ocr_par' dir='ltr' id='par_1_86' title="bbox 2067 2703 3656 2773">
     <span class='ocr_line' id='line_1_86' title="bbox 2067 2703 3656 2773; baseline -0.003 -12"><span class='ocrx_word' id='word_1_685' title='bbox 2067 2706 2380 2761; x_wconf 87' lang='lat' dir='ltr'><strong>Conscindis</strong></span> <span class='ocrx_word' id='word_1_686' title='bbox 2404 2708 2717 2761; x_wconf 87' lang='lat' dir='ltr'><strong>vestimenta</strong></span> <span class='ocrx_word' id='word_1_687' title='bbox 2746 2722 2861 2760; x_wconf 89' lang='lat' dir='ltr'><strong>mea</strong></span> <span class='ocrx_word' id='word_1_688' title='bbox 2888 2722 2901 2767; x_wconf 88' lang='lat'><strong>;</strong></span> <span class='ocrx_word' id='word_1_689' title='bbox 2925 2720 3046 2760; x_wconf 89' lang='lat' dir='ltr'><strong>cum</strong></span> <span class='ocrx_word' id='word_1_690' title='bbox 3072 2712 3246 2759; x_wconf 89' lang='lat' dir='ltr'><strong>tamen</strong></span> <span class='ocrx_word' id='word_1_691' title='bbox 3290 2703 3343 2757; x_wconf 91' lang='lat' dir='ltr'><strong>in</strong></span> <span class='ocrx_word' id='word_1_692' title='bbox 3370 2711 3557 2773; x_wconf 89' lang='lat' dir='ltr'><strong>aperto</strong></span> <span class='ocrx_word' id='word_1_693' title='bbox 3584 2703 3656 2757; x_wconf 89' lang='lat' dir='ltr'><strong>sit</strong></span> 
     </span>
    </p>
   </div>
   <div class='ocr_carea' id='block_1_87' title="bbox 2067 2798 2723 2870">
    <p class='ocr_par' dir='ltr' id='par_1_87' title="bbox 2067 2798 2723 2870">
     <span class='ocr_line' id='line_1_87' title="bbox 2067 2798 2723 2870; baseline -0.008 -16"><span class='ocrx_word' id='word_1_694' title='bbox 2067 2800 2195 2870; x_wconf 88' lang='lat' dir='ltr'><strong>quid</strong></span> <span class='ocrx_word' id='word_1_695' title='bbox 2222 2801 2449 2854; x_wconf 85' lang='lat' dir='ltr'><strong>velimus</strong></span> <span class='ocrx_word' id='word_1_696' title='bbox 2481 2798 2723 2869; x_wconf 72' lang='lat' dir='ltr'><strong>intelligi.</strong></span> 
     </span>
    </p>
   </div>
   <div class='ocr_carea' id='block_1_88' title="bbox 2140 2886 3660 2959">
    <p class='ocr_par' dir='ltr' id='par_1_88' title="bbox 2140 2886 3660 2959">
     <span class='ocr_line' id='line_1_88' title="bbox 2140 2886 3660 2959; baseline -0.004 -13"><span class='ocrx_word' id='word_1_697' title='bbox 2140 2891 2228 2946; x_wconf 88' lang='lat'><strong>66.</strong></span> <span class='ocrx_word' id='word_1_698' title='bbox 2274 2892 2343 2945; x_wconf 89' lang='lat' dir='ltr'><strong>At</strong></span> <span class='ocrx_word' id='word_1_699' title='bbox 2370 2906 2497 2945; x_wconf 89' lang='lat' dir='ltr'><strong>vero</strong></span> <span class='ocrx_word' id='word_1_700' title='bbox 2522 2905 2641 2944; x_wconf 93' lang='lat' dir='ltr'><strong>cum</strong></span> <span class='ocrx_word' id='word_1_701' title='bbox 2688 2888 2963 2943; x_wconf 74' lang='lat' dir='ltr'><strong>Matthteus</strong></span> <span class='ocrx_word' id='word_1_702' title='bbox 3011 2886 3509 2959; x_wconf 85' lang='lat' dir='ltr'><strong>archisynagogum,</strong></span> <span class='ocrx_word' id='word_1_703' title='bbox 3553 2900 3660 2940; x_wconf 88' lang='lat' dir='ltr'><strong>non</strong></span> 
     </span>
    </p>
   </div>
   <div class='ocr_carea' id='block_1_89' title="bbox 2066 2978 3660 3049">
    <p class='ocr_par' dir='ltr' id='par_1_89' title="bbox 2066 2978 3660 3049">
     <span class='ocr_line' id='line_1_89' title="bbox 2066 2978 3660 3049; baseline -0.004 -10"><span class='ocrx_word' id='word_1_704' title='bbox 2066 2985 2401 3049; x_wconf 88' lang='lat' dir='ltr'><strong>morituram,</strong></span> <span class='ocrx_word' id='word_1_705' title='bbox 2435 2984 2516 3037; x_wconf 89' lang='lat' dir='ltr'><strong>vel</strong></span> <span class='ocrx_word' id='word_1_706' title='bbox 2544 2982 2883 3049; x_wconf 89' lang='lat' dir='ltr'><strong>morientem,</strong></span> <span class='ocrx_word' id='word_1_707' title='bbox 2912 2980 2996 3035; x_wconf 86' lang='lat' dir='ltr'><strong>vel</strong></span> <span class='ocrx_word' id='word_1_708' title='bbox 3018 2981 3072 3034; x_wconf 91' lang='lat' dir='ltr'><strong>in</strong></span> <span class='ocrx_word' id='word_1_709' title='bbox 3098 2989 3338 3035; x_wconf 81' lang='lat' dir='ltr'><strong>extremo</strong></span> <span class='ocrx_word' id='word_1_710' title='bbox 3363 2981 3484 3034; x_wconf 69' lang='lat' dir='ltr'><strong>vitae</strong></span> <span class='ocrx_word' id='word_1_711' title='bbox 3515 2978 3660 3049; x_wconf 89' lang='lat' dir='ltr'><strong>posi-</strong></span> 
     </span>
    </p>
   </div>
   <div class='ocr_carea' id='block_1_90' title="bbox 2068 3072 3658 3140">
    <p class='ocr_par' dir='ltr' id='par_1_90' title="bbox 2068 3072 3658 3140">
     <span class='ocr_line' id='line_1_90' title="bbox 2068 3072 3658 3140; baseline -0.004 -8"><span class='ocrx_word' id='word_1_712' title='bbox 2068 3085 2175 3133; x_wconf 87' lang='lat' dir='ltr'><strong>tam</strong></span> <span class='ocrx_word' id='word_1_713' title='bbox 2207 3076 2369 3131; x_wconf 89' lang='lat' dir='ltr'><strong>ﬁliam</strong></span> <span class='ocrx_word' id='word_1_714' title='bbox 2396 3091 2547 3131; x_wconf 89' lang='lat' dir='ltr'><strong>suam</strong></span> <span class='ocrx_word' id='word_1_715' title='bbox 2572 3084 2752 3129; x_wconf 85' lang='lat' dir='ltr'><strong>narrat</strong></span> <span class='ocrx_word' id='word_1_716' title='bbox 2778 3073 3002 3129; x_wconf 87' lang='lat' dir='ltr'><strong>Domino</strong></span> <span class='ocrx_word' id='word_1_717' title='bbox 3033 3073 3334 3140; x_wconf 89' lang='lat' dir='ltr'><strong>nuntiasse,</strong></span> <span class='ocrx_word' id='word_1_718' title='bbox 3359 3072 3453 3127; x_wconf 89' lang='lat' dir='ltr'><strong>sed</strong></span> <span class='ocrx_word' id='word_1_719' title='bbox 3480 3072 3658 3127; x_wconf 87' lang='lat' dir='ltr'><strong>omni-</strong></span> 
     </span>
    </p>
   </div>
   <div class='ocr_carea' id='block_1_91' title="bbox 2067 3166 3656 3237">
    <p class='ocr_par' dir='ltr' id='par_1_91' title="bbox 2067 3166 3656 3237">
     <span class='ocr_line' id='line_1_91' title="bbox 2067 3166 3656 3237; baseline -0.003 -13"><span class='ocrx_word' id='word_1_720' title='bbox 2067 3184 2139 3224; x_wconf 90' lang='lat' dir='ltr'><strong>no</strong></span> <span class='ocrx_word' id='word_1_721' title='bbox 2157 3169 2495 3235; x_wconf 83' lang='lat' dir='ltr'><strong>defunctam;</strong></span> <span class='ocrx_word' id='word_1_722' title='bbox 2525 3169 2599 3223; x_wconf 89' lang='lat' dir='ltr'><strong>illi</strong></span> <span class='ocrx_word' id='word_1_723' title='bbox 2625 3178 2799 3223; x_wconf 90' lang='lat' dir='ltr'><strong>autem</strong></span> <span class='ocrx_word' id='word_1_724' title='bbox 2824 3168 2930 3222; x_wconf 91' lang='lat' dir='ltr'><strong>duo</strong></span> <span class='ocrx_word' id='word_1_725' title='bbox 2949 3209 2964 3234; x_wconf 93' lang='lat'><strong>,</strong></span> <span class='ocrx_word' id='word_1_726' title='bbox 2997 3167 3154 3221; x_wconf 90' lang='lat' dir='ltr'><strong>morti</strong></span> <span class='ocrx_word' id='word_1_727' title='bbox 3180 3169 3289 3236; x_wconf 89' lang='lat' dir='ltr'><strong>jam</strong></span> <span class='ocrx_word' id='word_1_728' title='bbox 3320 3166 3614 3237; x_wconf 84' lang='lat' dir='ltr'><strong>proximam</strong></span> <span class='ocrx_word' id='word_1_729' title='bbox 3638 3207 3656 3235; x_wconf 92' lang='lat'><strong>,</strong></span> 
     </span>
    </p>
   </div>
   <div class='ocr_carea' id='block_1_92' title="bbox 2065 3258 3657 3330">
    <p class='ocr_par' dir='ltr' id='par_1_92' title="bbox 2065 3258 3657 3330">
     <span class='ocr_line' id='line_1_92' title="bbox 2065 3258 3657 3330; baseline -0.003 -12"><span class='ocrx_word' id='word_1_730' title='bbox 2065 3264 2302 3320; x_wconf 89' lang='lat' dir='ltr'><strong>nondum</strong></span> <span class='ocrx_word' id='word_1_731' title='bbox 2346 3271 2520 3318; x_wconf 90' lang='lat' dir='ltr'><strong>tamen</strong></span> <span class='ocrx_word' id='word_1_732' title='bbox 2565 3270 2860 3328; x_wconf 89' lang='lat' dir='ltr'><strong>mortuam,</strong></span> <span class='ocrx_word' id='word_1_733' title='bbox 2892 3275 3058 3330; x_wconf 88' lang='lat' dir='ltr'><strong>usque</strong></span> <span class='ocrx_word' id='word_1_734' title='bbox 3096 3259 3229 3314; x_wconf 91' lang='lat' dir='ltr'><strong>adeo</strong></span> <span class='ocrx_word' id='word_1_735' title='bbox 3270 3268 3327 3313; x_wconf 92' lang='lat' dir='ltr'><strong>ut</strong></span> <span class='ocrx_word' id='word_1_736' title='bbox 3363 3258 3541 3315; x_wconf 88' lang='lat' dir='ltr'><strong>dicant</strong></span> <span class='ocrx_word' id='word_1_737' title='bbox 3564 3273 3657 3314; x_wconf 83' lang='lat' dir='ltr'><strong>ve-</strong></span> 
     </span>
    </p>
   </div>
   <div class='ocr_carea' id='block_1_93' title="bbox 2065 3349 3650 3423">
    <p class='ocr_par' dir='ltr' id='par_1_93' title="bbox 2065 3349 3650 3423">
     <span class='ocr_line' id='line_1_93' title="bbox 2065 3349 3650 3423; baseline -0.002 -15"><span class='ocrx_word' id='word_1_738' title='bbox 2065 3355 2209 3408; x_wconf 87' lang='lat' dir='ltr'><strong>nisse</strong></span> <span class='ocrx_word' id='word_1_739' title='bbox 2238 3361 2419 3423; x_wconf 90' lang='lat' dir='ltr'><strong>postea</strong></span> <span class='ocrx_word' id='word_1_740' title='bbox 2447 3354 2535 3423; x_wconf 90' lang='lat' dir='ltr'><strong>qui</strong></span> <span class='ocrx_word' id='word_1_741' title='bbox 2568 3362 2828 3406; x_wconf 87' lang='lat' dir='ltr'><strong>mortuam</strong></span> <span class='ocrx_word' id='word_1_742' title='bbox 2856 3351 3194 3417; x_wconf 89' lang='lat' dir='ltr'><strong>nuntiarent,</strong></span> <span class='ocrx_word' id='word_1_743' title='bbox 3226 3360 3279 3404; x_wconf 92' lang='lat' dir='ltr'><strong>ct</strong></span> <span class='ocrx_word' id='word_1_744' title='bbox 3304 3349 3372 3404; x_wconf 90' lang='lat' dir='ltr'><strong>ob</strong></span> <span class='ocrx_word' id='word_1_745' title='bbox 3403 3349 3507 3405; x_wconf 89' lang='lat' dir='ltr'><strong>hoc</strong></span> <span class='ocrx_word' id='word_1_746' title='bbox 3539 3350 3650 3419; x_wconf 89' lang='lat' dir='ltr'><strong>jam</strong></span> 
     </span>
    </p>
   </div>
   <div class='ocr_carea' id='block_1_94' title="bbox 2064 3441 3652 3512">
    <p class='ocr_par' dir='ltr' id='par_1_94' title="bbox 2064 3441 3652 3512">
     <span class='ocr_line' id='line_1_94' title="bbox 2064 3441 3652 3512; baseline -0.003 -13"><span class='ocrx_word' id='word_1_747' title='bbox 2064 3460 2169 3498; x_wconf 90' lang='lat' dir='ltr'><strong>non</strong></span> <span class='ocrx_word' id='word_1_748' title='bbox 2200 3444 2395 3499; x_wconf 88' lang='lat' dir='ltr'><strong>debere</strong></span> <span class='ocrx_word' id='word_1_749' title='bbox 2438 3444 2617 3497; x_wconf 81' lang='lat' dir='ltr'><strong>vexari</strong></span> <span class='ocrx_word' id='word_1_750' title='bbox 2658 3442 2988 3512; x_wconf 84' lang='lat' dir='ltr'><strong>magistrum,</strong></span> <span class='ocrx_word' id='word_1_751' title='bbox 3032 3450 3279 3511; x_wconf 90' lang='lat' dir='ltr'><strong>tanquam</strong></span> <span class='ocrx_word' id='word_1_752' title='bbox 3310 3441 3388 3495; x_wconf 90' lang='lat' dir='ltr'><strong>sic</strong></span> <span class='ocrx_word' id='word_1_753' title='bbox 3424 3441 3652 3508; x_wconf 86' lang='lat' dir='ltr'><strong>veniret,</strong></span> 
     </span>
    </p>
   </div>
   <div class='ocr_carea' id='block_1_95' title="bbox 2063 3531 3657 3602">
    <p class='ocr_par' dir='ltr' id='par_1_95' title="bbox 2063 3531 3657 3602">
     <span class='ocr_line' id='line_1_95' title="bbox 2063 3531 3657 3602; baseline -0.002 -14"><span class='ocrx_word' id='word_1_754' title='bbox 2063 3543 2122 3589; x_wconf 89' lang='lat' dir='ltr'><strong>ut</strong></span> <span class='ocrx_word' id='word_1_755' title='bbox 2154 3548 2369 3587; x_wconf 91' lang='lat' dir='ltr'><strong>manum</strong></span> <span class='ocrx_word' id='word_1_756' title='bbox 2410 3532 2730 3602; x_wconf 89' lang='lat' dir='ltr'><strong>imponendo</strong></span> <span class='ocrx_word' id='word_1_757' title='bbox 2767 3531 2901 3586; x_wconf 91' lang='lat' dir='ltr'><strong>mori</strong></span> <span class='ocrx_word' id='word_1_758' title='bbox 2946 3546 3050 3586; x_wconf 91' lang='lat' dir='ltr'><strong>non</strong></span> <span class='ocrx_word' id='word_1_759' title='bbox 3090 3531 3309 3597; x_wconf 87' lang='lat' dir='ltr'><strong>sineret,</strong></span> <span class='ocrx_word' id='word_1_760' title='bbox 3336 3546 3440 3585; x_wconf 91' lang='lat' dir='ltr'><strong>non</strong></span> <span class='ocrx_word' id='word_1_761' title='bbox 3477 3538 3536 3585; x_wconf 92' lang='lat' dir='ltr'><strong>ut</strong></span> <span class='ocrx_word' id='word_1_762' title='bbox 3564 3532 3657 3601; x_wconf 91' lang='lat' dir='ltr'><strong>qui</strong></span> 
     </span>
    </p>
   </div>
   <div class='ocr_carea' id='block_1_96' title="bbox 2062 3623 3655 3696">
    <p class='ocr_par' dir='ltr' id='par_1_96' title="bbox 2062 3623 3655 3696">
     <span class='ocr_line' id='line_1_96' title="bbox 2062 3623 3655 3696; baseline -0.002 -15"><span class='ocrx_word' id='word_1_763' title='bbox 2062 3636 2244 3696; x_wconf 88' lang='lat' dir='ltr'><strong>posset</strong></span> <span class='ocrx_word' id='word_1_764' title='bbox 2290 3634 2551 3679; x_wconf 90' lang='lat' dir='ltr'><strong>mortuam</strong></span> <span class='ocrx_word' id='word_1_765' title='bbox 2595 3625 2853 3679; x_wconf 89' lang='lat' dir='ltr'><strong>suscitare</strong></span> <span class='ocrx_word' id='word_1_766' title='bbox 2900 3642 2913 3678; x_wconf 92' lang='lat'><strong>:</strong></span> <span class='ocrx_word' id='word_1_767' title='bbox 2959 3623 3402 3679; x_wconf 89' lang='lat' dir='ltr'><strong>considerandum</strong></span> <span class='ocrx_word' id='word_1_768' title='bbox 3444 3631 3546 3689; x_wconf 90' lang='lat' dir='ltr'><strong>est,</strong></span> <span class='ocrx_word' id='word_1_769' title='bbox 3586 3638 3655 3678; x_wconf 92' lang='lat' dir='ltr'><strong>ne</strong></span> 
     </span>
    </p>
   </div>
   <div class='ocr_carea' id='block_1_97' title="bbox 2061 3717 3650 3790">
    <p class='ocr_par' dir='ltr' id='par_1_97' title="bbox 2061 3717 3650 3790">
     <span class='ocr_line' id='line_1_97' title="bbox 2061 3717 3650 3790; baseline -0.001 -17"><span class='ocrx_word' id='word_1_770' title='bbox 2061 3734 2357 3790; x_wconf 86' lang='lat' dir='ltr'><strong>repugnare</strong></span> <span class='ocrx_word' id='word_1_771' title='bbox 2385 3718 2654 3784; x_wconf 88' lang='lat' dir='ltr'><strong>videatur,</strong></span> <span class='ocrx_word' id='word_1_772' title='bbox 2682 3728 2735 3774; x_wconf 89' lang='lat' dir='ltr'><strong>et</strong></span> <span class='ocrx_word' id='word_1_773' title='bbox 2764 3717 3165 3788; x_wconf 87' lang='lat' dir='ltr'><strong>intelligendum</strong></span> <span class='ocrx_word' id='word_1_774' title='bbox 3195 3717 3466 3773; x_wconf 86' lang='lat' dir='ltr'><strong>brevitatis</strong></span> <span class='ocrx_word' id='word_1_775' title='bbox 3490 3731 3650 3771; x_wconf 89' lang='lat' dir='ltr'><strong>causa</strong></span> 
     </span>
    </p>
   </div>
   <div class='ocr_carea' id='block_1_98' title="bbox 2060 3809 3652 3880">
    <p class='ocr_par' dir='ltr' id='par_1_98' title="bbox 2060 3809 3652 3880">
     <span class='ocr_line' id='line_1_98' title="bbox 2060 3809 3652 3880; baseline -0.003 -14"><span class='ocrx_word' id='word_1_776' title='bbox 2060 3811 2369 3866; x_wconf 81' lang='lat' dir='ltr'><strong>Matthaeum</strong></span> <span class='ocrx_word' id='word_1_777' title='bbox 2396 3811 2498 3865; x_wconf 89' lang='lat' dir='ltr'><strong>hoc</strong></span> <span class='ocrx_word' id='word_1_778' title='bbox 2521 3810 2696 3880; x_wconf 90' lang='lat' dir='ltr'><strong>potius</strong></span> <span class='ocrx_word' id='word_1_779' title='bbox 2725 3810 2905 3864; x_wconf 87' lang='lat' dir='ltr'><strong>dicere</strong></span> <span class='ocrx_word' id='word_1_780' title='bbox 2946 3809 3207 3874; x_wconf 77' lang='lat' dir='ltr'><strong>voluisse,</strong></span> <span class='ocrx_word' id='word_1_781' title='bbox 3242 3818 3483 3878; x_wconf 86' lang='lat' dir='ltr'><strong>rogatum</strong></span> <span class='ocrx_word' id='word_1_782' title='bbox 3532 3821 3652 3863; x_wconf 89' lang='lat' dir='ltr'><strong>esse</strong></span> 
     </span>
    </p>
   </div>
   <div class='ocr_carea' id='block_1_99' title="bbox 2060 3900 3651 3972">
    <p class='ocr_par' dir='ltr' id='par_1_99' title="bbox 2060 3900 3651 3972">
     <span class='ocr_line' id='line_1_99' title="bbox 2060 3900 3651 3972; baseline -0.002 -14"><span class='ocrx_word' id='word_1_783' title='bbox 2060 3903 2344 3958; x_wconf 91' lang='lat' dir='ltr'><strong>Dominum</strong></span> <span class='ocrx_word' id='word_1_784' title='bbox 2385 3912 2439 3956; x_wconf 92' lang='lat' dir='ltr'><strong>ut</strong></span> <span class='ocrx_word' id='word_1_785' title='bbox 2488 3902 2685 3957; x_wconf 81' lang='lat' dir='ltr'><strong>faceret</strong></span> <span class='ocrx_word' id='word_1_786' title='bbox 2724 3903 2864 3972; x_wconf 89' lang='lat' dir='ltr'><strong>quod</strong></span> <span class='ocrx_word' id='word_1_787' title='bbox 2899 3916 3021 3956; x_wconf 90' lang='lat' dir='ltr'><strong>eum</strong></span> <span class='ocrx_word' id='word_1_788' title='bbox 3068 3900 3259 3957; x_wconf 83' lang='lat' dir='ltr'><strong>fecisse</strong></span> <span class='ocrx_word' id='word_1_789' title='bbox 3311 3900 3651 3956; x_wconf 82' lang='lat' dir='ltr'><strong>manifestum</strong></span> 
     </span>
    </p>
   </div>
   <div class='ocr_carea' id='block_1_100' title="bbox 2059 3992 3648 4058">
    <p class='ocr_par' dir='ltr' id='par_1_100' title="bbox 2059 3992 3648 4058">
     <span class='ocr_line' id='line_1_100' title="bbox 2059 3992 3648 4058; baseline -0.003 -9"><span class='ocrx_word' id='word_1_790' title='bbox 2059 4002 2165 4058; x_wconf 86' lang='lat' dir='ltr'><strong>est,</strong></span> <span class='ocrx_word' id='word_1_791' title='bbox 2211 4002 2269 4047; x_wconf 86' lang='lat' dir='ltr'><strong>ut</strong></span> <span class='ocrx_word' id='word_1_792' title='bbox 2317 3994 2521 4048; x_wconf 89' lang='lat' dir='ltr'><strong>scilicet</strong></span> <span class='ocrx_word' id='word_1_793' title='bbox 2560 4002 2825 4048; x_wconf 90' lang='lat' dir='ltr'><strong>mortuam</strong></span> <span class='ocrx_word' id='word_1_794' title='bbox 2871 3992 3153 4047; x_wconf 88' lang='lat' dir='ltr'><strong>suscitaret</strong></span> <span class='ocrx_word' id='word_1_795' title='bbox 3187 4010 3200 4045; x_wconf 90' lang='lat'><strong>:</strong></span> <span class='ocrx_word' id='word_1_796' title='bbox 3238 3992 3461 4047; x_wconf 86' lang='lat' dir='ltr'><strong>attendit</strong></span> <span class='ocrx_word' id='word_1_797' title='bbox 3502 3992 3648 4047; x_wconf 90' lang='lat' dir='ltr'><strong>enim</strong></span> 
     </span>
    </p>
   </div>
   <div class='ocr_carea' id='block_1_101' title="bbox 2059 4083 3650 4157">
    <p class='ocr_par' dir='ltr' id='par_1_101' title="bbox 2059 4083 3650 4157">
     <span class='ocr_line' id='line_1_101' title="bbox 2059 4083 3650 4157; baseline -0.002 -15"><span class='ocrx_word' id='word_1_798' title='bbox 2059 4102 2166 4142; x_wconf 89' lang='lat' dir='ltr'><strong>non</strong></span> <span class='ocrx_word' id='word_1_799' title='bbox 2194 4087 2359 4142; x_wconf 88' lang='lat' dir='ltr'><strong>verba</strong></span> <span class='ocrx_word' id='word_1_800' title='bbox 2385 4086 2549 4156; x_wconf 88' lang='lat' dir='ltr'><strong>patris</strong></span> <span class='ocrx_word' id='word_1_801' title='bbox 2589 4086 2657 4141; x_wconf 90' lang='lat' dir='ltr'><strong>de</strong></span> <span class='ocrx_word' id='word_1_802' title='bbox 2696 4085 2802 4140; x_wconf 90' lang='lat' dir='ltr'><strong>ﬁlia</strong></span> <span class='ocrx_word' id='word_1_803' title='bbox 2842 4100 2934 4142; x_wconf 89' lang='lat' dir='ltr'><strong>sua</strong></span> <span class='ocrx_word' id='word_1_804' title='bbox 2960 4128 2974 4153; x_wconf 92' lang='lat'><strong>,</strong></span> <span class='ocrx_word' id='word_1_805' title='bbox 3016 4084 3111 4140; x_wconf 89' lang='lat' dir='ltr'><strong>sed</strong></span> <span class='ocrx_word' id='word_1_806' title='bbox 3137 4086 3279 4157; x_wconf 89' lang='lat' dir='ltr'><strong>quod</strong></span> <span class='ocrx_word' id='word_1_807' title='bbox 3318 4095 3398 4141; x_wconf 90' lang='lat' dir='ltr'><strong>est</strong></span> <span class='ocrx_word' id='word_1_808' title='bbox 3437 4083 3650 4155; x_wconf 88' lang='lat' dir='ltr'><strong>potissi-</strong></span> 
     </span>
    </p>
   </div>
   <div class='ocr_carea' id='block_1_102' title="bbox 2057 4178 3648 4248">
    <p class='ocr_par' dir='ltr' id='par_1_102' title="bbox 2057 4178 3648 4248">
     <span class='ocr_line' id='line_1_102' title="bbox 2057 4178 3648 4248; baseline -0.002 -13"><span class='ocrx_word' id='word_1_809' title='bbox 2057 4196 2225 4247; x_wconf 84' lang='lat' dir='ltr'><strong>mum,</strong></span> <span class='ocrx_word' id='word_1_810' title='bbox 2254 4181 2614 4245; x_wconf 85' lang='lat' dir='ltr'><strong>voluntatem;</strong></span> <span class='ocrx_word' id='word_1_811' title='bbox 2645 4187 2700 4234; x_wconf 92' lang='lat' dir='ltr'><strong>et</strong></span> <span class='ocrx_word' id='word_1_812' title='bbox 2743 4179 2866 4233; x_wconf 89' lang='lat' dir='ltr'><strong>talia</strong></span> <span class='ocrx_word' id='word_1_813' title='bbox 2902 4178 3061 4233; x_wconf 88' lang='lat' dir='ltr'><strong>verba</strong></span> <span class='ocrx_word' id='word_1_814' title='bbox 3090 4180 3290 4248; x_wconf 89' lang='lat' dir='ltr'><strong>posuit,</strong></span> <span class='ocrx_word' id='word_1_815' title='bbox 3340 4178 3510 4248; x_wconf 86' lang='lat' dir='ltr'><strong>qualis</strong></span> <span class='ocrx_word' id='word_1_816' title='bbox 3549 4192 3648 4232; x_wconf 87' lang='lat' dir='ltr'><strong>vo-</strong></span> 
     </span>
    </p>
   </div>
   <div class='ocr_carea' id='block_1_103' title="bbox 2054 4268 3651 4340">
    <p class='ocr_par' dir='ltr' id='par_1_103' title="bbox 2054 4268 3651 4340">
     <span class='ocr_line' id='line_1_103' title="bbox 2054 4268 3651 4340; baseline -0.003 -13"><span class='ocrx_word' id='word_1_817' title='bbox 2054 4273 2231 4329; x_wconf 79' lang='lat' dir='ltr'><strong>luntas</strong></span> <span class='ocrx_word' id='word_1_818' title='bbox 2255 4281 2391 4328; x_wconf 90' lang='lat' dir='ltr'><strong>erat.</strong></span> <span class='ocrx_word' id='word_1_819' title='bbox 2420 4271 2495 4326; x_wconf 84' lang='lat' dir='ltr'><strong>Ita</strong></span> <span class='ocrx_word' id='word_1_820' title='bbox 2519 4272 2661 4326; x_wconf 90' lang='lat' dir='ltr'><strong>enim</strong></span> <span class='ocrx_word' id='word_1_821' title='bbox 2686 4270 3083 4340; x_wconf 86' lang='lat' dir='ltr'><strong>desperaverat,</strong></span> <span class='ocrx_word' id='word_1_822' title='bbox 3115 4280 3169 4324; x_wconf 91' lang='lat' dir='ltr'><strong>ut</strong></span> <span class='ocrx_word' id='word_1_823' title='bbox 3190 4269 3363 4340; x_wconf 81' lang='lat' dir='ltr'><strong>potius</strong></span> <span class='ocrx_word' id='word_1_824' title='bbox 3390 4285 3507 4323; x_wconf 87' lang='lat' dir='ltr'><strong>eam</strong></span> <span class='ocrx_word' id='word_1_825' title='bbox 3537 4268 3651 4323; x_wconf 89' lang='lat' dir='ltr'><strong>vel-</strong></span> 
     </span>
    </p>
   </div>
   <div class='ocr_carea' id='block_1_104' title="bbox 2054 4359 3640 4430">
    <p class='ocr_par' dir='ltr' id='par_1_104' title="bbox 2054 4359 3640 4430">
     <span class='ocr_line' id='line_1_104' title="bbox 2054 4359 3640 4430; baseline -0.004 -10"><span class='ocrx_word' id='word_1_826' title='bbox 2054 4366 2129 4420; x_wconf 88' lang='lat' dir='ltr'><strong>let</strong></span> <span class='ocrx_word' id='word_1_827' title='bbox 2168 4364 2519 4429; x_wconf 88' lang='lat' dir='ltr'><strong>reviviscere,</strong></span> <span class='ocrx_word' id='word_1_828' title='bbox 2562 4378 2667 4417; x_wconf 92' lang='lat' dir='ltr'><strong>non</strong></span> <span class='ocrx_word' id='word_1_829' title='bbox 2706 4362 2933 4417; x_wconf 90' lang='lat' dir='ltr'><strong>credens</strong></span> <span class='ocrx_word' id='word_1_830' title='bbox 2975 4362 3150 4415; x_wconf 89' lang='lat' dir='ltr'><strong>vivam</strong></span> <span class='ocrx_word' id='word_1_831' title='bbox 3178 4376 3334 4430; x_wconf 89' lang='lat' dir='ltr'><strong>posse</strong></span> <span class='ocrx_word' id='word_1_832' title='bbox 3380 4359 3640 4429; x_wconf 88' lang='lat' dir='ltr'><strong>inveniri,</strong></span> 
     </span>
    </p>
   </div>
   <div class='ocr_carea' id='block_1_105' title="bbox 2052 4452 3641 4526">
    <p class='ocr_par' dir='ltr' id='par_1_105' title="bbox 2052 4452 3641 4526">
     <span class='ocr_line' id='line_1_105' title="bbox 2052 4452 3641 4526; baseline -0.003 -16"><span class='ocrx_word' id='word_1_833' title='bbox 2052 4471 2212 4526; x_wconf 85' lang='lat' dir='ltr'><strong>quam</strong></span> <span class='ocrx_word' id='word_1_834' title='bbox 2250 4456 2565 4510; x_wconf 87' lang='lat' dir='ltr'><strong>morientem</strong></span> <span class='ocrx_word' id='word_1_835' title='bbox 2610 4453 2918 4522; x_wconf 90' lang='lat' dir='ltr'><strong>reliquerat.</strong></span> <span class='ocrx_word' id='word_1_836' title='bbox 2965 4452 3080 4506; x_wconf 92' lang='lat' dir='ltr'><strong>Duo</strong></span> <span class='ocrx_word' id='word_1_837' title='bbox 3122 4452 3301 4522; x_wconf 87' lang='lat' dir='ltr'><strong>itaque</strong></span> <span class='ocrx_word' id='word_1_838' title='bbox 3348 4460 3641 4520; x_wconf 88' lang='lat' dir='ltr'><strong>posuerunt</strong></span> 
     </span>
    </p>
   </div>
   <div class='ocr_carea' id='block_1_106' title="bbox 2052 4541 3648 4616">
    <p class='ocr_par' dir='ltr' id='par_1_106' title="bbox 2052 4541 3648 4616">
     <span class='ocr_line' id='line_1_106' title="bbox 2052 4541 3648 4616; baseline 0 -18"><span class='ocrx_word' id='word_1_839' title='bbox 2052 4546 2178 4616; x_wconf 88' lang='lat' dir='ltr'><strong>quid</strong></span> <span class='ocrx_word' id='word_1_840' title='bbox 2218 4545 2411 4599; x_wconf 84' lang='lat' dir='ltr'><strong>dixerit</strong></span> <span class='ocrx_word' id='word_1_841' title='bbox 2438 4544 2648 4600; x_wconf 84' lang='lat' dir='ltr'><strong>Jairus:</strong></span> <span class='ocrx_word' id='word_1_842' title='bbox 2679 4542 2959 4597; x_wconf 79' lang='lat' dir='ltr'><strong>Matthqu</strong></span> <span class='ocrx_word' id='word_1_843' title='bbox 3006 4551 3205 4609; x_wconf 90' lang='lat' dir='ltr'><strong>autem,</strong></span> <span class='ocrx_word' id='word_1_844' title='bbox 3249 4541 3374 4612; x_wconf 89' lang='lat' dir='ltr'><strong>quid</strong></span> <span class='ocrx_word' id='word_1_845' title='bbox 3419 4543 3648 4598; x_wconf 87' lang='lat' dir='ltr'><strong>voluerit</strong></span> 
     </span>
    </p>
   </div>
   <div class='ocr_carea' id='block_1_107' title="bbox 2049 4634 3643 4706">
    <p class='ocr_par' dir='ltr' id='par_1_107' title="bbox 2049 4634 3643 4706">
     <span class='ocr_line' id='line_1_107' title="bbox 2049 4634 3643 4706; baseline 0 -16"><span class='ocrx_word' id='word_1_846' title='bbox 2049 4645 2209 4706; x_wconf 89' lang='lat' dir='ltr'><strong>atque</strong></span> <span class='ocrx_word' id='word_1_847' title='bbox 2249 4636 2579 4706; x_wconf 82' lang='lat' dir='ltr'><strong>cogitaverit.</strong></span> <span class='ocrx_word' id='word_1_848' title='bbox 2609 4634 2904 4704; x_wconf 88' lang='lat' dir='ltr'><strong>Utrumque</strong></span> <span class='ocrx_word' id='word_1_849' title='bbox 2948 4648 3074 4705; x_wconf 88' lang='lat' dir='ltr'><strong>ergo</strong></span> <span class='ocrx_word' id='word_1_850' title='bbox 3109 4634 3335 4705; x_wconf 90' lang='lat' dir='ltr'><strong>.petitum</strong></span> <span class='ocrx_word' id='word_1_851' title='bbox 3365 4643 3447 4689; x_wconf 88' lang='lat' dir='ltr'><strong>est</strong></span> <span class='ocrx_word' id='word_1_852' title='bbox 3472 4649 3501 4689; x_wconf 90' lang='lat' dir='ltr'><strong>a</strong></span> <span class='ocrx_word' id='word_1_853' title='bbox 3534 4634 3643 4690; x_wconf 82' lang='lat' dir='ltr'><strong>Do-</strong></span> 
     </span>
    </p>
   </div>
   <div class='ocr_carea' id='block_1_108' title="bbox 2048 4725 3642 4793">
    <p class='ocr_par' dir='ltr' id='par_1_108' title="bbox 2048 4725 3642 4793">
     <span class='ocr_line' id='line_1_108' title="bbox 2048 4725 3642 4793; baseline 0.001 -13"><span class='ocrx_word' id='word_1_854' title='bbox 2048 4728 2215 4793; x_wconf 88' lang='lat' dir='ltr'><strong>mino,</strong></span> <span class='ocrx_word' id='word_1_855' title='bbox 2248 4736 2307 4781; x_wconf 90' lang='lat' dir='ltr'><strong>ut</strong></span> <span class='ocrx_word' id='word_1_856' title='bbox 2332 4727 2411 4782; x_wconf 85' lang='lat' dir='ltr'><strong>vel</strong></span> <span class='ocrx_word' id='word_1_857' title='bbox 2447 4726 2761 4781; x_wconf 88' lang='lat' dir='ltr'><strong>morientem</strong></span> <span class='ocrx_word' id='word_1_858' title='bbox 2787 4726 2987 4780; x_wconf 88' lang='lat' dir='ltr'><strong>salvam</strong></span> <span class='ocrx_word' id='word_1_859' title='bbox 3013 4725 3230 4793; x_wconf 80' lang='lat' dir='ltr'><strong>faceret,</strong></span> <span class='ocrx_word' id='word_1_860' title='bbox 3260 4726 3341 4781; x_wconf 85' lang='lat' dir='ltr'><strong>vel</strong></span> <span class='ocrx_word' id='word_1_861' title='bbox 3376 4734 3642 4781; x_wconf 88' lang='lat' dir='ltr'><strong>mortuam</strong></span> 
     </span>
    </p>
   </div>
   <div class='ocr_carea' id='block_1_109' title="bbox 2048 4818 3643 4875">
    <p class='ocr_par' dir='ltr' id='par_1_109' title="bbox 2048 4818 3643 4875">
     <span class='ocr_line' id='line_1_109' title="bbox 2048 4818 3643 4875; baseline 0 0"><span class='ocrx_word' id='word_1_862' title='bbox 2048 4821 2326 4875; x_wconf 87' lang='lat' dir='ltr'><strong>suscitaret</strong></span> <span class='ocrx_word' id='word_1_863' title='bbox 2357 4838 2369 4874; x_wconf 91' lang='lat'><strong>:</strong></span> <span class='ocrx_word' id='word_1_864' title='bbox 2400 4819 2497 4875; x_wconf 91' lang='lat' dir='ltr'><strong>sed</strong></span> <span class='ocrx_word' id='word_1_865' title='bbox 2519 4834 2642 4875; x_wconf 89' lang='lat' dir='ltr'><strong>cum</strong></span> <span class='ocrx_word' id='word_1_866' title='bbox 2682 4818 2994 4873; x_wconf 88' lang='lat' dir='ltr'><strong>instituisset</strong></span> <span class='ocrx_word' id='word_1_867' title='bbox 3022 4818 3299 4875; x_wconf 80' lang='lat' dir='ltr'><strong>Matthaeus</strong></span> <span class='ocrx_word' id='word_1_868' title='bbox 3331 4828 3495 4874; x_wconf 90' lang='lat' dir='ltr'><strong>totum</strong></span> <span class='ocrx_word' id='word_1_869' title='bbox 3520 4819 3643 4875; x_wconf 90' lang='lat' dir='ltr'><strong>bre-</strong></span> 
     </span>
    </p>
   </div>
   <div class='ocr_carea' id='block_1_110' title="bbox 2048 4911 3637 4981">
    <p class='ocr_par' dir='ltr' id='par_1_110' title="bbox 2048 4911 3637 4981">
     <span class='ocr_line' id='line_1_110' title="bbox 2048 4911 3637 4981; baseline 0.001 -16"><span class='ocrx_word' id='word_1_870' title='bbox 2048 4912 2183 4966; x_wconf 90' lang='lat' dir='ltr'><strong>viter</strong></span> <span class='ocrx_word' id='word_1_871' title='bbox 2209 4912 2409 4978; x_wconf 89' lang='lat' dir='ltr'><strong>dicere,</strong></span> <span class='ocrx_word' id='word_1_872' title='bbox 2442 4911 2543 4965; x_wconf 91' lang='lat' dir='ltr'><strong>hoc</strong></span> <span class='ocrx_word' id='word_1_873' title='bbox 2572 4911 2859 4965; x_wconf 88' lang='lat' dir='ltr'><strong>insinuavit</strong></span> <span class='ocrx_word' id='word_1_874' title='bbox 2883 4921 3089 4981; x_wconf 89' lang='lat' dir='ltr'><strong>patrem</strong></span> <span class='ocrx_word' id='word_1_875' title='bbox 3115 4920 3388 4981; x_wconf 83' lang='lat' dir='ltr'><strong>rogantem</strong></span> <span class='ocrx_word' id='word_1_876' title='bbox 3415 4911 3637 4980; x_wconf 86' lang='lat' dir='ltr'><strong>dixisse,</strong></span> 
     </span>
    </p>
   </div>
   <div class='ocr_carea' id='block_1_111' title="bbox 2046 5002 3637 5074">
    <p class='ocr_par' dir='ltr' id='par_1_111' title="bbox 2046 5002 3637 5074">
     <span class='ocr_line' id='line_1_111' title="bbox 2046 5002 3637 5074; baseline 0.001 -17"><span class='ocrx_word' id='word_1_877' title='bbox 2046 5003 2186 5074; x_wconf 93' lang='lat' dir='ltr'><strong>quod</strong></span> <span class='ocrx_word' id='word_1_878' title='bbox 2216 5013 2268 5059; x_wconf 90' lang='lat' dir='ltr'><strong>et</strong></span> <span class='ocrx_word' id='word_1_879' title='bbox 2292 5004 2464 5073; x_wconf 86' lang='lat' dir='ltr'><strong>ipsum</strong></span> <span class='ocrx_word' id='word_1_880' title='bbox 2491 5012 2695 5058; x_wconf 90' lang='lat' dir='ltr'><strong>certum</strong></span> <span class='ocrx_word' id='word_1_881' title='bbox 2722 5011 2807 5057; x_wconf 87' lang='lat' dir='ltr'><strong>est</strong></span> <span class='ocrx_word' id='word_1_882' title='bbox 2830 5003 3083 5070; x_wconf 88' lang='lat' dir='ltr'><strong>voluisse,</strong></span> <span class='ocrx_word' id='word_1_883' title='bbox 3110 5012 3165 5057; x_wconf 90' lang='lat' dir='ltr'><strong>et</strong></span> <span class='ocrx_word' id='word_1_884' title='bbox 3187 5002 3455 5058; x_wconf 83' lang='lat' dir='ltr'><strong>Christum</strong></span> <span class='ocrx_word' id='word_1_885' title='bbox 3477 5002 3637 5059; x_wconf 79' lang='lat' dir='ltr'><strong>fecis-</strong></span> 
     </span>
    </p>
   </div>
   <div class='ocr_carea' id='block_1_112' title="bbox 2042 5093 3635 5165">
    <p class='ocr_par' dir='ltr' id='par_1_112' title="bbox 2042 5093 3635 5165">
     <span class='ocr_line' id='line_1_112' title="bbox 2042 5093 3635 5165; baseline -0.001 -15"><span class='ocrx_word' id='word_1_886' title='bbox 2042 5109 2125 5150; x_wconf 88' lang='lat' dir='ltr'><strong>se.</strong></span> <span class='ocrx_word' id='word_1_887' title='bbox 2156 5096 2295 5150; x_wconf 86' lang='lat' dir='ltr'><strong>Sane</strong></span> <span class='ocrx_word' id='word_1_888' title='bbox 2319 5095 2362 5149; x_wconf 88' lang='lat' dir='ltr'><strong>si</strong></span> <span class='ocrx_word' id='word_1_889' title='bbox 2388 5094 2583 5148; x_wconf 91' lang='lat' dir='ltr'><strong>illiduo</strong></span> <span class='ocrx_word' id='word_1_890' title='bbox 2599 5094 2682 5148; x_wconf 89' lang='lat' dir='ltr'><strong>vel</strong></span> <span class='ocrx_word' id='word_1_891' title='bbox 2703 5093 2978 5165; x_wconf 88' lang='lat' dir='ltr'><strong>quisquam</strong></span> <span class='ocrx_word' id='word_1_892' title='bbox 3006 5109 3210 5158; x_wconf 91' lang='lat' dir='ltr'><strong>eorum,</strong></span> <span class='ocrx_word' id='word_1_893' title='bbox 3236 5105 3439 5164; x_wconf 87' lang='lat' dir='ltr'><strong>patrem</strong></span> <span class='ocrx_word' id='word_1_894' title='bbox 3461 5095 3635 5165; x_wconf 90' lang='lat' dir='ltr'><strong>ipsum</strong></span> 
     </span>
    </p>
   </div>
   <div class='ocr_carea' id='block_1_113' title="bbox 2042 5187 3636 5265">
    <p class='ocr_par' dir='ltr' id='par_1_113' title="bbox 2042 5187 3636 5265">
     <span class='ocr_line' id='line_1_113' title="bbox 2042 5187 3636 5265; baseline 0.001 -21"><span class='ocrx_word' id='word_1_895' title='bbox 2042 5197 2516 5244; x_wconf 87' lang='lat' dir='ltr'><strong>commemorasset</strong></span> <span class='ocrx_word' id='word_1_896' title='bbox 2551 5188 2794 5265; x_wconf 86' lang='lat' dir='ltr'><strong>dixisse,</strong></span> <span class='ocrx_word' id='word_1_897' title='bbox 2838 5187 2980 5258; x_wconf 88' lang='lat' dir='ltr'><strong>quod</strong></span> <span class='ocrx_word' id='word_1_898' title='bbox 3022 5189 3103 5243; x_wconf 90' lang='lat' dir='ltr'><strong>sui</strong></span> <span class='ocrx_word' id='word_1_899' title='bbox 3147 5188 3308 5243; x_wconf 90' lang='lat' dir='ltr'><strong>domo</strong></span> <span class='ocrx_word' id='word_1_900' title='bbox 3356 5188 3636 5246; x_wconf 82' lang='lat' dir='ltr'><strong>venientes</strong></span> 
     </span>
    </p>
   </div>
   <div class='ocr_carea' id='block_1_114' title="bbox 2041 5279 3635 5350">
    <p class='ocr_par' dir='ltr' id='par_1_114' title="bbox 2041 5279 3635 5350">
     <span class='ocr_line' id='line_1_114' title="bbox 2041 5279 3635 5350; baseline 0 -15"><span class='ocrx_word' id='word_1_901' title='bbox 2041 5280 2305 5347; x_wconf 82' lang='lat' dir='ltr'><strong>dixerant,</strong></span> <span class='ocrx_word' id='word_1_902' title='bbox 2336 5289 2396 5334; x_wconf 88' lang='lat' dir='ltr'><strong>ut</strong></span> <span class='ocrx_word' id='word_1_903' title='bbox 2409 5281 2518 5350; x_wconf 83' lang='lat' dir='ltr'><strong>jam</strong></span> <span class='ocrx_word' id='word_1_904' title='bbox 2542 5295 2646 5334; x_wconf 88' lang='lat' dir='ltr'><strong>non</strong></span> <span class='ocrx_word' id='word_1_905' title='bbox 2672 5288 3058 5336; x_wconf 83' lang='lat' dir='ltr'><strong>convexaretur</strong></span> <span class='ocrx_word' id='word_1_906' title='bbox 3085 5279 3259 5347; x_wconf 85' lang='lat' dir='ltr'><strong>Jesus,</strong></span> <span class='ocrx_word' id='word_1_907' title='bbox 3291 5280 3433 5350; x_wconf 90' lang='lat' dir='ltr'><strong>quod</strong></span> <span class='ocrx_word' id='word_1_908' title='bbox 3463 5280 3635 5345; x_wconf 90' lang='lat' dir='ltr'><strong>puella</strong></span> 
     </span>
    </p>
   </div>
   <div class='ocr_carea' id='block_1_115' title="bbox 2042 5370 3634 5444">
    <p class='ocr_par' dir='ltr' id='par_1_115' title="bbox 2042 5370 3634 5444">
     <span class='ocr_line' id='line_1_115' title="bbox 2042 5370 3634 5444; baseline 0.002 -18"><span class='ocrx_word' id='word_1_909' title='bbox 2042 5382 2247 5427; x_wconf 88' lang='lat' dir='ltr'><strong>mortua</strong></span> <span class='ocrx_word' id='word_1_910' title='bbox 2270 5371 2475 5437; x_wconf 86' lang='lat' dir='ltr'><strong>fuisset,</strong></span> <span class='ocrx_word' id='word_1_911' title='bbox 2498 5379 2852 5442; x_wconf 81' lang='lat' dir='ltr'><strong>repugnarent</strong></span> <span class='ocrx_word' id='word_1_912' title='bbox 2872 5370 2987 5441; x_wconf 86' lang='lat' dir='ltr'><strong>ejus</strong></span> <span class='ocrx_word' id='word_1_913' title='bbox 3006 5371 3312 5442; x_wconf 84' lang='lat' dir='ltr'><strong>cogitationi</strong></span> <span class='ocrx_word' id='word_1_914' title='bbox 3337 5373 3497 5428; x_wconf 89' lang='lat' dir='ltr'><strong>verba</strong></span> <span class='ocrx_word' id='word_1_915' title='bbox 3515 5388 3634 5444; x_wconf 71' lang='lat' dir='ltr'><strong>qua:</strong></span> 
     </span>
    </p>
   </div>
   <div class='ocr_carea' id='block_1_116' title="bbox 2042 5466 3633 5537">
    <p class='ocr_par' dir='ltr' id='par_1_116' title="bbox 2042 5466 3633 5537">
     <span class='ocr_line' id='line_1_116' title="bbox 2042 5466 3633 5537; baseline 0.002 -17"><span class='ocrx_word' id='word_1_916' title='bbox 2042 5468 2218 5537; x_wconf 88' lang='lat' dir='ltr'><strong>posuit</strong></span> <span class='ocrx_word' id='word_1_917' title='bbox 2246 5466 2524 5521; x_wconf 81' lang='lat' dir='ltr'><strong>Matthaeus</strong></span> <span class='ocrx_word' id='word_1_918' title='bbox 2555 5485 2569 5521; x_wconf 90' lang='lat'><strong>:</strong></span> <span class='ocrx_word' id='word_1_919' title='bbox 2602 5482 2745 5522; x_wconf 90' lang='lat' dir='ltr'><strong>nunc</strong></span> <span class='ocrx_word' id='word_1_920' title='bbox 2771 5482 2899 5521; x_wconf 90' lang='lat' dir='ltr'><strong>vero</strong></span> <span class='ocrx_word' id='word_1_921' title='bbox 2942 5473 2999 5523; x_wconf 90' lang='lat' dir='ltr'><strong>et</strong></span> <span class='ocrx_word' id='word_1_922' title='bbox 3024 5467 3156 5523; x_wconf 91' lang='lat' dir='ltr'><strong>illud</strong></span> <span class='ocrx_word' id='word_1_923' title='bbox 3197 5468 3306 5522; x_wconf 89' lang='lat' dir='ltr'><strong>suis</strong></span> <span class='ocrx_word' id='word_1_924' title='bbox 3343 5468 3633 5523; x_wconf 51' lang='lat' dir='ltr'><strong>nuntianti.</strong></span> 
     </span>
    </p>
   </div>
   <div class='ocr_carea' id='block_1_117' title="bbox 2044 5560 3629 5639">
    <p class='ocr_par' dir='ltr' id='par_1_117' title="bbox 2044 5560 3629 5639">
     <span class='ocr_line' id='line_1_117' title="bbox 2044 5560 3629 5639; baseline 0.001 -22"><span class='ocrx_word' id='word_1_925' title='bbox 2044 5562 2175 5627; x_wconf 89' lang='lat' dir='ltr'><strong>bus,</strong></span> <span class='ocrx_word' id='word_1_926' title='bbox 2208 5570 2261 5617; x_wconf 89' lang='lat' dir='ltr'><strong>et</strong></span> <span class='ocrx_word' id='word_1_927' title='bbox 2284 5560 2692 5639; x_wconf 72' lang='lat' dir='ltr'><strong>prohibentibus</strong></span> <span class='ocrx_word' id='word_1_928' title='bbox 2720 5575 2789 5618; x_wconf 90' lang='lat' dir='ltr'><strong>ne</strong></span> <span class='ocrx_word' id='word_1_929' title='bbox 2814 5560 2925 5631; x_wconf 85' lang='lat' dir='ltr'><strong>jam</strong></span> <span class='ocrx_word' id='word_1_930' title='bbox 2954 5562 3207 5632; x_wconf 85' lang='lat' dir='ltr'><strong>magister</strong></span> <span class='ocrx_word' id='word_1_931' title='bbox 3250 5562 3475 5628; x_wconf 89' lang='lat' dir='ltr'><strong>veniret,</strong></span> <span class='ocrx_word' id='word_1_932' title='bbox 3520 5577 3629 5618; x_wconf 89' lang='lat' dir='ltr'><strong>non</strong></span> 
     </span>
    </p>
   </div>
   <div class='ocr_carea' id='block_1_118' title="bbox 2039 5652 3629 5725">
    <p class='ocr_par' dir='ltr' id='par_1_118' title="bbox 2039 5652 3629 5725">
     <span class='ocr_line' id='line_1_118' title="bbox 2039 5652 3629 5725; baseline 0.002 -18"><span class='ocrx_word' id='word_1_933' title='bbox 2039 5653 2233 5724; x_wconf 86' lang='lat' dir='ltr'><strong>legitur</strong></span> <span class='ocrx_word' id='word_1_934' title='bbox 2251 5653 2393 5722; x_wconf 88' lang='lat' dir='ltr'><strong>quod</strong></span> <span class='ocrx_word' id='word_1_935' title='bbox 2416 5652 2506 5709; x_wconf 89' lang='lat' dir='ltr'><strong>ille</strong></span> <span class='ocrx_word' id='word_1_936' title='bbox 2528 5654 2878 5710; x_wconf 89' lang='lat' dir='ltr'><strong>consenserit.</strong></span> <span class='ocrx_word' id='word_1_937' title='bbox 2900 5654 2981 5711; x_wconf 85' lang='lat' dir='ltr'><strong>Ac</strong></span> <span class='ocrx_word' id='word_1_938' title='bbox 3000 5669 3095 5725; x_wconf 82' lang='lat' dir='ltr'><strong>per</strong></span> <span class='ocrx_word' id='word_1_939' title='bbox 3118 5654 3221 5710; x_wconf 93' lang='lat' dir='ltr'><strong>hoc</strong></span> <span class='ocrx_word' id='word_1_940' title='bbox 3243 5664 3297 5710; x_wconf 91' lang='lat' dir='ltr'><strong>et</strong></span> <span class='ocrx_word' id='word_1_941' title='bbox 3326 5652 3453 5709; x_wconf 86' lang='lat' dir='ltr'><strong>illud</strong></span> <span class='ocrx_word' id='word_1_942' title='bbox 3482 5655 3629 5725; x_wconf 92' lang='lat' dir='ltr'><strong>quod</strong></span> 
     </span>
    </p>
   </div>
   <div class='ocr_carea' id='block_1_119' title="bbox 2040 5745 3626 5817">
    <p class='ocr_par' dir='ltr' id='par_1_119' title="bbox 2040 5745 3626 5817">
     <span class='ocr_line' id='line_1_119' title="bbox 2040 5745 3626 5817; baseline 0 -16"><span class='ocrx_word' id='word_1_943' title='bbox 2040 5746 2090 5801; x_wconf 89' lang='lat' dir='ltr'><strong>ei</strong></span> <span class='ocrx_word' id='word_1_944' title='bbox 2120 5745 2376 5800; x_wconf 89' lang='lat' dir='ltr'><strong>Dominus</strong></span> <span class='ocrx_word' id='word_1_945' title='bbox 2391 5745 2485 5812; x_wconf 91' lang='lat' dir='ltr'><strong>ait,</strong></span> <span class='ocrx_word' id='word_1_946' title='bbox 2511 5745 2637 5801; x_wconf 84' lang='lat' dir='ltr'><strong>Noli</strong></span> <span class='ocrx_word' id='word_1_947' title='bbox 2663 5746 2855 5814; x_wconf 84' lang='lat' dir='ltr'><strong>timere,</strong></span> <span class='ocrx_word' id='word_1_948' title='bbox 2876 5746 3258 5812; x_wconf 87' lang='lat' dir='ltr'><strong>credetantum,</strong></span> <span class='ocrx_word' id='word_1_949' title='bbox 3285 5755 3331 5801; x_wconf 87' lang='lat' dir='ltr'><strong>et</strong></span> <span class='ocrx_word' id='word_1_950' title='bbox 3350 5746 3490 5800; x_wconf 84' lang='lat' dir='ltr'><strong>salva</strong></span> <span class='ocrx_word' id='word_1_951' title='bbox 3508 5747 3626 5817; x_wconf 84' lang='lat' dir='ltr'><strong>erit,</strong></span> 
     </span>
    </p>
   </div>
   <div class='ocr_carea' id='block_1_120' title="bbox 2028 5838 3628 5910">
    <p class='ocr_par' dir='ltr' id='par_1_120' title="bbox 2028 5838 3628 5910">
     <span class='ocr_line' id='line_1_120' title="bbox 2028 5838 3628 5910; baseline 0.001 -16"><span class='ocrx_word' id='word_1_952' title='bbox 2028 5852 2148 5895; x_wconf 82' lang='lat' dir='ltr'><strong>non</strong></span> <span class='ocrx_word' id='word_1_953' title='bbox 2176 5838 2501 5895; x_wconf 80' lang='lat' dir='ltr'><strong>difﬁdentem</strong></span> <span class='ocrx_word' id='word_1_954' title='bbox 2525 5840 2887 5910; x_wconf 74' lang='lat' dir='ltr'><strong>reprehendit,</strong></span> <span class='ocrx_word' id='word_1_955' title='bbox 2915 5840 3011 5895; x_wconf 89' lang='lat' dir='ltr'><strong>sed</strong></span> <span class='ocrx_word' id='word_1_956' title='bbox 3030 5839 3336 5897; x_wconf 78' lang='lat' dir='ltr'><strong>credentem</strong></span> <span class='ocrx_word' id='word_1_957' title='bbox 3357 5840 3628 5897; x_wconf 88' lang='lat' dir='ltr'><strong>robustius</strong></span> 
     </span>
    </p>
   </div>
   <div class='ocr_carea' id='block_1_121' title="bbox 2038 5930 3628 6004">
    <p class='ocr_par' dir='ltr' id='par_1_121' title="bbox 2038 5930 3628 6004">
     <span class='ocr_line' id='line_1_121' title="bbox 2038 5930 3628 6004; baseline 0 -18"><span class='ocrx_word' id='word_1_958' title='bbox 2038 5931 2392 5988; x_wconf 85' lang='lat' dir='ltr'><strong>conﬁrmavit.</strong></span> <span class='ocrx_word' id='word_1_959' title='bbox 2426 5930 2572 5987; x_wconf 87' lang='lat' dir='ltr'><strong>Talis</strong></span> <span class='ocrx_word' id='word_1_960' title='bbox 2607 5932 2803 6004; x_wconf 89' lang='lat' dir='ltr'><strong>quippe</strong></span> <span class='ocrx_word' id='word_1_961' title='bbox 2831 5933 2885 5989; x_wconf 89' lang='lat' dir='ltr'><strong>in</strong></span> <span class='ocrx_word' id='word_1_962' title='bbox 2916 5931 3008 5988; x_wconf 90' lang='lat' dir='ltr'><strong>illo</strong></span> <span class='ocrx_word' id='word_1_963' title='bbox 3036 5931 3169 5989; x_wconf 89' lang='lat' dir='ltr'><strong>ﬁdes</strong></span> <span class='ocrx_word' id='word_1_964' title='bbox 3193 5941 3345 6003; x_wconf 87' lang='lat' dir='ltr'><strong>erat,</strong></span> <span class='ocrx_word' id='word_1_965' title='bbox 3376 5933 3546 6004; x_wconf 86' lang='lat' dir='ltr'><strong>qualis</strong></span> <span class='ocrx_word' id='word_1_966' title='bbox 3569 5939 3628 5989; x_wconf 90' lang='lat' dir='ltr'><strong>et</strong></span> 
     </span>
    </p>
   </div>
  </div>
