4082 6474
1834 379 1878 396 “
1917 375 2010 387 ..ω-κ
2033 378 2060 385 ,κ
2096 378 2148 386 qn

1243 454 1332 513 DE
1369 452 1724 512 CONSENSU
1765 449 2421 522 EVANGELISTARUM,
2461 450 2520 508 S.
2563 448 2932 510 AUGUSTINI

464 463 601 522 illi

466 580 523 636 in
555 579 644 634 illo
670 578 761 646 qui
791 578 898 646 ait,
938 575 1100 633 Credo
1124 616 1140 645 ,
1165 572 1419 638 Domine;
1444 571 1630 642 adjuva
1655 569 2054 624 incredulitatem

463 688 633 725 meam
661 669 853 740 (Marc.
882 685 956 733 Ix,
984 667 1099 738 25).

540 767 630 819 67.
671 765 800 830 Qua:
826 778 946 817 cum
986 762 1056 815 ita
1085 759 1192 814 sint
1225 773 1320 828 per
1359 754 1660 827 hujusmodi
1689 753 2052 824 Evangelista-

464 873 588 914 rum
613 857 902 911 locutiones
932 854 1126 917 varias,
1159 851 1253 906 sed
1285 865 1389 905 non
1416 849 1728 916 contrarias,
1757 862 1868 903 rem
1901 847 2055 918 plane

465 949 802 1002 utilissimam
847 945 1140 1009 discimus,
1189 953 1240 997 et
1289 941 1770 1013 pernecessariam;
1825 938 1953 993 nihil
1999 938 2054 992 in

465 1041 724 1109 cujusque
739 1037 913 1093 verbis
938 1051 1036 1092 nos
1053 1023 1248 1092 debere
1273 1034 1552 1105 inspicere,
1578 1033 1679 1089 nisi
1707 1033 2051 1100 voluntatem,

464 1133 548 1188 cui
582 1132 775 1186 debent
800 1129 960 1185 verba
986 1129 1222 1192 servire;
1262 1142 1362 1182 nec
1391 1125 1603 1182 mentiri
1629 1124 2056 1207 quemquamnsi

468 1225 589 1280 aliis
620 1224 799 1279 verbis
826 1223 1021 1278 dixerit
1047 1221 1172 1291 quid
1199 1221 1289 1276 ille
1313 1220 1558 1286 voluerit,
1591 1219 1740 1289 cujus
1764 1219 1924 1273 verba
1950 1234 2056 1272 non

463 1317 595 1370 dicit
624 1334 636 1368 :
668 1331 736 1370 ne
767 1315 948 1370 miseri
990 1327 1222 1383 aucupes
1262 1327 1489 1379 vocum,
1534 1309 1772 1381 apicibus
1805 1308 2058 1380 quodam-

464 1407 626 1463 modo
656 1407 948 1461 litterarum
968 1413 1154 1474 putent
1174 1404 1436 1474 ligandam
1458 1418 1576 1458 esse
1598 1401 1906 1467 veritatem;
1934 1416 2056 1456 cum

464 1503 646 1571 utique
684 1516 787 1554 non
839 1499 890 1552 in
935 1497 1111 1553 verbis
1151 1506 1372 1562 tantum,
1425 1495 1520 1551 sed
1561 1495 1719 1549 etiam
1759 1493 1811 1547 in
1850 1493 2058 1548 caeteris

466 1595 714 1649 omnibus
754 1592 921 1664 signis
961 1593 1298 1660 animorum,
1330 1605 1436 1646 non
1465 1589 1534 1643 sit
1571 1588 1672 1643 nisi
1710 1587 1822 1658 ipse
1847 1586 2059 1642 animus

463 1686 832 1756 inquirendus.

539 1781 625 1834 68.
667 1779 817 1848 Quod
841 1787 1017 1834 autem
1043 1777 1286 1833 nonnulli
1310 1775 1521 1832 codices
1543 1775 1740 1832 habent
1765 1774 2056 1830 secundum

463 1869 790 1934 Matthteum,
825 1868 946 1923 Non
985 1869 1118 1922 enim
1160 1879 1360 1922 mortua
1393 1876 1464 1921 est
1507 1867 1705 1931 mulier,
1738 1866 1824 1919 sed
1850 1866 2054 1932 dormit,

463 1977 584 2016 cum
608 1975 725 2014 eam
770 1959 973 2013 Marcus
1000 1968 1054 2014 et
1094 1959 1264 2014 Lucas
1291 1957 1569 2013 duodecim
1594 1973 1856 2012 annorum
1898 1956 2054 2025 puel-

463 2051 572 2106 lam
603 2051 768 2105 fuisse
799 2059 1090 2116 testentur;
1121 2051 1387 2120 intelligas
1415 2050 1628 2104 hebrmo
1651 2065 1798 2104 more
1826 2050 2058 2104 locutum

465 2157 586 2197 esse
623 2142 950 2197 Matthzcum.
982 2142 1112 2213 Nam
1141 2151 1196 2197 et
1221 2142 1339 2196 aliis
1381 2142 1771 2212 Scripturarum
1803 2141 1932 2196 locis
1957 2141 2062 2197 hoc

465 2234 754 2297 invenitur,
791 2250 893 2290 non
924 2250 1016 2290 eas
1043 2243 1247 2289 tantum
1275 2251 1391 2304 quae
1421 2236 1592 2289 virum
1626 2250 1795 2304 passa‘.
1830 2233 2058 2301 fuerant,

465 2326 562 2381 sed
584 2327 802 2380 omnino
829 2326 1050 2381 feminas
1070 2326 1228 2381 etiam
1249 2327 1472 2380 intactas
1491 2335 1650 2396 atque
1671 2328 1922 2396 integras,
1947 2342 2064 2380 mu-

465 2414 626 2470 lieres
651 2416 904 2485 appellari
931 2434 942 2469 :
977 2416 1112 2471 sicut
1140 2415 1206 2471 de
1231 2417 1342 2485 ipsa
1373 2416 1484 2470 Eva
1514 2417 1770 2486 scriptum
1794 2429 1894 2475 est.
1925 2415 2062 2470 For-

464 2507 618 2560 mavit
645 2523 756 2560 eam
798 2509 851 2560 in
879 2507 1137 2562 mulierem
1163 2506 1312 2578 (Gen.
1347 2524 1404 2573 ιι,
1432 2507 1522 2577 22)
1549 2525 1561 2572 ;
1585 2516 1640 2562 et
1671 2509 1797 2562 illud
1839 2510 1889 2562 in
1926 2508 2063 2564 libro

465 2596 842 2661 Numerorum,
878 2597 965 2653 ubi
987 2599 1242 2668 jubentur
1269 2599 1523 2653 custodiri
1555 2600 1803 2654 mulieres
1827 2616 1945 2670 qum
1972 2615 2065 2654 ne-

466 2693 704 2746 scierunt
744 2693 918 2747 cubile
966 2694 1208 2759 masculi,
1254 2692 1306 2746 id
1349 2701 1431 2746 est
1470 2692 1724 2762 virgines,
1763 2709 1830 2748 ne
1862 2693 2065 2747 interii-

464 2785 676 2838 ciantur
706 2784 892 2855 (Num.
927 2801 1078 2851 xxxx,
1113 2783 1200 2855 18)
1224 2803 1235 2838 :
1257 2800 1358 2854 qua
1389 2785 1655 2839 locutione
1682 2786 1842 2840 etiam
1869 2785 2064 2840 Paulus

464 2876 640 2945 ipsum
671 2877 940 2930 Christum
988 2876 1063 2930 ait
1091 2881 1283 2947 factum
1313 2893 1376 2930 ea:
1404 2877 1612 2932 muliere
1651 2875 1844 2948 (Galat.
1875 2893 1956 2946 tv,
1982 2879 2060 2950 4).

467 2968 584 3022 lloc
611 2969 751 3021 enim
782 2969 972 3022 melius
1004 2967 1348 3037 intelligimus
1367 3008 1381 3031 ,
1411 2983 1568 3038 quam
1597 2977 1653 3022 ut
1681 2970 1823 3023 illam
1854 2969 2062 3024 duode-
2093 2999 2114 3013 ο

467 3059 572 3113 cim
603 3075 860 3112 annorum
879 3059 988 3128 jam
1017 3067 1258 3129 nuptam,
1293 3059 1378 3114 vel
1404 3061 1576 3115 virutn
1603 3069 1873 3130 expertam
1901 3060 2064 3118 fuisse

467 3149 771 3203 credamus.

468 3239 694 3295 CAPUT
721 3239 912 3294 XXIX.
936 3270 1008 3279 —
1026 3239 1106 3294 De
1144 3240 1337 3295 duobus
1379 3242 1523 3297 ccecis
1549 3252 1596 3297 et
1624 3253 1762 3298 muto
1788 3244 2058 3312 dwmonio,

901 3347 1015 3401 qua!
1031 3333 1168 3386 solus
1196 3331 1474 3387 Matt/tiens
1499 3334 1638 3387 dicit.

537 3422 624 3478 69.
652 3423 908 3494 Sequitur
936 3424 1237 3490 Matthtcus,
1263 3433 1316 3479 et
1339 3425 1466 3480 dicit
1494 3443 1506 3478 :
1539 3425 1606 3479 Et
1629 3435 1920 3483 transeunte
1944 3431 2062 3486 inde

467 3515 614 3582 Jesu,
641 3517 796 3569 secuti
822 3525 939 3568 sunt
967 3533 1079 3568 eum
1108 3516 1211 3569 duo
1251 3517 1369 3570 ι’ωεὶ
1392 3518 1700 3584 clamantes,
1726 3528 1770 3572 et
1794 3519 2011 3574 dicentes
2042 3537 2061 3575 :

465 3605 708 3661 Miserere
735 3607 912 3672 nostri,
959 3607 1034 3675 ﬁli
1063 3606 1248 3672 David,
1294 3616 1348 3661 et
1385 3616 1595 3672 caetera,
1632 3624 1797 3678 usque
1825 3610 1890 3665 ad
1931 3610 2060 3665 illud

465 3699 557 3754 ubi
595 3701 706 3766 ait,
751 3699 1007 3754 Pltaristci
1043 3711 1210 3754 autem
1237 3699 1586 3755 dicebant:ln
1611 3702 1838 3772 principe
1871 3703 2061 3758 dieme-

463 3791 665 3844 niorum
691 3791 824 3860 ejicit
867 3791 1120 3845 dwmones
1158 3789 1390 3861 (Matth.
1442 3807 1521 3858 Ix,
1568 3791 1786 3863 27-54).
1845 3793 1957 3848 Hoc
1990 3795 2059 3850 de

466 3881 678 3936 duobus
709 3882 866 3936 caecis
887 3891 942 3936 et
965 3881 1033 3936 de
1080 3890 1228 3937 muto
1277 3881 1541 3936 dtemonio
1560 3923 1576 3949 ,
1606 3883 1750 3938 solus
1779 3883 2059 3941 Matthteus

463 3973 634 4042 ponit.
665 3972 744 4026 Illi
793 3973 936 4027 enim
962 3971 1066 4026 duo
1103 3974 1249 4038 caeci,
1279 3972 1347 4027 de
1385 3973 1575 4041 quibus
1617 3982 1673 4028 et
1714 3975 1802 4028 alii
1840 3984 2060 4030 narrant

465 4060 656 4132 (Marc.
680 4078 735 4128 x,
770 4061 961 4129 46—52,
990 4069 1044 4116 et
1065 4061 1191 4115 Luc.
1215 4078 1366 4130 xvnt,
1395 4063 1614 4133 55-43),
1644 4080 1752 4118 non
1774 4075 1898 4120 sunt
1933 4067 2056 4134 isti,

431 4225 436 4230 .
461 4155 561 4211 sed
594 4164 771 4210 tamen
802 4154 976 4210 simile
1003 4154 1200 4209 factum
1231 4164 1351 4210 est:
1383 4155 1453 4211 ita
1480 4165 1538 4209 ut
1565 4156 1611 4209 si
1642 4157 1756 4226 ipse
1776 4157 2058 4214 Matthqu

462 4263 570 4302 non
583 4248 749 4302 etiam
778 4247 918 4302 illius
949 4246 1070 4302 lacti
1102 4245 1436 4302 meminisset
1473 4245 1685 4318 (Matth.
1709 4263 1800 4312 xx,
1831 4248 2054 4321 29-54),

462 4348 648 4409 posset
687 4339 860 4410 putari
894 4339 995 4393 hoc
1043 4337 1185 4408 quod
1236 4351 1378 4392 nunc
1407 4348 1610 4403 narrat,
1658 4338 1860 4394 dictum
1890 4339 2058 4397 fuisse

462 4436 627 4491 etiam
658 4435 726 4488 ab
767 4430 885 4488 aliis
913 4433 1140 4490 duobus.
1189 4433 1342 4500 Quod
1377 4432 1754 4489 commendare
1784 4435 2057 4490 memoriae

463 4525 750 4596 diligenter
779 4525 1056 4592 debemus,
1088 4539 1208 4580 esse
1228 4523 1472 4595 quaedam
1491 4523 1629 4579 facta
1657 4524 1889 4591 similia;
1913 4524 2057 4595 quod
2133 4567 2136 4572 .

463 4619 742 4689 probatur,
765 4633 886 4673 cum
914 4617 1055 4673 idem
1087 4618 1203 4688 ipse
1231 4618 1552 4688 evangelista
1585 4627 1872 4688 utrumque
1901 4632 2056 4673 com-

457 4719 768 4766 memorat:
800 4718 857 4763 ut
899 4711 942 4765 si
973 4709 1187 4780 quando
1233 4710 1357 4763 talia
1401 4710 1608 4780 singula
1647 4708 1787 4779 apud
1816 4709 2056 4780 singulos

464 4801 852 4867 invenerimus,
880 4809 1040 4870 atque
1062 4801 1113 4854 in
1141 4800 1218 4854 eis
1243 4799 1594 4866 contrarium,
1625 4799 1770 4869 quod
1787 4800 1922 4854 solvi
1945 4817 2055 4856 non

464 4901 666 4973 possit,
685 4907 929 4953 occurrat
955 4895 1107 4951 nobis
1139 4910 1243 4949 non
1268 4893 1370 4949 hoc
1397 4909 1516 4950 esse
1541 4893 1756 4957 factum,
1786 4893 1880 4948 sed
1911 4893 2055 4948 aliud

467 4991 667 5056 simile,
697 4991 781 5044 vel
809 4989 1055 5043 similiter
1085 4986 1303 5041 factum.

464 5084 696 5140 CAPUT
749 5081 1011 5138 XXX.——
1055 5079 1153 5135 Ubi
1202 5077 1461 5132 turbarum
1507 5077 1740 5130 misertus
1783 5076 1918 5130 misit
1977 5077 2057 5130 di-

539 5175 759 5246 scipulos
800 5190 951 5238 suos,
984 5173 1111 5225 dans
1138 5171 1208 5224 eis
1258 5177 1576 5240 postestatem
1605 5167 1876 5221 sanitatum
1919 5182 2054 5236 prte-

537 5267 874 5330 standarum,
904 5273 949 5318 et
984 5264 1054 5317 eis
1084 5261 1242 5315 multa
1285 5259 1560 5324 mandauit,
1603 5258 1844 5312 ordinans
1886 5275 2057 5328 quent-

537 5361 812 5418 admodum
827 5358 1042 5412 viverent
1065 5371 1083 5410 :
1101 5354 1182 5410 ubi
1202 5353 1527 5425 qutcrendum
1551 5361 1622 5405 est
1650 5351 1899 5422 quomodo
1914 5349 2054 5404 Mat-

540 5456 704 5510 thazus
745 5450 923 5505 Marco
964 5459 1008 5503 et
1055 5445 1210 5501 Luca:
1251 5453 1496 5516 congruat
1545 5443 1763 5497 maxime
1816 5443 1878 5496 de
1915 5443 2056 5514 uirga

538 5562 691 5618 quam
718 5540 996 5597 secundum
1025 5537 1328 5592 Mattlueum
1347 5535 1467 5588 dicit
1496 5550 1596 5587 non
1634 5531 1930 5603 ferendam,
1963 5548 2048 5586 se-

540 5637 762 5694 cundum
792 5633 1027 5689 Marcum
1052 5639 1218 5684 autem
1252 5628 1413 5683 solam
1443 5626 1739 5697 ferendam;
1765 5635 1811 5678 et
1853 5624 1915 5677 de
1957 5623 2051 5676 lia-

539 5727 645 5782 bitu
671 5726 1125 5780 calceamentorum
1153 5728 1300 5789 atque
1324 5718 1552 5772 vestium.

541 5818 630 5872 70.
661 5817 800 5873 Sane
827 5815 1078 5883 deinceps
1103 5825 1210 5866 non
1259 5819 1478 5880 apparet
1503 5808 1638 5862 ordo
1663 5823 1841 5862 rerum
1871 5813 2050 5876 gesta-

467 5927 611 5970 rum.
645 5907 777 5964 Nam
801 5916 924 5978 post
953 5907 1068 5962 haec
1083 5904 1189 5960 duo
1209 5904 1367 5981 facta,
1400 5902 1465 5958 de
1492 5901 1647 5958 caecis
1685 5909 1738 5955 et
1763 5907 1907 5954 muto
1934 5899 2046 5954 da:-

3608 449 3752 513 illi

2161 573 2375 635 monio,
2424 570 2495 624 ita
2546 571 2828 640 sequitur:
2861 567 2926 622 Et
2971 569 3265 625 circumibat
3314 568 3465 626 Iesus
3510 569 3730 626 civitates

2162 677 2332 714 omnes
2361 670 2407 714 et
2433 661 2662 726 castella,
2703 662 2885 716 docens
2917 662 2967 714 in
2999 662 3267 733 synagogis
3309 679 3501 728 eorum,
3526 672 3573 716 et
3602 680 3709 734 prie

2161 753 2336 807 dicans
2365 770 2571 823 regnum
2595 753 2888 824 Evangelii,
2922 763 2966 806 et
2995 771 3176 806 curans
3205 770 3401 808 omnem
3421 755 3730 826 languorem,

2161 858 2208 902 et
2230 865 2426 903 omnem
2451 849 2812 918 inﬁrmitatem.
2851 847 3030 902 Videas
3059 857 3225 902 autem
3267 848 3464 914 turbas,
3506 849 3738 903 misertus

2161 951 2233 996 est
2258 943 2363 1007 eis;
2391 943 2510 1012 quia
2539 953 2681 996 erant
2707 942 2890 1008 vexati,
2944 952 2989 997 et
3020 943 3264 1014 jacentes,
3305 943 3434 998 sicut
3480 960 3594 998 oves
3632 961 3735 998 non

2163 1033 2397 1090 habentes
2425 1045 2697 1107 pastorem.
2737 1033 2880 1089 Tunc
2923 1035 3041 1088 dicit
3069 1035 3335 1106 discipulis
3375 1037 3479 1090 suis
3511 1052 3529 1090 :
3558 1036 3734 1096 Messi:

2161 1126 2362 1198 quidem
2391 1121 2554 1181 multa
2573 1169 2587 1194 ,
2628 1127 2847 1197 operarii
2875 1135 3040 1180 autem
3069 1128 3216 1196 pauci
3245 1137 3455 1198 :rogate
3483 1143 3601 1198 ergo
3631 1127 3740 1182 Do-

2162 1219 2355 1273 minum
2378 1221 2550 1275 messis
2569 1263 2584 1288 ,
2629 1229 2681 1273 ut
2705 1221 2875 1290 ejiciat
2903 1220 2918 1250 ¹
2945 1219 3202 1290 aperarios
3242 1219 3295 1274 in
3339 1235 3550 1275 messem
3573 1237 3742 1277 suam.

2162 1309 2232 1364 Et
2259 1312 2542 1366 convocatis
2571 1311 2833 1367 duodecim
2877 1310 3138 1382 discipulis
3177 1312 3281 1367 suis
3300 1354 3315 1378 ,
3344 1312 3481 1366 dedit
3524 1313 3628 1367 illis
3656 1331 3747 1384 po-

2163 1409 2390 1456 testatem
2417 1404 2685 1473 spirituum
2721 1401 3116 1469 immundorum,
3148 1412 3202 1458 et
3231 1412 3446 1468 czetera,
3478 1419 3647 1475 usque
3675 1405 3742 1458 ad

2161 1493 2305 1548 aliud
2334 1494 2422 1548 ubi
2461 1495 2554 1561 ait,
2586 1495 2744 1548 Amen
2783 1493 2895 1548 dico
2936 1493 3073 1548 vobis
3111 1511 3213 1548 non
3261 1494 3434 1566 perdet
3472 1495 3748 1549 mercedem

2161 1604 2305 1642 suam
2327 1583 2530 1658 (Id.tx,
2554 1588 2622 1643 55
2643 1604 2656 1654 ;
2677 1604 2732 1653 x,
2759 1588 2875 1659 42).
2910 1586 2965 1641 In
2996 1587 3100 1641 hoc
3127 1595 3240 1642 toto
3269 1587 3408 1655 loco,
3423 1602 3581 1658 quem
3610 1603 3749 1657 nunc

2161 1693 2661 1744 commemoramus,
2709 1681 2873 1734 multa
2909 1679 3114 1733 monuit
3149 1678 3437 1748 discipulos
3463 1695 3589 1734 suos
3615 1697 3629 1733 :
3653 1680 3747 1735 sed

2163 1779 2340 1824 utrum
2371 1785 2492 1825 eum
2523 1787 2590 1826 ex
2635 1771 2820 1825 ordine
2849 1770 3127 1825 Matthqu
3176 1770 3526 1840 subjunxerit,
3577 1787 3645 1826 an
3698 1772 3746 1827 ei

2163 1860 2296 1916 ordo
2319 1861 2568 1916 narrandi
2598 1861 2895 1917 recordatio
2916 1877 3010 1917 sua
3039 1861 3194 1916 fuerit
3210 1903 3225 1929 ,
3250 1863 3384 1917 sicut
3409 1863 3608 1918 dictum
3631 1875 3734 1929 est,

2163 1970 2271 2009 non
2323 1964 2563 2025 apparet.
2606 1955 2758 2011 Hunc
2787 1956 2962 2011 locum
2989 1955 3228 2010 brevitur
3243 1955 3452 2011 videtur
3479 1958 3745 2027 perstrin-

2164 2047 2307 2102 xisse
2332 2047 2557 2114 Marcus,
2591 2058 2646 2103 et
2693 2064 2814 2104 eum
2853 2049 2932 2103 sic
2978 2048 3248 2118 ingressus
3274 2057 3356 2104 est
3376 2091 3390 2114 ,
3422 2049 3605 2104 dicens
3637 2065 3650 2103 :
3682 2049 3749 2102 Et

2164 2141 2459 2195 circumibat
2507 2141 2710 2194 castella
2746 2141 2801 2194 in
2848 2140 3059 2194 circuitu
3104 2141 3308 2195 docens.
3347 2139 3418 2194 Et
3470 2141 3756 2195 convocavit

2166 2231 2448 2297 duodecim,
2481 2241 2526 2286 et
2556 2233 2702 2303 cwpit
2729 2248 2813 2286 eos
2836 2232 3031 2286 mittere
3061 2231 3201 2286 binos
3217 2247 3239 2296 ,°
3267 2240 3313 2286 et
3331 2231 3482 2285 dabat
3504 2231 3607 2286 illis
3653 2249 3750 2302 po-

2167 2332 2392 2377 testatem
2417 2323 2685 2394 spirituum
2713 2323 3088 2377 immundorum
3108 2365 3123 2391 ,
3164 2331 3219 2378 et
3243 2332 3435 2378 cetera
3452 2364 3468 2389 ,
3493 2339 3659 2394 usque
3683 2323 3751 2378 ad

2168 2416 2296 2470 illud
2327 2417 2412 2470 ubi
2451 2416 2559 2482 ait,
2611 2415 2848 2470 Excutite
2872 2417 3127 2487 pulverem
3152 2417 3215 2469 de
3241 2416 3448 2487 pedibus
3477 2418 3674 2484 vestris,
3697 2418 3752 2471 in

2169 2507 2507 2561 testimonium
2534 2507 2636 2561 illis
2666 2505 2856 2580 (Marc.
2884 2523 2959 2575 γι,
2992 2506 3166 2578 6-H).
3202 2506 3308 2562 Sed
3334 2515 3618 2577 antequam
3649 2507 3756 2563 hoc

2167 2608 2411 2654 narraret
2428 2599 2654 2665 Marcus,
2679 2599 2825 2670 prius
2857 2608 2975 2670 post
2999 2599 3370 2655 resuscitatam
3392 2599 3554 2654 ﬁliam
3573 2601 3754 2655 archi-

2169 2693 2445 2764 synagogi,
2473 2692 2602 2747 illud
2631 2695 2887 2760 narravit,
2919 2693 3012 2748 ubi
3046 2693 3331 2748 Dominum
3366 2694 3420 2747 in
3464 2695 3630 2764 patria
3661 2709 3757 2747 sua

2169 2784 2520 2851 mirabantur,
2543 2784 2682 2838 unde
2715 2785 2789 2838 illi
2819 2793 2962 2839 esset
2989 2792 3134 2839 tanta
3161 2784 3424 2855 sapientia
3439 2792 3494 2839 et
3508 2785 3756 2852 virtutes,

2167 2888 2291 2929 cum
2321 2874 2438 2944 ejus
2461 2875 2835 2945 cogitationem
2867 2883 3090 2930 nossent
3115 2894 3128 2929 :
3157 2875 3299 2947 quod
3325 2874 3610 2931 Matthaaus
3639 2886 3760 2945 post

2169 2967 2586 3023 admonitionem
2611 2969 2764 3022 istam
2790 2968 3171 3038 discipulorum
3191 3009 3208 3035 ,
3238 2977 3294 3024 et
3317 2978 3437 3040 post
3461 2969 3563 3023 alia
3591 2969 3759 3025 multa

2169 3071 2556 3117 commemorat
2594 3060 2809 3133 (Matth.
2844 3079 2958 3127 xui,
2995 3062 3106 3134 54).
3147 3062 3328 3134 Itaque
3351 3065 3612 3119 incertum
3639 3073 3757 3132 est,

2169 3163 2347 3209 utrum
2399 3154 2499 3208 hoc
2545 3155 2684 3225 quod
2731 3155 2904 3224 agitur
2947 3155 2998 3208 in
3049 3154 3168 3224 ejus
3220 3155 3425 3225 patria,
3479 3154 3759 3211 Matthznus

2168 3249 2426 3302 omissum
2469 3248 2834 3310 revocaverit;
2883 3262 2951 3301 an
3001 3245 3208 3300 Marcus
3258 3246 3600 3302 recordatum
3656 3261 3760 3300 an-

2169 3338 2500 3408 ticipaverit;
2566 3337 2808 3407 quisnam
2867 3352 3052 3392 eorum
3107 3335 3349 3391 ordinem
3404 3337 3481 3392 rei
3549 3345 3759 3408 gestae,

2170 3442 2225 3487 et
2291 3433 2411 3502 quis
2471 3432 2855 3487 recordationis
2899 3449 3038 3488 suae
3101 3434 3353 3488 tenuerit.
3424 3433 3595 3488 Lucas
3655 3449 3760 3488 au-

2143 3535 2276 3581 ‘tem
2307 3526 2561 3580 continuo
2613 3536 2732 3595 post
2773 3527 3219 3581 resurrectionem
3275 3527 3395 3580 tiliae
3437 3525 3585 3590 Jairi,
3633 3526 3759 3582 sub-

2163 3617 2337 3687 jungit
2358 3616 2500 3672 hunc
2525 3618 2701 3672 locum
2727 3617 2794 3672 de
2826 3626 3091 3688 potestate
3121 3626 3176 3671 et
3203 3616 3565 3671 admonitione
3591 3615 3758 3671 disci-

2167 3709 2412 3778 pulorum
2450 3707 2600 3778 (Luc.
2658 3725 2728 3773 ix,
2770 3708 2918 3780 1-6),
2976 3717 3082 3762 tam
3133 3707 3365 3762 breviter
3419 3721 3549 3762 sane
3594 3722 3758 3777 quam

2168 3797 2375 3852 Marcus
2401 3815 2412 3850 :
2447 3813 2617 3868 neque
2644 3797 2760 3868 ipse
2791 3798 2882 3863 ita,
2909 3806 2966 3852 ut
2993 3797 3094 3852 hoc
3117 3797 3270 3867 sequi
3297 3797 3458 3852 etiam
3489 3797 3541 3851 in
3571 3813 3755 3853 rerum

2165 3898 2436 3960 gestarum
2471 3889 2658 3944 ordine
2704 3897 2977 3959 appareat.
3012 3889 3071 3942 In
3097 3887 3402 3942 nominibus
3431 3903 3560 3958 ergo
3589 3887 3756 3942 disci-

2168 3980 2443 4050 pulorum,
2478 3979 2646 4034 Lucas
2668 4021 2682 4045 ,
2711 3979 2803 4050 qui
2833 3993 2928 4034 eos
2967 3977 3072 4032 alio
3121 3977 3242 4033 loco
3290 3978 3530 4032 nominat
3555 3980 3756 4044 ','cum

2166 4071 2314 4140 prius
2335 4071 2603 4141 eliguntur
2634 4071 2685 4124 in
2717 4080 2900 4125 monte
2919 4112 2934 4135 ,
2975 4085 3004 4123 a
3032 4069 3286 4124 Matthzeo
3315 4087 3420 4125 non
3461 4071 3754 4140 discrepat,

2167 4159 2268 4214 nisi
2311 4160 2364 4213 iu
2405 4161 2620 4215 nomine
2661 4159 2812 4214 Iuda:
2860 4159 3042 4215 Jacobi
3067 4158 3181 4230 (Id.
3223 4177 3295 4227 vr,
3335 4160 3556 4231 “46),
3591 4177 3755 4230 quem

2164 4249 2440 4304 Matthteus
2459 4250 2784 4305 'l‘haddzeum
2798 4251 3058 4321 appellat;
3084 4251 3324 4306 nonnulli
3349 4261 3526 4306 autem
3543 4251 3759 4307 codices

2165 4343 2364 4398 habent
2383 4343 2670 4398 Lebbaeum
2695 4343 2738 4396 ³.
2777 4343 2907 4410 Quis
2935 4353 3113 4398 autem
3154 4358 3384 4413 unquam
3421 4344 3758 4413 prohibuerit

2164 4435 2376 4492 duobus
2410 4435 2494 4491 vel
2527 4435 2695 4489 tribus
2724 4436 3028 4490 nominibus
3056 4434 3324 4490 hominem
3352 4450 3517 4489 unum
3539 4436 3758 4490 vocari?

2236 4530 2324 4584 7i.
2353 4528 2500 4584 Solet
2528 4528 2654 4583 item
2685 4528 2872 4598 quaeri,
2903 4527 3171 4597 quomodo
3197 4526 3475 4581 Matthaeus
3500 4535 3554 4582 et
3578 4525 3755 4582 Lucas

2165 4623 2704 4680 commemoraveriut
2728 4621 2927 4676 dixisse
2958 4621 3238 4675 Dominum
3263 4619 3537 4690 discipulis
3567 4629 3755 4675 utnec

2163 4719 2365 4788 virgam
2386 4717 2585 4771 ferrent
2607 4758 2622 4783 ,
2651 4731 2772 4769 cum
2797 4715 2937 4770 dicat
2959 4715 3187 4780 Marcus,
3218 4713 3284 4767 Et
3316 4715 3553 4784 praecepit
3577 4715 3650 4768 eis
3687 4731 3755 4768 ne

2162 4809 2284 4882 quid
2309 4809 2534 4863 tollerent
2577 4807 2755 4870 invia,
2798 4807 2896 4860 nisi
2922 4808 3114 4876 virgam
3141 4814 3376 4870 tantum;
3404 4813 3458 4860 et
3495 4814 3756 4874 sequatur

2162 4902 2322 4956 etiam
2353 4901 2487 4968 ipse,
2517 4915 2617 4952 non
2649 4914 2842 4967 peram,
2867 4914 2969 4952 non
2998 4913 3199 4968 panem,
3224 4913 3380 4967 neque
3412 4897 3464 4949 in
3484 4912 3616 4951 zona
3642 4911 3750 4950 tes:

2163 5002 2221 5048 ut
2242 4991 2486 5047 ostendat
2513 4991 2564 5044 in
2595 4989 2788 5044 eodem
2818 4989 2936 5043 loco
2958 4989 3160 5042 versari
3185 4988 3541 5042 narrationem
3574 5001 3751 5054 suam,

2163 5087 2216 5141 in
2246 5101 2352 5156 quo
2372 5095 2426 5139 et
2462 5084 2670 5138 illorum
2693 5082 2781 5152 qui
2808 5081 3062 5136 dixerunt
3085 5096 3186 5136 nec
3223 5081 3423 5151 virgam
3451 5079 3750 5136 ferendam.

2163 5177 2315 5245 Quod
2343 5177 2411 5229 ita
2461 5175 2706 5240 solvitur,
2734 5181 2794 5226 ut
2835 5172 3194 5242 intelligamus
3223 5170 3324 5226 sub
3350 5172 3452 5226 alia
3479 5172 3750 5242 signiﬁca-

2164 5269 2308 5324 tione
2334 5268 2534 5322 dictam
2557 5266 2781 5336 virgam,
2805 5279 2923 5334 quae
2951 5263 3242 5318 secundum
3267 5263 3501 5317 Marcum
3526 5262 3748 5318 ferenda

2163 5369 2245 5416 est
2269 5379 2282 5427 ;
2310 5369 2363 5414 et
2388 5360 2487 5415 sub
2531 5357 2633 5412 alia
2673 5358 2816 5412 illam
2853 5372 2973 5426 qua:
3021 5354 3314 5411 secundum
3344 5355 3647 5410 Malthteum
3694 5365 3754 5410 et

2164 5452 2359 5508 Lucam
2388 5466 2494 5507 non
2520 5458 2602 5506 est
2637 5447 2856 5504 ferenda
2884 5467 2898 5503 :
2927 5447 3068 5503 sicut
3099 5448 3198 5503 sub
3222 5448 3324 5502 alia
3363 5447 3750 5518 signiﬁcatione

2227 5594 2243 5657 ξ
2268 5592 2404 5657 mliti,
2428 5590 2600 5657 mittat.
2624 5596 2732 5640 Mss.
2756 5601 2890 5657 vero,
2917 5586 3355 5657 ejiciat._lnAgrteco
3379 5587 3682 5657 est,”ekbale.

2227 5655 2247 5687 ³
2270 5648 2418 5725 editio
2445 5652 2801 5714 Ratisponensis
2839 5648 2890 5700 et
2911 5648 3247 5701 novemdeciin
3279 5658 3383 5700 Mss.
3403 5686 3418 5712 ,
3441 5648 3538 5700 alio
3561 5650 3752 5703 nomine
3813 5701 3818 5706 ,

2160 5723 2555 5840 aurigamque
2578 5783 2704 5835 Mss.,
2724 5774 2973 5840 Lebdteum
2986 5787 3010 5840 _:
3027 5782 3270 5840 corrupte,
3287 5782 3341 5833 ut
3348 5783 3488 5840 patet
3504 5788 3566 5824 ex

2161 5848 2303 5891 textu
2326 5835 2409 5902 qui
2434 5835 2590 5902 Matth.
2617 5852 2722 5901 cap.
2750 5838 2825 5902 l_0_,
2844 5852 2888 5886 ν.
2913 5837 2962 5896 3,
2985 5838 3153 5902 habet,
3171 5835 3258 5886 luti
3281 5835 3502 5902 I._ebba_ios
3521 5850 3552 5886 ο
3573 5835 3752 5902 εἷρὶῌέ-

2163 5901 2284 5954 theis
2316 5897 2610 5960 Titaddaios,
2633 5897 2920 5950 ettebbaeus
2941 5899 3024 5962 qui
3047 5905 3238 5949 vocatur
3268 5897 3553 5950 Iliaddteus.
