  <div class='ocr_page' id='page_1' title='image "/cluster/home/n/w/nwhite01/storage/ocr_20150623/34/hvd.32044015706310/562.png"; bbox 0 0 4082 6464; ppageno 0'>
   <div class='ocr_carea' id='block_1_1' title="bbox 310 450 1145 477">
    <p class='ocr_par' dir='ltr' id='par_1_1' title="bbox 310 450 1145 477">
     <span class='ocr_line' id='line_1_1' title="bbox 310 450 1145 477; baseline 0 0"><span class='ocrx_word' id='word_1_1' title='bbox 310 450 313 453; x_wconf 70' lang='grc'><strong><em>⁷</em></strong></span> <span class='ocrx_word' id='word_1_2' title='bbox 1134 450 1145 477; x_wconf 60' lang='grc' dir='ltr'>δ</span> 
     </span>
    </p>
   </div>
   <div class='ocr_carea' id='block_1_2' title="bbox 317 482 1145 549">
    <p class='ocr_par' dir='ltr' id='par_1_2' title="bbox 317 482 1145 549">
     <span class='ocr_line' id='line_1_2' title="bbox 317 482 1145 549; baseline 0 0"><span class='ocrx_word' id='word_1_3' title='bbox 317 492 461 549; x_wconf 72' lang='grc'><strong>1115</strong></span> <span class='ocrx_word' id='word_1_4' title='bbox 1138 482 1145 492; x_wconf 74' lang='grc'><strong>’</strong></span> 
     </span>
    </p>
   </div>
   <div class='ocr_carea' id='block_1_3' title="bbox 317 604 1892 681">
    <p class='ocr_par' dir='ltr' id='par_1_3' title="bbox 317 604 1892 681">
     <span class='ocr_line' id='line_1_3' title="bbox 317 604 1892 681; baseline -0.005 -17"><span class='ocrx_word' id='word_1_5' title='bbox 317 609 627 681; x_wconf 74' lang='lat' dir='ltr'><strong>intelligitur</strong></span> <span class='ocrx_word' id='word_1_6' title='bbox 648 608 967 675; x_wconf 90' lang='lat' dir='ltr'><strong>tentatio,de</strong></span> <span class='ocrx_word' id='word_1_7' title='bbox 995 622 1096 680; x_wconf 90' lang='lat' dir='ltr'><strong>qua</strong></span> <span class='ocrx_word' id='word_1_8' title='bbox 1121 607 1319 664; x_wconf 90' lang='lat' dir='ltr'><strong>dictum</strong></span> <span class='ocrx_word' id='word_1_9' title='bbox 1341 615 1451 674; x_wconf 92' lang='lat' dir='ltr'><strong>est,</strong></span> <span class='ocrx_word' id='word_1_10' title='bbox 1482 606 1614 662; x_wconf 83' lang='lat' dir='ltr'><strong>Deus</strong></span> <span class='ocrx_word' id='word_1_11' title='bbox 1640 604 1892 659; x_wconf 86' lang='lat' dir='ltr'><strong>neminem</strong></span> 
     </span>
    </p>
   </div>
   <div class='ocr_carea' id='block_1_4' title="bbox 314 700 1885 776">
    <p class='ocr_par' dir='ltr' id='par_1_4' title="bbox 314 700 1885 776">
     <span class='ocr_line' id='line_1_4' title="bbox 314 700 1885 776; baseline -0.003 -18"><span class='ocrx_word' id='word_1_12' title='bbox 314 712 469 758; x_wconf 89' lang='lat' dir='ltr'><strong>tentat</strong></span> <span class='ocrx_word' id='word_1_13' title='bbox 492 703 708 776; x_wconf 82' lang='lat' dir='ltr'><strong>(Jacobi.</strong></span> <span class='ocrx_word' id='word_1_14' title='bbox 731 720 768 770; x_wconf 86' lang='grc' dir='ltr'><strong>ι,</strong></span> <span class='ocrx_word' id='word_1_15' title='bbox 797 704 927 774; x_wconf 76' lang='grc'><strong>15);</strong></span> <span class='ocrx_word' id='word_1_16' title='bbox 957 710 1013 759; x_wconf 92' lang='lat' dir='ltr'><strong>et</strong></span> <span class='ocrx_word' id='word_1_17' title='bbox 1040 704 1140 757; x_wconf 90' lang='lat' dir='ltr'><strong>sub</strong></span> <span class='ocrx_word' id='word_1_18' title='bbox 1159 704 1261 757; x_wconf 91' lang='lat' dir='ltr'><strong>alia</strong></span> <span class='ocrx_word' id='word_1_19' title='bbox 1299 702 1366 757; x_wconf 91' lang='lat' dir='ltr'><strong>de</strong></span> <span class='ocrx_word' id='word_1_20' title='bbox 1394 717 1495 773; x_wconf 92' lang='lat' dir='ltr'><strong>qua</strong></span> <span class='ocrx_word' id='word_1_21' title='bbox 1543 700 1741 755; x_wconf 83' lang='lat' dir='ltr'><strong>dictum</strong></span> <span class='ocrx_word' id='word_1_22' title='bbox 1768 708 1885 765; x_wconf 90' lang='lat' dir='ltr'><strong>est,</strong></span> 
     </span>
    </p>
   </div>
   <div class='ocr_carea' id='block_1_5' title="bbox 316 792 1893 861">
    <p class='ocr_par' dir='ltr' id='par_1_5' title="bbox 316 792 1893 861">
     <span class='ocr_line' id='line_1_5' title="bbox 316 792 1893 861; baseline -0.004 -11"><span class='ocrx_word' id='word_1_23' title='bbox 316 795 493 850; x_wconf 84' lang='lat' dir='ltr'><strong>Tentat</strong></span> <span class='ocrx_word' id='word_1_24' title='bbox 521 811 605 849; x_wconf 86' lang='lat' dir='ltr'><strong>vos</strong></span> <span class='ocrx_word' id='word_1_25' title='bbox 629 793 877 849; x_wconf 78' lang='lat' dir='ltr'><strong>Dominus</strong></span> <span class='ocrx_word' id='word_1_26' title='bbox 908 795 1042 849; x_wconf 88' lang='lat' dir='ltr'><strong>Deus</strong></span> <span class='ocrx_word' id='word_1_27' title='bbox 1065 804 1238 859; x_wconf 84' lang='lat' dir='ltr'><strong>vester,</strong></span> <span class='ocrx_word' id='word_1_28' title='bbox 1270 804 1325 847; x_wconf 92' lang='lat' dir='ltr'><strong>ut</strong></span> <span class='ocrx_word' id='word_1_29' title='bbox 1345 794 1468 847; x_wconf 88' lang='lat' dir='ltr'><strong>sciat</strong></span> <span class='ocrx_word' id='word_1_30' title='bbox 1491 793 1534 845; x_wconf 93' lang='lat' dir='ltr'><strong>si</strong></span> <span class='ocrx_word' id='word_1_31' title='bbox 1560 792 1767 861; x_wconf 73' lang='lat' dir='ltr'><strong>diligitis</strong></span> <span class='ocrx_word' id='word_1_32' title='bbox 1780 807 1893 844; x_wconf 87' lang='lat' dir='ltr'><strong>eum</strong></span> 
     </span>
    </p>
   </div>
   <div class='ocr_carea' id='block_1_6' title="bbox 314 883 1888 959">
    <p class='ocr_par' dir='ltr' id='par_1_6' title="bbox 314 883 1888 959">
     <span class='ocr_line' id='line_1_6' title="bbox 314 883 1888 959; baseline -0.004 -18"><span class='ocrx_word' id='word_1_33' title='bbox 314 888 494 959; x_wconf 89' lang='lat' dir='ltr'><strong>(Deut.</strong></span> <span class='ocrx_word' id='word_1_34' title='bbox 524 904 635 953; x_wconf 92' lang='lat' dir='ltr'><strong>xttt,</strong></span> <span class='ocrx_word' id='word_1_35' title='bbox 661 887 728 957; x_wconf 80' lang='grc'>5)</span> <span class='ocrx_word' id='word_1_36' title='bbox 758 902 773 954; x_wconf 86' lang='grc'>;</span> <span class='ocrx_word' id='word_1_37' title='bbox 810 887 896 941; x_wconf 91' lang='lat' dir='ltr'><strong>illa</strong></span> <span class='ocrx_word' id='word_1_38' title='bbox 924 887 1247 942; x_wconf 90' lang='lat' dir='ltr'><strong>seductionis</strong></span> <span class='ocrx_word' id='word_1_39' title='bbox 1272 894 1373 953; x_wconf 79' lang='lat' dir='ltr'><strong>est,</strong></span> <span class='ocrx_word' id='word_1_40' title='bbox 1406 884 1521 940; x_wconf 85' lang='lat' dir='ltr'><strong>haec</strong></span> <span class='ocrx_word' id='word_1_41' title='bbox 1542 883 1888 957; x_wconf 88' lang='lat' dir='ltr'><strong>probationis.</strong></span> 
     </span>
    </p>
   </div>
   <div class='ocr_carea' id='block_1_7' title="bbox 312 975 1886 1049">
    <p class='ocr_par' dir='ltr' id='par_1_7' title="bbox 312 975 1886 1049">
     <span class='ocr_line' id='line_1_7' title="bbox 312 975 1886 1049; baseline -0.004 -15"><span class='ocrx_word' id='word_1_42' title='bbox 312 979 467 1034; x_wconf 87' lang='lat' dir='ltr'><strong>Sicut</strong></span> <span class='ocrx_word' id='word_1_43' title='bbox 502 978 758 1049; x_wconf 84' lang='lat' dir='ltr'><strong>judicium</strong></span> <span class='ocrx_word' id='word_1_44' title='bbox 805 978 960 1033; x_wconf 84' lang='lat' dir='ltr'><strong>aliter</strong></span> <span class='ocrx_word' id='word_1_45' title='bbox 986 978 1261 1048; x_wconf 86' lang='lat' dir='ltr'><strong>accipitur,</strong></span> <span class='ocrx_word' id='word_1_46' title='bbox 1290 978 1357 1032; x_wconf 92' lang='lat' dir='ltr'><strong>de</strong></span> <span class='ocrx_word' id='word_1_47' title='bbox 1398 992 1502 1047; x_wconf 91' lang='lat' dir='ltr'><strong>quo</strong></span> <span class='ocrx_word' id='word_1_48' title='bbox 1550 975 1748 1030; x_wconf 86' lang='lat' dir='ltr'><strong>dictum</strong></span> <span class='ocrx_word' id='word_1_49' title='bbox 1788 983 1886 1040; x_wconf 91' lang='lat' dir='ltr'><strong>est,</strong></span> 
     </span>
    </p>
   </div>
   <div class='ocr_carea' id='block_1_8' title="bbox 314 1068 1892 1143">
    <p class='ocr_par' dir='ltr' id='par_1_8' title="bbox 314 1068 1892 1143">
     <span class='ocr_line' id='line_1_8' title="bbox 314 1068 1892 1143; baseline -0.004 -17"><span class='ocrx_word' id='word_1_50' title='bbox 314 1073 417 1138; x_wconf 83' lang='lat' dir='ltr'><strong>Qui</strong></span> <span class='ocrx_word' id='word_1_51' title='bbox 441 1073 562 1126; x_wconf 85' lang='lat' dir='ltr'><strong>bene</strong></span> <span class='ocrx_word' id='word_1_52' title='bbox 604 1077 848 1143; x_wconf 80' lang='lat' dir='ltr'><strong>fecerunt,</strong></span> <span class='ocrx_word' id='word_1_53' title='bbox 898 1072 950 1126; x_wconf 89' lang='lat' dir='ltr'><strong>in</strong></span> <span class='ocrx_word' id='word_1_54' title='bbox 998 1072 1407 1126; x_wconf 71' lang='lat' dir='ltr'><strong>resurrectionem</strong></span> <span class='ocrx_word' id='word_1_55' title='bbox 1452 1071 1595 1133; x_wconf 80' lang='lat' dir='ltr'><strong>viae;</strong></span> <span class='ocrx_word' id='word_1_56' title='bbox 1636 1069 1720 1138; x_wconf 90' lang='lat' dir='ltr'><strong>qui</strong></span> <span class='ocrx_word' id='word_1_57' title='bbox 1762 1068 1892 1121; x_wconf 89' lang='lat' dir='ltr'><strong>male</strong></span> 
     </span>
    </p>
   </div>
   <div class='ocr_carea' id='block_1_9' title="bbox 309 1160 1886 1236">
    <p class='ocr_par' dir='ltr' id='par_1_9' title="bbox 309 1160 1886 1236">
     <span class='ocr_line' id='line_1_9' title="bbox 309 1160 1886 1236; baseline -0.003 -18"><span class='ocrx_word' id='word_1_58' title='bbox 309 1166 564 1235; x_wconf 76' lang='lat' dir='ltr'><strong>fecerunt,</strong></span> <span class='ocrx_word' id='word_1_59' title='bbox 621 1164 674 1217; x_wconf 90' lang='lat' dir='ltr'><strong>in</strong></span> <span class='ocrx_word' id='word_1_60' title='bbox 728 1164 1141 1218; x_wconf 76' lang='lat' dir='ltr'><strong>resurrectionem</strong></span> <span class='ocrx_word' id='word_1_61' title='bbox 1189 1164 1372 1234; x_wconf 87' lang='lat' dir='ltr'><strong>judicii</strong></span> <span class='ocrx_word' id='word_1_62' title='bbox 1431 1162 1603 1236; x_wconf 80' lang='lat' dir='ltr'><strong>(Joan.</strong></span> <span class='ocrx_word' id='word_1_63' title='bbox 1659 1178 1715 1228; x_wconf 85' lang='lat' dir='ltr'><strong>v,</strong></span> <span class='ocrx_word' id='word_1_64' title='bbox 1762 1160 1886 1233; x_wconf 73' lang='lat'><strong>29);</strong></span> 
     </span>
    </p>
   </div>
   <div class='ocr_carea' id='block_1_10' title="bbox 308 1253 1888 1325">
    <p class='ocr_par' dir='ltr' id='par_1_10' title="bbox 308 1253 1888 1325">
     <span class='ocr_line' id='line_1_10' title="bbox 308 1253 1888 1325; baseline -0.002 -15"><span class='ocrx_word' id='word_1_65' title='bbox 308 1265 361 1310; x_wconf 93' lang='lat' dir='ltr'><strong>et</strong></span> <span class='ocrx_word' id='word_1_66' title='bbox 382 1256 556 1322; x_wconf 81' lang='lat' dir='ltr'><strong>aliter,</strong></span> <span class='ocrx_word' id='word_1_67' title='bbox 588 1255 655 1310; x_wconf 92' lang='lat' dir='ltr'><strong>de</strong></span> <span class='ocrx_word' id='word_1_68' title='bbox 683 1270 788 1325; x_wconf 87' lang='lat' dir='ltr'><strong>quo</strong></span> <span class='ocrx_word' id='word_1_69' title='bbox 816 1255 1017 1310; x_wconf 90' lang='lat' dir='ltr'><strong>dictum</strong></span> <span class='ocrx_word' id='word_1_70' title='bbox 1048 1264 1158 1322; x_wconf 87' lang='lat' dir='ltr'><strong>est,</strong></span> <span class='ocrx_word' id='word_1_71' title='bbox 1190 1255 1378 1308; x_wconf 87' lang='lat' dir='ltr'><strong>Judica</strong></span> <span class='ocrx_word' id='word_1_72' title='bbox 1404 1271 1500 1318; x_wconf 87' lang='lat' dir='ltr'><strong>me,</strong></span> <span class='ocrx_word' id='word_1_73' title='bbox 1533 1254 1688 1320; x_wconf 89' lang='lat' dir='ltr'><strong>Deus,</strong></span> <span class='ocrx_word' id='word_1_74' title='bbox 1720 1261 1764 1306; x_wconf 88' lang='lat' dir='ltr'><strong>et</strong></span> <span class='ocrx_word' id='word_1_75' title='bbox 1783 1253 1888 1307; x_wconf 85' lang='lat' dir='ltr'><strong>dis-</strong></span> 
     </span>
    </p>
   </div>
   <div class='ocr_carea' id='block_1_11' title="bbox 307 1344 1885 1417">
    <p class='ocr_par' dir='ltr' id='par_1_11' title="bbox 307 1344 1885 1417">
     <span class='ocr_line' id='line_1_11' title="bbox 307 1344 1885 1417; baseline -0.002 -16"><span class='ocrx_word' id='word_1_76' title='bbox 307 1364 454 1401; x_wconf 91' lang='lat' dir='ltr'><strong>cerne</strong></span> <span class='ocrx_word' id='word_1_77' title='bbox 474 1364 676 1401; x_wconf 88' lang='lat' dir='ltr'><strong>causam</strong></span> <span class='ocrx_word' id='word_1_78' title='bbox 700 1363 859 1399; x_wconf 85' lang='lat' dir='ltr'><strong>meam</strong></span> <span class='ocrx_word' id='word_1_79' title='bbox 882 1346 942 1400; x_wconf 91' lang='lat' dir='ltr'><strong>de</strong></span> <span class='ocrx_word' id='word_1_80' title='bbox 963 1355 1106 1417; x_wconf 91' lang='lat' dir='ltr'><strong>gente</strong></span> <span class='ocrx_word' id='word_1_81' title='bbox 1132 1363 1233 1401; x_wconf 89' lang='lat' dir='ltr'><strong>non</strong></span> <span class='ocrx_word' id='word_1_82' title='bbox 1250 1356 1422 1400; x_wconf 90' lang='lat' dir='ltr'><strong>sancta</strong></span> <span class='ocrx_word' id='word_1_83' title='bbox 1452 1345 1621 1417; x_wconf 86' lang='lat' dir='ltr'><strong>(Psal.</strong></span> <span class='ocrx_word' id='word_1_84' title='bbox 1642 1360 1769 1411; x_wconf 85' lang='lat' dir='ltr'><strong>tht,</strong></span> <span class='ocrx_word' id='word_1_85' title='bbox 1795 1344 1850 1414; x_wconf 82' lang='grc'><strong>1)</strong></span> <span class='ocrx_word' id='word_1_86' title='bbox 1871 1361 1885 1398; x_wconf 89' lang='lat'><strong>:</strong></span> 
     </span>
    </p>
   </div>
   <div class='ocr_carea' id='block_1_12' title="bbox 305 1437 1885 1509">
    <p class='ocr_par' dir='ltr' id='par_1_12' title="bbox 305 1437 1885 1509">
     <span class='ocr_line' id='line_1_12' title="bbox 305 1437 1885 1509; baseline -0.002 -14"><span class='ocrx_word' id='word_1_87' title='bbox 305 1440 436 1495; x_wconf 91' lang='lat' dir='ltr'><strong>illud</strong></span> <span class='ocrx_word' id='word_1_88' title='bbox 477 1441 617 1495; x_wconf 90' lang='lat' dir='ltr'><strong>enim</strong></span> <span class='ocrx_word' id='word_1_89' title='bbox 652 1439 908 1509; x_wconf 89' lang='lat' dir='ltr'><strong>judicium</strong></span> <span class='ocrx_word' id='word_1_90' title='bbox 961 1439 1317 1494; x_wconf 90' lang='lat' dir='ltr'><strong>damnationis</strong></span> <span class='ocrx_word' id='word_1_91' title='bbox 1371 1447 1485 1506; x_wconf 90' lang='lat' dir='ltr'><strong>est,</strong></span> <span class='ocrx_word' id='word_1_92' title='bbox 1532 1438 1633 1493; x_wconf 84' lang='lat' dir='ltr'><strong>hoc</strong></span> <span class='ocrx_word' id='word_1_93' title='bbox 1681 1437 1885 1492; x_wconf 88' lang='lat' dir='ltr'><strong>discre-</strong></span> 
     </span>
    </p>
   </div>
   <div class='ocr_carea' id='block_1_13' title="bbox 306 1532 485 1586">
    <p class='ocr_par' dir='ltr' id='par_1_13' title="bbox 306 1532 485 1586">
     <span class='ocr_line' id='line_1_13' title="bbox 306 1532 485 1586; baseline 0 0"><span class='ocrx_word' id='word_1_94' title='bbox 306 1532 485 1586; x_wconf 83' lang='lat' dir='ltr'><strong>tionis.</strong></span> 
     </span>
    </p>
   </div>
   <div class='ocr_carea' id='block_1_14' title="bbox 376 1622 1885 1691">
    <p class='ocr_par' dir='ltr' id='par_1_14' title="bbox 376 1622 1885 1691">
     <span class='ocr_line' id='line_1_14' title="bbox 376 1622 1885 1691; baseline 0.001 -17"><span class='ocrx_word' id='word_1_95' title='bbox 376 1623 463 1675; x_wconf 71' lang='lat'><strong>72.</strong></span> <span class='ocrx_word' id='word_1_96' title='bbox 488 1622 554 1675; x_wconf 86' lang='lat' dir='ltr'><strong>Et</strong></span> <span class='ocrx_word' id='word_1_97' title='bbox 580 1622 741 1676; x_wconf 91' lang='lat' dir='ltr'><strong>multa</strong></span> <span class='ocrx_word' id='word_1_98' title='bbox 769 1622 869 1677; x_wconf 89' lang='lat' dir='ltr'><strong>alia</strong></span> <span class='ocrx_word' id='word_1_99' title='bbox 890 1630 1011 1677; x_wconf 92' lang='lat' dir='ltr'><strong>sunt</strong></span> <span class='ocrx_word' id='word_1_100' title='bbox 1034 1622 1194 1677; x_wconf 92' lang='lat' dir='ltr'><strong>verba</strong></span> <span class='ocrx_word' id='word_1_101' title='bbox 1223 1637 1343 1691; x_wconf 83' lang='lat' dir='ltr'><strong>quae</strong></span> <span class='ocrx_word' id='word_1_102' title='bbox 1372 1637 1476 1676; x_wconf 91' lang='lat' dir='ltr'><strong>non</strong></span> <span class='ocrx_word' id='word_1_103' title='bbox 1500 1623 1699 1677; x_wconf 86' lang='lat' dir='ltr'><strong>habent</strong></span> <span class='ocrx_word' id='word_1_104' title='bbox 1726 1636 1885 1676; x_wconf 91' lang='lat' dir='ltr'><strong>unam</strong></span> 
     </span>
    </p>
   </div>
   <div class='ocr_carea' id='block_1_15' title="bbox 303 1714 1881 1785">
    <p class='ocr_par' dir='ltr' id='par_1_15' title="bbox 303 1714 1881 1785">
     <span class='ocr_line' id='line_1_15' title="bbox 303 1714 1881 1785; baseline -0.001 -16"><span class='ocrx_word' id='word_1_105' title='bbox 303 1715 768 1784; x_wconf 86' lang='lat' dir='ltr'><strong>signiﬁcationem,</strong></span> <span class='ocrx_word' id='word_1_106' title='bbox 796 1714 890 1769; x_wconf 91' lang='lat' dir='ltr'><strong>sed</strong></span> <span class='ocrx_word' id='word_1_107' title='bbox 921 1715 1145 1770; x_wconf 75' lang='lat' dir='ltr'><strong>diversis</strong></span> <span class='ocrx_word' id='word_1_108' title='bbox 1167 1715 1296 1770; x_wconf 92' lang='lat' dir='ltr'><strong>locis</strong></span> <span class='ocrx_word' id='word_1_109' title='bbox 1312 1724 1665 1785; x_wconf 80' lang='lat' dir='ltr'><strong>congruenter</strong></span> <span class='ocrx_word' id='word_1_110' title='bbox 1690 1715 1881 1785; x_wconf 90' lang='lat' dir='ltr'><strong>posita,</strong></span> 
     </span>
    </p>
   </div>
   <div class='ocr_carea' id='block_1_16' title="bbox 302 1806 1882 1878">
    <p class='ocr_par' dir='ltr' id='par_1_16' title="bbox 302 1806 1882 1878">
     <span class='ocr_line' id='line_1_16' title="bbox 302 1806 1882 1878; baseline 0.001 -18"><span class='ocrx_word' id='word_1_111' title='bbox 302 1807 513 1861; x_wconf 86' lang='lat' dir='ltr'><strong>diverso</strong></span> <span class='ocrx_word' id='word_1_112' title='bbox 552 1806 711 1863; x_wconf 90' lang='lat' dir='ltr'><strong>modo</strong></span> <span class='ocrx_word' id='word_1_113' title='bbox 746 1808 1139 1877; x_wconf 88' lang='lat' dir='ltr'><strong>intelliguntur,</strong></span> <span class='ocrx_word' id='word_1_114' title='bbox 1184 1815 1240 1863; x_wconf 88' lang='lat' dir='ltr'><strong>et</strong></span> <span class='ocrx_word' id='word_1_115' title='bbox 1262 1807 1546 1878; x_wconf 87' lang='lat' dir='ltr'><strong>aliquando</strong></span> <span class='ocrx_word' id='word_1_116' title='bbox 1574 1822 1695 1862; x_wconf 91' lang='lat' dir='ltr'><strong>cum</strong></span> <span class='ocrx_word' id='word_1_117' title='bbox 1716 1822 1882 1876; x_wconf 84' lang='lat' dir='ltr'><strong>expo-</strong></span> 
     </span>
    </p>
   </div>
   <div class='ocr_carea' id='block_1_17' title="bbox 300 1900 1875 1971">
    <p class='ocr_par' dir='ltr' id='par_1_17' title="bbox 300 1900 1875 1971">
     <span class='ocr_line' id='line_1_17' title="bbox 300 1900 1875 1971; baseline 0 -19"><span class='ocrx_word' id='word_1_118' title='bbox 300 1900 490 1955; x_wconf 89' lang='lat' dir='ltr'><strong>sitione</strong></span> <span class='ocrx_word' id='word_1_119' title='bbox 518 1900 765 1955; x_wconf 88' lang='lat' dir='ltr'><strong>dicuntur</strong></span> <span class='ocrx_word' id='word_1_120' title='bbox 795 1919 809 1956; x_wconf 86' lang='lat'><strong>:</strong></span> <span class='ocrx_word' id='word_1_121' title='bbox 840 1911 894 1954; x_wconf 91' lang='lat' dir='ltr'><strong>ut</strong></span> <span class='ocrx_word' id='word_1_122' title='bbox 916 1911 997 1955; x_wconf 89' lang='lat' dir='ltr'><strong>est</strong></span> <span class='ocrx_word' id='word_1_123' title='bbox 1041 1900 1166 1956; x_wconf 90' lang='lat' dir='ltr'><strong>illud</strong></span> <span class='ocrx_word' id='word_1_124' title='bbox 1194 1942 1209 1965; x_wconf 94' lang='lat'><strong>,</strong></span> <span class='ocrx_word' id='word_1_125' title='bbox 1244 1900 1417 1956; x_wconf 78' lang='lat' dir='ltr'><strong>Nolite</strong></span> <span class='ocrx_word' id='word_1_126' title='bbox 1447 1901 1590 1971; x_wconf 88' lang='lat' dir='ltr'><strong>pueri</strong></span> <span class='ocrx_word' id='word_1_127' title='bbox 1616 1900 1741 1970; x_wconf 66' lang='grc' dir='ltr'><strong>ει]ῑεὶ</strong></span> <span class='ocrx_word' id='word_1_128' title='bbox 1762 1917 1875 1953; x_wconf 85' lang='lat' dir='ltr'><strong>sen-</strong></span> 
     </span>
    </p>
   </div>
   <div class='ocr_carea' id='block_1_18' title="bbox 296 1992 1882 2063">
    <p class='ocr_par' dir='ltr' id='par_1_18' title="bbox 296 1992 1882 2063">
     <span class='ocr_line' id='line_1_18' title="bbox 296 1992 1882 2063; baseline 0 -18"><span class='ocrx_word' id='word_1_129' title='bbox 296 1992 464 2058; x_wconf 89' lang='lat' dir='ltr'><strong>sibus,</strong></span> <span class='ocrx_word' id='word_1_130' title='bbox 497 1992 585 2046; x_wconf 88' lang='lat' dir='ltr'><strong>sed</strong></span> <span class='ocrx_word' id='word_1_131' title='bbox 629 1994 823 2046; x_wconf 89' lang='lat' dir='ltr'><strong>malitia</strong></span> <span class='ocrx_word' id='word_1_132' title='bbox 854 1995 1050 2063; x_wconf 84' lang='lat' dir='ltr'><strong>parvuli</strong></span> <span class='ocrx_word' id='word_1_133' title='bbox 1093 2004 1267 2062; x_wconf 87' lang='lat' dir='ltr'><strong>estote,</strong></span> <span class='ocrx_word' id='word_1_134' title='bbox 1320 2002 1373 2048; x_wconf 88' lang='lat' dir='ltr'><strong>ut</strong></span> <span class='ocrx_word' id='word_1_135' title='bbox 1401 1993 1630 2048; x_wconf 82' lang='lat' dir='ltr'><strong>sensibus</strong></span> <span class='ocrx_word' id='word_1_136' title='bbox 1671 1993 1882 2063; x_wconf 79' lang='lat' dir='ltr'><strong>perfecti</strong></span> 
     </span>
    </p>
   </div>
   <div class='ocr_carea' id='block_1_19' title="bbox 300 2082 1885 2155">
    <p class='ocr_par' dir='ltr' id='par_1_19' title="bbox 300 2082 1885 2155">
     <span class='ocr_line' id='line_1_19' title="bbox 300 2082 1885 2155; baseline 0.002 -20"><span class='ocrx_word' id='word_1_137' title='bbox 300 2082 410 2135; x_wconf 82' lang='lat' dir='ltr'><strong>sitis</strong></span> <span class='ocrx_word' id='word_1_138' title='bbox 441 2083 485 2153; x_wconf 88' lang='grc' dir='ltr'><strong>(Ι</strong></span> <span class='ocrx_word' id='word_1_139' title='bbox 518 2084 634 2139; x_wconf 91' lang='lat' dir='ltr'><strong>Cor.</strong></span> <span class='ocrx_word' id='word_1_140' title='bbox 681 2101 787 2151; x_wconf 88' lang='lat' dir='ltr'><strong>xtv,</strong></span> <span class='ocrx_word' id='word_1_141' title='bbox 833 2085 902 2139; x_wconf 79' lang='lat'><strong>‘20</strong></span> <span class='ocrx_word' id='word_1_142' title='bbox 923 2088 959 2155; x_wconf 95' lang='lat'><strong>).</strong></span> <span class='ocrx_word' id='word_1_143' title='bbox 996 2086 1104 2139; x_wconf 90' lang='lat' dir='ltr'><strong>lloc</strong></span> <span class='ocrx_word' id='word_1_144' title='bbox 1126 2086 1270 2141; x_wconf 90' lang='lat' dir='ltr'><strong>enim</strong></span> <span class='ocrx_word' id='word_1_145' title='bbox 1297 2085 1530 2141; x_wconf 84' lang='lat' dir='ltr'><strong>breviter</strong></span> <span class='ocrx_word' id='word_1_146' title='bbox 1558 2086 1732 2139; x_wconf 90' lang='lat' dir='ltr'><strong>clausa</strong></span> <span class='ocrx_word' id='word_1_147' title='bbox 1763 2099 1885 2138; x_wconf 82' lang='lat' dir='ltr'><strong>sen-</strong></span> 
     </span>
    </p>
   </div>
   <div class='ocr_carea' id='block_1_20' title="bbox 296 2174 1879 2247">
    <p class='ocr_par' dir='ltr' id='par_1_20' title="bbox 296 2174 1879 2247">
     <span class='ocr_line' id='line_1_20' title="bbox 296 2174 1879 2247; baseline 0 -20"><span class='ocrx_word' id='word_1_148' title='bbox 296 2175 462 2228; x_wconf 88' lang='lat' dir='ltr'><strong>tentia</strong></span> <span class='ocrx_word' id='word_1_149' title='bbox 492 2174 595 2229; x_wconf 93' lang='lat' dir='ltr'><strong>dici</strong></span> <span class='ocrx_word' id='word_1_150' title='bbox 644 2178 828 2244; x_wconf 90' lang='lat' dir='ltr'><strong>potuit,</strong></span> <span class='ocrx_word' id='word_1_151' title='bbox 862 2177 1030 2231; x_wconf 82' lang='lat' dir='ltr'><strong>Nolite</strong></span> <span class='ocrx_word' id='word_1_152' title='bbox 1061 2191 1181 2232; x_wconf 87' lang='lat' dir='ltr'><strong>esse</strong></span> <span class='ocrx_word' id='word_1_153' title='bbox 1203 2176 1373 2247; x_wconf 89' lang='lat' dir='ltr'><strong>pueri,</strong></span> <span class='ocrx_word' id='word_1_154' title='bbox 1402 2176 1495 2231; x_wconf 89' lang='lat' dir='ltr'><strong>sed</strong></span> <span class='ocrx_word' id='word_1_155' title='bbox 1511 2182 1683 2230; x_wconf 87' lang='lat' dir='ltr'><strong>estote</strong></span> <span class='ocrx_word' id='word_1_156' title='bbox 1711 2175 1879 2244; x_wconf 91' lang='lat' dir='ltr'><strong>pueri.</strong></span> 
     </span>
    </p>
   </div>
   <div class='ocr_carea' id='block_1_21' title="bbox 304 2264 1882 2338">
    <p class='ocr_par' dir='ltr' id='par_1_21' title="bbox 304 2264 1882 2338">
     <span class='ocr_line' id='line_1_21' title="bbox 304 2264 1882 2338; baseline 0.001 -20"><span class='ocrx_word' id='word_1_157' title='bbox 304 2264 370 2318; x_wconf 86' lang='lat' dir='ltr'><strong>Et</strong></span> <span class='ocrx_word' id='word_1_158' title='bbox 401 2264 550 2333; x_wconf 86' lang='lat' dir='ltr'><strong>illud,</strong></span> <span class='ocrx_word' id='word_1_159' title='bbox 581 2265 642 2321; x_wconf 98' lang='lat' dir='ltr'><strong>Si</strong></span> <span class='ocrx_word' id='word_1_160' title='bbox 666 2268 775 2332; x_wconf 88' lang='lat' dir='ltr'><strong>quis</strong></span> <span class='ocrx_word' id='word_1_161' title='bbox 806 2278 945 2338; x_wconf 90' lang='lat' dir='ltr'><strong>putat</strong></span> <span class='ocrx_word' id='word_1_162' title='bbox 970 2286 1019 2321; x_wconf 84' lang='lat' dir='ltr'><strong>se</strong></span> <span class='ocrx_word' id='word_1_163' title='bbox 1038 2268 1313 2338; x_wconf 88' lang='lat' dir='ltr'><strong>sapientem</strong></span> <span class='ocrx_word' id='word_1_164' title='bbox 1334 2284 1438 2321; x_wconf 89' lang='lat' dir='ltr'><strong>esse</strong></span> <span class='ocrx_word' id='word_1_165' title='bbox 1467 2267 1520 2321; x_wconf 89' lang='lat' dir='ltr'><strong>in</strong></span> <span class='ocrx_word' id='word_1_166' title='bbox 1546 2266 1680 2321; x_wconf 85' lang='lat' dir='ltr'><strong>vobis</strong></span> <span class='ocrx_word' id='word_1_167' title='bbox 1708 2266 1759 2319; x_wconf 89' lang='lat' dir='ltr'><strong>in</strong></span> <span class='ocrx_word' id='word_1_168' title='bbox 1789 2266 1882 2319; x_wconf 86' lang='lat' dir='ltr'><strong>hoc</strong></span> 
     </span>
    </p>
   </div>
   <div class='ocr_carea' id='block_1_22' title="bbox 262 2346 1873 2433">
    <p class='ocr_par' dir='ltr' id='par_1_22' title="bbox 262 2346 1873 2433">
     <span class='ocr_line' id='line_1_22' title="bbox 262 2346 1873 2433; baseline -0.001 -21"><span class='ocrx_word' id='word_1_169' title='bbox 262 2346 263 2349; x_wconf 1' lang='lat' dir='ltr'><strong>U</strong></span> <span class='ocrx_word' id='word_1_170' title='bbox 295 2358 496 2424; x_wconf 76' lang='lat' dir='ltr'><strong>swcalo,</strong></span> <span class='ocrx_word' id='word_1_171' title='bbox 529 2359 711 2414; x_wconf 87' lang='lat' dir='ltr'><strong>stultus</strong></span> <span class='ocrx_word' id='word_1_172' title='bbox 740 2361 859 2428; x_wconf 83' lang='lat' dir='ltr'><strong>ﬁat,</strong></span> <span class='ocrx_word' id='word_1_173' title='bbox 902 2371 952 2412; x_wconf 91' lang='lat' dir='ltr'><strong>ut</strong></span> <span class='ocrx_word' id='word_1_174' title='bbox 1000 2362 1065 2414; x_wconf 88' lang='lat' dir='ltr'><strong>sit</strong></span> <span class='ocrx_word' id='word_1_175' title='bbox 1099 2360 1301 2431; x_wconf 85' lang='lat' dir='ltr'><strong>sapiens</strong></span> <span class='ocrx_word' id='word_1_176' title='bbox 1337 2358 1448 2433; x_wconf 89' lang='lat' dir='ltr'><strong>(Id.</strong></span> <span class='ocrx_word' id='word_1_177' title='bbox 1473 2375 1551 2427; x_wconf 88' lang='grc' dir='ltr'>ιιι,</span> <span class='ocrx_word' id='word_1_178' title='bbox 1580 2360 1671 2429; x_wconf 79' lang='grc'><strong>18)</strong></span> <span class='ocrx_word' id='word_1_179' title='bbox 1707 2377 1720 2414; x_wconf 91' lang='lat'><strong>:</strong></span> <span class='ocrx_word' id='word_1_180' title='bbox 1749 2358 1873 2429; x_wconf 89' lang='lat' dir='ltr'><strong>qttid</strong></span> 
     </span>
    </p>
   </div>
   <div class='ocr_carea' id='block_1_23' title="bbox 298 2449 1880 2522">
    <p class='ocr_par' dir='ltr' id='par_1_23' title="bbox 298 2449 1880 2522">
     <span class='ocr_line' id='line_1_23' title="bbox 298 2449 1880 2522; baseline -0.001 -18"><span class='ocrx_word' id='word_1_181' title='bbox 298 2450 435 2504; x_wconf 89' lang='lat' dir='ltr'><strong>enim</strong></span> <span class='ocrx_word' id='word_1_182' title='bbox 454 2449 600 2505; x_wconf 90' lang='lat' dir='ltr'><strong>aliud</strong></span> <span class='ocrx_word' id='word_1_183' title='bbox 615 2450 765 2515; x_wconf 81' lang='lat' dir='ltr'><strong>dixit,</strong></span> <span class='ocrx_word' id='word_1_184' title='bbox 788 2467 962 2521; x_wconf 89' lang='lat' dir='ltr'><strong>quam,</strong></span> <span class='ocrx_word' id='word_1_185' title='bbox 989 2450 1103 2505; x_wconf 88' lang='lat' dir='ltr'><strong>Non</strong></span> <span class='ocrx_word' id='word_1_186' title='bbox 1126 2451 1199 2507; x_wconf 91' lang='lat' dir='ltr'><strong>sit</strong></span> <span class='ocrx_word' id='word_1_187' title='bbox 1217 2452 1451 2522; x_wconf 85' lang='lat' dir='ltr'><strong>sapiens,</strong></span> <span class='ocrx_word' id='word_1_188' title='bbox 1469 2458 1528 2505; x_wconf 90' lang='lat' dir='ltr'><strong>ut</strong></span> <span class='ocrx_word' id='word_1_189' title='bbox 1551 2451 1619 2504; x_wconf 88' lang='lat' dir='ltr'><strong>sit</strong></span> <span class='ocrx_word' id='word_1_190' title='bbox 1635 2450 1880 2520; x_wconf 87' lang='lat' dir='ltr'><strong>sapiens?</strong></span> 
     </span>
    </p>
   </div>
   <div class='ocr_carea' id='block_1_24' title="bbox 301 2537 1879 2611">
    <p class='ocr_par' dir='ltr' id='par_1_24' title="bbox 301 2537 1879 2611">
     <span class='ocr_line' id='line_1_24' title="bbox 301 2537 1879 2611; baseline 0.001 -18"><span class='ocrx_word' id='word_1_191' title='bbox 301 2541 601 2611; x_wconf 84' lang='lat' dir='ltr'><strong>Aliquando</strong></span> <span class='ocrx_word' id='word_1_192' title='bbox 629 2551 802 2596; x_wconf 88' lang='lat' dir='ltr'><strong>autem</strong></span> <span class='ocrx_word' id='word_1_193' title='bbox 847 2544 1039 2597; x_wconf 82' lang='lat' dir='ltr'><strong>clausae</strong></span> <span class='ocrx_word' id='word_1_194' title='bbox 1074 2542 1147 2596; x_wconf 86' lang='lat' dir='ltr'><strong>ita</strong></span> <span class='ocrx_word' id='word_1_195' title='bbox 1190 2537 1454 2609; x_wconf 89' lang='lat' dir='ltr'><strong>dicuntur,</strong></span> <span class='ocrx_word' id='word_1_196' title='bbox 1486 2549 1545 2596; x_wconf 88' lang='lat' dir='ltr'><strong>ut</strong></span> <span class='ocrx_word' id='word_1_197' title='bbox 1594 2551 1879 2596; x_wconf 80' lang='lat' dir='ltr'><strong>exerceant</strong></span> 
     </span>
    </p>
   </div>
   <div class='ocr_carea' id='block_1_25' title="bbox 297 2632 1879 2705">
    <p class='ocr_par' dir='ltr' id='par_1_25' title="bbox 297 2632 1879 2705">
     <span class='ocr_line' id='line_1_25' title="bbox 297 2632 1879 2705; baseline 0.001 -17"><span class='ocrx_word' id='word_1_198' title='bbox 297 2632 692 2703; x_wconf 85' lang='lat' dir='ltr'><strong>inquirentem:</strong></span> <span class='ocrx_word' id='word_1_199' title='bbox 726 2646 779 2688; x_wconf 94' lang='lat' dir='ltr'><strong>ut</strong></span> <span class='ocrx_word' id='word_1_200' title='bbox 834 2644 916 2689; x_wconf 91' lang='lat' dir='ltr'><strong>est</strong></span> <span class='ocrx_word' id='word_1_201' title='bbox 957 2634 1097 2705; x_wconf 92' lang='lat' dir='ltr'><strong>quod</strong></span> <span class='ocrx_word' id='word_1_202' title='bbox 1128 2634 1203 2689; x_wconf 88' lang='lat' dir='ltr'><strong>ait</strong></span> <span class='ocrx_word' id='word_1_203' title='bbox 1245 2634 1311 2689; x_wconf 91' lang='lat' dir='ltr'><strong>ad</strong></span> <span class='ocrx_word' id='word_1_204' title='bbox 1359 2634 1608 2701; x_wconf 85' lang='lat' dir='ltr'><strong>Galatas,</strong></span> <span class='ocrx_word' id='word_1_205' title='bbox 1656 2633 1879 2691; x_wconf 84' lang='lat' dir='ltr'><strong>Invicem</strong></span> 
     </span>
    </p>
   </div>
   <div class='ocr_carea' id='block_1_26' title="bbox 295 2722 1870 2795">
    <p class='ocr_par' dir='ltr' id='par_1_26' title="bbox 295 2722 1870 2795">
     <span class='ocr_line' id='line_1_26' title="bbox 295 2722 1870 2795; baseline 0 -17"><span class='ocrx_word' id='word_1_206' title='bbox 295 2740 448 2778; x_wconf 87' lang='lat' dir='ltr'><strong>onera</strong></span> <span class='ocrx_word' id='word_1_207' title='bbox 473 2735 634 2778; x_wconf 89' lang='lat' dir='ltr'><strong>vestra</strong></span> <span class='ocrx_word' id='word_1_208' title='bbox 658 2735 851 2795; x_wconf 86' lang='lat' dir='ltr'><strong>portate</strong></span> <span class='ocrx_word' id='word_1_209' title='bbox 870 2768 882 2788; x_wconf 92' lang='lat'><strong>,</strong></span> <span class='ocrx_word' id='word_1_210' title='bbox 908 2735 955 2779; x_wconf 89' lang='lat' dir='ltr'><strong>et</strong></span> <span class='ocrx_word' id='word_1_211' title='bbox 986 2725 1056 2779; x_wconf 84' lang='lat' dir='ltr'><strong>sic</strong></span> <span class='ocrx_word' id='word_1_212' title='bbox 1084 2723 1423 2795; x_wconf 81' lang='lat' dir='ltr'><strong>adimplebitis</strong></span> <span class='ocrx_word' id='word_1_213' title='bbox 1463 2725 1619 2795; x_wconf 90' lang='lat' dir='ltr'><strong>legem</strong></span> <span class='ocrx_word' id='word_1_214' title='bbox 1659 2722 1870 2779; x_wconf 84' lang='lat' dir='ltr'><strong>Christi.</strong></span> 
     </span>
    </p>
   </div>
   <div class='ocr_carea' id='block_1_27' title="bbox 301 2814 1876 2887">
    <p class='ocr_par' dir='ltr' id='par_1_27' title="bbox 301 2814 1876 2887">
     <span class='ocr_line' id='line_1_27' title="bbox 301 2814 1876 2887; baseline 0.001 -20"><span class='ocrx_word' id='word_1_215' title='bbox 301 2814 401 2881; x_wconf 86' lang='lat' dir='ltr'><strong>Qui</strong></span> <span class='ocrx_word' id='word_1_216' title='bbox 428 2815 558 2869; x_wconf 87' lang='lat' dir='ltr'><strong>enim</strong></span> <span class='ocrx_word' id='word_1_217' title='bbox 581 2825 724 2886; x_wconf 88' lang='lat' dir='ltr'><strong>putat</strong></span> <span class='ocrx_word' id='word_1_218' title='bbox 745 2833 797 2869; x_wconf 89' lang='lat' dir='ltr'><strong>se</strong></span> <span class='ocrx_word' id='word_1_219' title='bbox 822 2834 926 2870; x_wconf 89' lang='lat' dir='ltr'><strong>esse</strong></span> <span class='ocrx_word' id='word_1_220' title='bbox 953 2816 1176 2887; x_wconf 86' lang='lat' dir='ltr'><strong>aliquid,</strong></span> <span class='ocrx_word' id='word_1_221' title='bbox 1203 2832 1320 2869; x_wconf 89' lang='lat' dir='ltr'><strong>cum</strong></span> <span class='ocrx_word' id='word_1_222' title='bbox 1364 2815 1490 2869; x_wconf 85' lang='lat' dir='ltr'><strong>nihil</strong></span> <span class='ocrx_word' id='word_1_223' title='bbox 1524 2816 1623 2882; x_wconf 92' lang='lat' dir='ltr'><strong>sit,</strong></span> <span class='ocrx_word' id='word_1_224' title='bbox 1656 2816 1876 2887; x_wconf 87' lang='lat' dir='ltr'><strong>seipsum</strong></span> 
     </span>
    </p>
   </div>
   <div class='ocr_carea' id='block_1_28' title="bbox 292 2907 1873 2980">
    <p class='ocr_par' dir='ltr' id='par_1_28' title="bbox 292 2907 1873 2980">
     <span class='ocr_line' id='line_1_28' title="bbox 292 2907 1873 2980; baseline 0.001 -19"><span class='ocrx_word' id='word_1_225' title='bbox 292 2907 501 2961; x_wconf 85' lang='lat' dir='ltr'><strong>seducit.</strong></span> <span class='ocrx_word' id='word_1_226' title='bbox 540 2907 682 2977; x_wconf 87' lang='lat' dir='ltr'><strong>Opus</strong></span> <span class='ocrx_word' id='word_1_227' title='bbox 710 2919 873 2961; x_wconf 87' lang='lat' dir='ltr'><strong>autem</strong></span> <span class='ocrx_word' id='word_1_228' title='bbox 898 2925 1045 2963; x_wconf 89' lang='lat' dir='ltr'><strong>suum</strong></span> <span class='ocrx_word' id='word_1_229' title='bbox 1085 2908 1258 2980; x_wconf 90' lang='lat' dir='ltr'><strong>probet</strong></span> <span class='ocrx_word' id='word_1_230' title='bbox 1287 2908 1641 2977; x_wconf 83' lang='lat' dir='ltr'><strong>unusquisque,</strong></span> <span class='ocrx_word' id='word_1_231' title='bbox 1675 2918 1722 2962; x_wconf 89' lang='lat' dir='ltr'><strong>et</strong></span> <span class='ocrx_word' id='word_1_232' title='bbox 1755 2918 1873 2963; x_wconf 84' lang='lat' dir='ltr'><strong>tunc</strong></span> 
     </span>
    </p>
   </div>
   <div class='ocr_carea' id='block_1_29' title="bbox 292 2998 1878 3070">
    <p class='ocr_par' dir='ltr' id='par_1_29' title="bbox 292 2998 1878 3070">
     <span class='ocr_line' id='line_1_29' title="bbox 292 2998 1878 3070; baseline 0.001 -18"><span class='ocrx_word' id='word_1_233' title='bbox 292 2998 345 3052; x_wconf 87' lang='lat' dir='ltr'><strong>in</strong></span> <span class='ocrx_word' id='word_1_234' title='bbox 371 3000 636 3065; x_wconf 86' lang='lat' dir='ltr'><strong>semetipso</strong></span> <span class='ocrx_word' id='word_1_235' title='bbox 664 2999 858 3052; x_wconf 81' lang='lat' dir='ltr'><strong>habebit</strong></span> <span class='ocrx_word' id='word_1_236' title='bbox 901 3000 1134 3070; x_wconf 87' lang='lat' dir='ltr'><strong>gloriam,</strong></span> <span class='ocrx_word' id='word_1_237' title='bbox 1172 3008 1219 3053; x_wconf 90' lang='lat' dir='ltr'><strong>et</strong></span> <span class='ocrx_word' id='word_1_238' title='bbox 1267 3016 1367 3053; x_wconf 87' lang='lat' dir='ltr'><strong>non</strong></span> <span class='ocrx_word' id='word_1_239' title='bbox 1409 3000 1462 3053; x_wconf 89' lang='lat' dir='ltr'><strong>in</strong></span> <span class='ocrx_word' id='word_1_240' title='bbox 1489 2999 1667 3052; x_wconf 89' lang='lat' dir='ltr'><strong>altero.</strong></span> <span class='ocrx_word' id='word_1_241' title='bbox 1709 2998 1878 3053; x_wconf 86' lang='lat' dir='ltr'><strong>Unus-</strong></span> 
     </span>
    </p>
   </div>
   <div class='ocr_carea' id='block_1_30' title="bbox 292 3088 1871 3161">
    <p class='ocr_par' dir='ltr' id='par_1_30' title="bbox 292 3088 1871 3161">
     <span class='ocr_line' id='line_1_30' title="bbox 292 3088 1871 3161; baseline 0 -19"><span class='ocrx_word' id='word_1_242' title='bbox 292 3092 501 3161; x_wconf 82' lang='lat' dir='ltr'><strong>quisque</strong></span> <span class='ocrx_word' id='word_1_243' title='bbox 551 3093 679 3144; x_wconf 87' lang='lat' dir='ltr'><strong>enim</strong></span> <span class='ocrx_word' id='word_1_244' title='bbox 709 3092 969 3161; x_wconf 85' lang='lat' dir='ltr'><strong>proprium</strong></span> <span class='ocrx_word' id='word_1_245' title='bbox 998 3106 1123 3143; x_wconf 89' lang='lat' dir='ltr'><strong>onus</strong></span> <span class='ocrx_word' id='word_1_246' title='bbox 1166 3090 1382 3160; x_wconf 87' lang='lat' dir='ltr'><strong>portabit</strong></span> <span class='ocrx_word' id='word_1_247' title='bbox 1407 3088 1601 3158; x_wconf 80' lang='lat' dir='ltr'><strong>(Galat.</strong></span> <span class='ocrx_word' id='word_1_248' title='bbox 1630 3105 1703 3155; x_wconf 79' lang='lat' dir='ltr'><strong>Vl,</strong></span> <span class='ocrx_word' id='word_1_249' title='bbox 1733 3089 1871 3158; x_wconf 74' lang='grc'><strong>2-5).</strong></span> 
     </span>
    </p>
   </div>
   <div class='ocr_carea' id='block_1_31' title="bbox 298 3180 1873 3251">
    <p class='ocr_par' dir='ltr' id='par_1_31' title="bbox 298 3180 1873 3251">
     <span class='ocr_line' id='line_1_31' title="bbox 298 3180 1873 3251; baseline -0.001 -14"><span class='ocrx_word' id='word_1_250' title='bbox 298 3181 409 3237; x_wconf 66' lang='lat' dir='ltr'><strong>Nisi</strong></span> <span class='ocrx_word' id='word_1_251' title='bbox 441 3183 622 3237; x_wconf 90' lang='lat' dir='ltr'><strong>oneris</strong></span> <span class='ocrx_word' id='word_1_252' title='bbox 666 3197 857 3237; x_wconf 90' lang='lat' dir='ltr'><strong>nomen</strong></span> <span class='ocrx_word' id='word_1_253' title='bbox 885 3182 983 3237; x_wconf 89' lang='lat' dir='ltr'><strong>sub</strong></span> <span class='ocrx_word' id='word_1_254' title='bbox 1013 3180 1238 3237; x_wconf 84' lang='lat' dir='ltr'><strong>diversis</strong></span> <span class='ocrx_word' id='word_1_255' title='bbox 1282 3181 1760 3251; x_wconf 84' lang='lat' dir='ltr'><strong>signiﬁcationibus</strong></span> <span class='ocrx_word' id='word_1_256' title='bbox 1782 3195 1873 3235; x_wconf 85' lang='lat' dir='ltr'><strong>ac-</strong></span> 
     </span>
    </p>
   </div>
   <div class='ocr_carea' id='block_1_32' title="bbox 288 3270 1875 3343">
    <p class='ocr_par' dir='ltr' id='par_1_32' title="bbox 288 3270 1875 3343">
     <span class='ocr_line' id='line_1_32' title="bbox 288 3270 1875 3343; baseline -0.001 -16"><span class='ocrx_word' id='word_1_257' title='bbox 288 3272 516 3343; x_wconf 86' lang='lat' dir='ltr'><strong>ceperis,</strong></span> <span class='ocrx_word' id='word_1_258' title='bbox 533 3273 713 3341; x_wconf 88' lang='lat' dir='ltr'><strong>procul</strong></span> <span class='ocrx_word' id='word_1_259' title='bbox 729 3272 889 3326; x_wconf 90' lang='lat' dir='ltr'><strong>dubio</strong></span> <span class='ocrx_word' id='word_1_260' title='bbox 910 3272 1117 3341; x_wconf 88' lang='lat' dir='ltr'><strong>putabis</strong></span> <span class='ocrx_word' id='word_1_261' title='bbox 1133 3270 1378 3325; x_wconf 92' lang='lat' dir='ltr'><strong>eumdem</strong></span> <span class='ocrx_word' id='word_1_262' title='bbox 1409 3271 1507 3325; x_wconf 89' lang='lat' dir='ltr'><strong>sibi</strong></span> <span class='ocrx_word' id='word_1_263' title='bbox 1536 3272 1588 3325; x_wconf 91' lang='lat' dir='ltr'><strong>in</strong></span> <span class='ocrx_word' id='word_1_264' title='bbox 1612 3270 1875 3340; x_wconf 91' lang='lat' dir='ltr'><strong>loquendo</strong></span> 
     </span>
    </p>
   </div>
   <div class='ocr_carea' id='block_1_33' title="bbox 290 3363 1875 3439">
    <p class='ocr_par' dir='ltr' id='par_1_33' title="bbox 290 3363 1875 3439">
     <span class='ocr_line' id='line_1_33' title="bbox 290 3363 1875 3439; baseline -0.001 -20"><span class='ocrx_word' id='word_1_265' title='bbox 290 3380 412 3420; x_wconf 90' lang='lat' dir='ltr'><strong>esse</strong></span> <span class='ocrx_word' id='word_1_266' title='bbox 439 3365 789 3432; x_wconf 88' lang='lat' dir='ltr'><strong>contrarium,</strong></span> <span class='ocrx_word' id='word_1_267' title='bbox 828 3374 883 3419; x_wconf 92' lang='lat' dir='ltr'><strong>et</strong></span> <span class='ocrx_word' id='word_1_268' title='bbox 924 3364 1027 3439; x_wconf 84' lang='lat' dir='ltr'><strong>hoc</strong></span> <span class='ocrx_word' id='word_1_269' title='bbox 1063 3364 1113 3416; x_wconf 92' lang='lat' dir='ltr'><strong>in</strong></span> <span class='ocrx_word' id='word_1_270' title='bbox 1143 3378 1245 3417; x_wconf 92' lang='lat' dir='ltr'><strong>una</strong></span> <span class='ocrx_word' id='word_1_271' title='bbox 1277 3364 1538 3417; x_wconf 88' lang='lat' dir='ltr'><strong>sententia</strong></span> <span class='ocrx_word' id='word_1_272' title='bbox 1568 3375 1672 3416; x_wconf 88' lang='lat' dir='ltr'><strong>tam</strong></span> <span class='ocrx_word' id='word_1_273' title='bbox 1703 3363 1875 3417; x_wconf 85' lang='lat' dir='ltr'><strong>vicine</strong></span> 
     </span>
    </p>
   </div>
   <div class='ocr_carea' id='block_1_34' title="bbox 291 3452 1874 3527">
    <p class='ocr_par' dir='ltr' id='par_1_34' title="bbox 291 3452 1874 3527">
     <span class='ocr_line' id='line_1_34' title="bbox 291 3452 1874 3527; baseline -0.002 -17"><span class='ocrx_word' id='word_1_274' title='bbox 291 3457 479 3527; x_wconf 89' lang='lat' dir='ltr'><strong>positis</strong></span> <span class='ocrx_word' id='word_1_275' title='bbox 506 3457 684 3512; x_wconf 87' lang='lat' dir='ltr'><strong>verbis</strong></span> <span class='ocrx_word' id='word_1_276' title='bbox 711 3457 832 3526; x_wconf 91' lang='lat' dir='ltr'><strong>:qui</strong></span> <span class='ocrx_word' id='word_1_277' title='bbox 862 3471 982 3510; x_wconf 91' lang='lat' dir='ltr'><strong>cum</strong></span> <span class='ocrx_word' id='word_1_278' title='bbox 1016 3454 1171 3524; x_wconf 90' lang='lat' dir='ltr'><strong>paulo</strong></span> <span class='ocrx_word' id='word_1_279' title='bbox 1196 3464 1318 3507; x_wconf 90' lang='lat' dir='ltr'><strong>ante</strong></span> <span class='ocrx_word' id='word_1_280' title='bbox 1362 3452 1584 3519; x_wconf 87' lang='lat' dir='ltr'><strong>diceret,</strong></span> <span class='ocrx_word' id='word_1_281' title='bbox 1614 3453 1756 3507; x_wconf 82' lang='lat' dir='ltr'><strong>Alter</strong></span> <span class='ocrx_word' id='word_1_282' title='bbox 1796 3454 1874 3507; x_wconf 83' lang='lat' dir='ltr'><strong>al-</strong></span> 
     </span>
    </p>
   </div>
   <div class='ocr_carea' id='block_1_35' title="bbox 290 3542 1876 3617">
    <p class='ocr_par' dir='ltr' id='par_1_35' title="bbox 290 3542 1876 3617">
     <span class='ocr_line' id='line_1_35' title="bbox 290 3542 1876 3617; baseline -0.004 -15"><span class='ocrx_word' id='word_1_283' title='bbox 290 3550 445 3603; x_wconf 87' lang='lat' dir='ltr'><strong>terius</strong></span> <span class='ocrx_word' id='word_1_284' title='bbox 476 3564 627 3603; x_wconf 90' lang='lat' dir='ltr'><strong>onera</strong></span> <span class='ocrx_word' id='word_1_285' title='bbox 674 3555 903 3617; x_wconf 88' lang='lat' dir='ltr'><strong>portate;</strong></span> <span class='ocrx_word' id='word_1_286' title='bbox 952 3555 1134 3615; x_wconf 87' lang='lat' dir='ltr'><strong>postea</strong></span> <span class='ocrx_word' id='word_1_287' title='bbox 1177 3544 1329 3610; x_wconf 85' lang='lat' dir='ltr'><strong>dixit,</strong></span> <span class='ocrx_word' id='word_1_288' title='bbox 1375 3542 1726 3614; x_wconf 89' lang='lat' dir='ltr'><strong>Unusquisque</strong></span> <span class='ocrx_word' id='word_1_289' title='bbox 1756 3560 1876 3613; x_wconf 88' lang='lat' dir='ltr'><strong>pro-</strong></span> 
     </span>
    </p>
   </div>
   <div class='ocr_carea' id='block_1_36' title="bbox 292 3635 1873 3708">
    <p class='ocr_par' dir='ltr' id='par_1_36' title="bbox 292 3635 1873 3708">
     <span class='ocr_line' id='line_1_36' title="bbox 292 3635 1873 3708; baseline -0.003 -17"><span class='ocrx_word' id='word_1_290' title='bbox 292 3641 460 3708; x_wconf 89' lang='lat' dir='ltr'><strong>prium</strong></span> <span class='ocrx_word' id='word_1_291' title='bbox 489 3655 615 3692; x_wconf 87' lang='lat' dir='ltr'><strong>onus</strong></span> <span class='ocrx_word' id='word_1_292' title='bbox 657 3637 891 3708; x_wconf 88' lang='lat' dir='ltr'><strong>portabit.</strong></span> <span class='ocrx_word' id='word_1_293' title='bbox 924 3635 1029 3691; x_wconf 87' lang='lat' dir='ltr'><strong>Sed</strong></span> <span class='ocrx_word' id='word_1_294' title='bbox 1058 3636 1159 3689; x_wconf 86' lang='lat' dir='ltr'><strong>alia</strong></span> <span class='ocrx_word' id='word_1_295' title='bbox 1210 3643 1332 3689; x_wconf 91' lang='lat' dir='ltr'><strong>sunt</strong></span> <span class='ocrx_word' id='word_1_296' title='bbox 1358 3650 1520 3689; x_wconf 90' lang='lat' dir='ltr'><strong>onera</strong></span> <span class='ocrx_word' id='word_1_297' title='bbox 1553 3635 1873 3704; x_wconf 88' lang='lat' dir='ltr'><strong>participan-</strong></span> 
     </span>
    </p>
   </div>
   <div class='ocr_carea' id='block_1_37' title="bbox 290 3726 1861 3795">
    <p class='ocr_par' dir='ltr' id='par_1_37' title="bbox 290 3726 1861 3795">
     <span class='ocr_line' id='line_1_37' title="bbox 290 3726 1861 3795; baseline -0.004 -9"><span class='ocrx_word' id='word_1_298' title='bbox 290 3732 371 3787; x_wconf 70' lang='lat' dir='ltr'><strong>dte</strong></span> <span class='ocrx_word' id='word_1_299' title='bbox 400 3731 741 3795; x_wconf 90' lang='lat' dir='ltr'><strong>inﬁrmitatis,</strong></span> <span class='ocrx_word' id='word_1_300' title='bbox 764 3729 863 3783; x_wconf 89' lang='lat' dir='ltr'><strong>alia</strong></span> <span class='ocrx_word' id='word_1_301' title='bbox 890 3728 1175 3784; x_wconf 76' lang='lat' dir='ltr'><strong>reddenda:</strong></span> <span class='ocrx_word' id='word_1_302' title='bbox 1191 3728 1411 3781; x_wconf 90' lang='lat' dir='ltr'><strong>rationis</strong></span> <span class='ocrx_word' id='word_1_303' title='bbox 1436 3727 1543 3781; x_wconf 92' lang='lat' dir='ltr'><strong>Deo</strong></span> <span class='ocrx_word' id='word_1_304' title='bbox 1561 3727 1627 3779; x_wconf 91' lang='lat' dir='ltr'><strong>de</strong></span> <span class='ocrx_word' id='word_1_305' title='bbox 1657 3726 1861 3780; x_wconf 89' lang='lat' dir='ltr'><strong>actibus</strong></span> 
     </span>
    </p>
   </div>
   <div class='ocr_carea' id='block_1_38' title="bbox 290 3817 1872 3877">
    <p class='ocr_par' dir='ltr' id='par_1_38' title="bbox 290 3817 1872 3877">
     <span class='ocr_line' id='line_1_38' title="bbox 290 3817 1872 3877; baseline -0.004 0"><span class='ocrx_word' id='word_1_306' title='bbox 290 3823 491 3877; x_wconf 87' lang='lat' dir='ltr'><strong>nostris</strong></span> <span class='ocrx_word' id='word_1_307' title='bbox 521 3839 533 3875; x_wconf 95' lang='lat'>:</span> <span class='ocrx_word' id='word_1_308' title='bbox 559 3821 644 3874; x_wconf 90' lang='lat' dir='ltr'><strong>illa</strong></span> <span class='ocrx_word' id='word_1_309' title='bbox 672 3836 795 3874; x_wconf 89' lang='lat' dir='ltr'><strong>cum</strong></span> <span class='ocrx_word' id='word_1_310' title='bbox 818 3820 1069 3873; x_wconf 84' lang='lat' dir='ltr'><strong>fratribus</strong></span> <span class='ocrx_word' id='word_1_311' title='bbox 1100 3817 1443 3874; x_wconf 87' lang='lat' dir='ltr'><strong>sustentanda</strong></span> <span class='ocrx_word' id='word_1_312' title='bbox 1471 3817 1872 3872; x_wconf 89' lang='lat' dir='ltr'><strong>communican-</strong></span> 
     </span>
    </p>
   </div>
   <div class='ocr_carea' id='block_1_39' title="bbox 291 3909 1872 3982">
    <p class='ocr_par' dir='ltr' id='par_1_39' title="bbox 291 3909 1872 3982">
     <span class='ocr_line' id='line_1_39' title="bbox 291 3909 1872 3982; baseline -0.004 -14"><span class='ocrx_word' id='word_1_313' title='bbox 291 3922 392 3978; x_wconf 83' lang='lat' dir='ltr'><strong>tur,</strong></span> <span class='ocrx_word' id='word_1_314' title='bbox 427 3913 541 3967; x_wconf 69' lang='lat' dir='ltr'><strong>haec</strong></span> <span class='ocrx_word' id='word_1_315' title='bbox 566 3914 778 3982; x_wconf 86' lang='lat' dir='ltr'><strong>propria</strong></span> <span class='ocrx_word' id='word_1_316' title='bbox 796 3912 862 3965; x_wconf 89' lang='lat' dir='ltr'><strong>ab</strong></span> <span class='ocrx_word' id='word_1_317' title='bbox 887 3925 1205 3981; x_wconf 89' lang='lat' dir='ltr'><strong>unoquoque</strong></span> <span class='ocrx_word' id='word_1_318' title='bbox 1232 3917 1529 3980; x_wconf 88' lang='lat' dir='ltr'><strong>portantur.</strong></span> <span class='ocrx_word' id='word_1_319' title='bbox 1560 3909 1637 3962; x_wconf 89' lang='lat' dir='ltr'><strong>Ita</strong></span> <span class='ocrx_word' id='word_1_320' title='bbox 1654 3918 1705 3962; x_wconf 91' lang='lat' dir='ltr'><strong>et</strong></span> <span class='ocrx_word' id='word_1_321' title='bbox 1731 3909 1872 3978; x_wconf 89' lang='lat' dir='ltr'><strong>virga</strong></span> 
     </span>
    </p>
   </div>
   <div class='ocr_carea' id='block_1_40' title="bbox 295 4001 1868 4074">
    <p class='ocr_par' dir='ltr' id='par_1_40' title="bbox 295 4001 1868 4074">
     <span class='ocr_line' id='line_1_40' title="bbox 295 4001 1868 4074; baseline -0.004 -14"><span class='ocrx_word' id='word_1_322' title='bbox 295 4004 612 4074; x_wconf 83' lang='lat' dir='ltr'><strong>intelligitur</strong></span> <span class='ocrx_word' id='word_1_323' title='bbox 639 4004 1004 4074; x_wconf 86' lang='lat' dir='ltr'><strong>spiritualiter,</strong></span> <span class='ocrx_word' id='word_1_324' title='bbox 1048 4002 1113 4056; x_wconf 88' lang='lat' dir='ltr'><strong>dc</strong></span> <span class='ocrx_word' id='word_1_325' title='bbox 1153 4018 1257 4072; x_wconf 90' lang='lat' dir='ltr'><strong>qua</strong></span> <span class='ocrx_word' id='word_1_326' title='bbox 1298 4001 1510 4056; x_wconf 89' lang='lat' dir='ltr'><strong>dicebat</strong></span> <span class='ocrx_word' id='word_1_327' title='bbox 1555 4001 1868 4071; x_wconf 82' lang='lat' dir='ltr'><strong>Apostolus,</strong></span> 
     </span>
    </p>
   </div>
   <div class='ocr_carea' id='block_1_41' title="bbox 296 4091 1867 4167">
    <p class='ocr_par' dir='ltr' id='par_1_41' title="bbox 296 4091 1867 4167">
     <span class='ocr_line' id='line_1_41' title="bbox 296 4091 1867 4167; baseline -0.001 -18"><span class='ocrx_word' id='word_1_328' title='bbox 296 4094 364 4149; x_wconf 87' lang='lat' dir='ltr'><strong>In</strong></span> <span class='ocrx_word' id='word_1_329' title='bbox 385 4096 527 4167; x_wconf 90' lang='lat' dir='ltr'><strong>virga</strong></span> <span class='ocrx_word' id='word_1_330' title='bbox 548 4095 741 4149; x_wconf 88' lang='lat' dir='ltr'><strong>veniam</strong></span> <span class='ocrx_word' id='word_1_331' title='bbox 761 4094 828 4147; x_wconf 88' lang='lat' dir='ltr'><strong>ad</strong></span> <span class='ocrx_word' id='word_1_332' title='bbox 844 4110 929 4148; x_wconf 89' lang='lat' dir='ltr'><strong>vos</strong></span> <span class='ocrx_word' id='word_1_333' title='bbox 954 4093 995 4163; x_wconf 86' lang='grc' dir='ltr'><strong>(Ι</strong></span> <span class='ocrx_word' id='word_1_334' title='bbox 1015 4093 1132 4147; x_wconf 89' lang='lat' dir='ltr'><strong>Cor.</strong></span> <span class='ocrx_word' id='word_1_335' title='bbox 1159 4108 1231 4157; x_wconf 88' lang='lat' dir='ltr'><strong>tv,</strong></span> <span class='ocrx_word' id='word_1_336' title='bbox 1260 4092 1322 4146; x_wconf 75' lang='grc'>21</span> <span class='ocrx_word' id='word_1_337' title='bbox 1343 4091 1399 4162; x_wconf 89' lang='lat'><strong>)?</strong></span> <span class='ocrx_word' id='word_1_338' title='bbox 1427 4100 1480 4147; x_wconf 91' lang='lat' dir='ltr'><strong>et</strong></span> <span class='ocrx_word' id='word_1_339' title='bbox 1504 4093 1867 4161; x_wconf 88' lang='lat' dir='ltr'><strong>corporaliter,</strong></span> 
     </span>
    </p>
   </div>
   <div class='ocr_carea' id='block_1_42' title="bbox 292 4181 1874 4255">
    <p class='ocr_par' dir='ltr' id='par_1_42' title="bbox 292 4181 1874 4255">
     <span class='ocr_line' id='line_1_42' title="bbox 292 4181 1874 4255; baseline -0.003 -13"><span class='ocrx_word' id='word_1_340' title='bbox 292 4189 406 4241; x_wconf 85' lang='lat' dir='ltr'><strong>sive</strong></span> <span class='ocrx_word' id='word_1_341' title='bbox 432 4186 498 4241; x_wconf 89' lang='lat' dir='ltr'><strong>ad</strong></span> <span class='ocrx_word' id='word_1_342' title='bbox 525 4200 717 4255; x_wconf 89' lang='lat' dir='ltr'><strong>equum</strong></span> <span class='ocrx_word' id='word_1_343' title='bbox 744 4200 845 4255; x_wconf 87' lang='lat' dir='ltr'><strong>qua</strong></span> <span class='ocrx_word' id='word_1_344' title='bbox 871 4184 1067 4238; x_wconf 88' lang='lat' dir='ltr'><strong>utimur</strong></span> <span class='ocrx_word' id='word_1_345' title='bbox 1114 4182 1226 4237; x_wconf 89' lang='lat' dir='ltr'><strong>sive</strong></span> <span class='ocrx_word' id='word_1_346' title='bbox 1257 4181 1324 4236; x_wconf 91' lang='lat' dir='ltr'><strong>ad</strong></span> <span class='ocrx_word' id='word_1_347' title='bbox 1349 4181 1548 4252; x_wconf 90' lang='lat' dir='ltr'><strong>aliquid</strong></span> <span class='ocrx_word' id='word_1_348' title='bbox 1574 4182 1718 4236; x_wconf 89' lang='lat' dir='ltr'><strong>aliud</strong></span> <span class='ocrx_word' id='word_1_349' title='bbox 1738 4198 1874 4253; x_wconf 89' lang='lat' dir='ltr'><strong>opus</strong></span> 
     </span>
    </p>
   </div>
   <div class='ocr_carea' id='block_1_43' title="bbox 286 4273 1873 4344">
    <p class='ocr_par' dir='ltr' id='par_1_43' title="bbox 286 4273 1873 4344">
     <span class='ocr_line' id='line_1_43' title="bbox 286 4273 1873 4344; baseline -0.001 -13"><span class='ocrx_word' id='word_1_350' title='bbox 286 4277 445 4333; x_wconf 78' lang='lat' dir='ltr'><strong>fuerit</strong></span> <span class='ocrx_word' id='word_1_351' title='bbox 472 4294 485 4329; x_wconf 76' lang='grc' dir='ltr'>ε</span> <span class='ocrx_word' id='word_1_352' title='bbox 514 4286 573 4330; x_wconf 85' lang='grc' dir='ltr'><strong>ιιι</strong></span> <span class='ocrx_word' id='word_1_353' title='bbox 596 4276 808 4330; x_wconf 91' lang='lat' dir='ltr'><strong>interim</strong></span> <span class='ocrx_word' id='word_1_354' title='bbox 838 4274 1082 4328; x_wconf 86' lang='lat' dir='ltr'><strong>omittam</strong></span> <span class='ocrx_word' id='word_1_355' title='bbox 1132 4282 1185 4327; x_wconf 91' lang='lat' dir='ltr'><strong>et</strong></span> <span class='ocrx_word' id='word_1_356' title='bbox 1212 4274 1341 4328; x_wconf 88' lang='lat' dir='ltr'><strong>alias</strong></span> <span class='ocrx_word' id='word_1_357' title='bbox 1371 4273 1527 4344; x_wconf 89' lang='lat' dir='ltr'><strong>hujus</strong></span> <span class='ocrx_word' id='word_1_358' title='bbox 1554 4274 1781 4329; x_wconf 89' lang='lat' dir='ltr'><strong>nominis</strong></span> <span class='ocrx_word' id='word_1_359' title='bbox 1813 4276 1873 4329; x_wconf 83' lang='lat' dir='ltr'><strong>li-</strong></span> 
     </span>
    </p>
   </div>
   <div class='ocr_carea' id='block_1_44' title="bbox 286 4367 954 4440">
    <p class='ocr_par' dir='ltr' id='par_1_44' title="bbox 286 4367 954 4440">
     <span class='ocr_line' id='line_1_44' title="bbox 286 4367 954 4440; baseline -0.004 -18"><span class='ocrx_word' id='word_1_360' title='bbox 286 4379 501 4440; x_wconf 85' lang='lat' dir='ltr'><strong>guratas</strong></span> <span class='ocrx_word' id='word_1_361' title='bbox 524 4367 954 4439; x_wconf 90' lang='lat' dir='ltr'><strong>signiﬁcationes.</strong></span> 
     </span>
    </p>
   </div>
   <div class='ocr_carea' id='block_1_45' title="bbox 350 4459 1869 4531">
    <p class='ocr_par' dir='ltr' id='par_1_45' title="bbox 350 4459 1869 4531">
     <span class='ocr_line' id='line_1_45' title="bbox 350 4459 1869 4531; baseline 0.001 -15"><span class='ocrx_word' id='word_1_362' title='bbox 350 4461 437 4516; x_wconf 82' lang='lat'><strong>7&#39;5.</strong></span> <span class='ocrx_word' id='word_1_363' title='bbox 448 4460 737 4529; x_wconf 90' lang='lat' dir='ltr'><strong>Utrumque</strong></span> <span class='ocrx_word' id='word_1_364' title='bbox 754 4476 881 4531; x_wconf 88' lang='lat' dir='ltr'><strong>ergo</strong></span> <span class='ocrx_word' id='word_1_365' title='bbox 893 4459 1258 4529; x_wconf 89' lang='lat' dir='ltr'><strong>accipiendum</strong></span> <span class='ocrx_word' id='word_1_366' title='bbox 1274 4468 1355 4514; x_wconf 90' lang='lat' dir='ltr'><strong>est</strong></span> <span class='ocrx_word' id='word_1_367' title='bbox 1367 4474 1395 4513; x_wconf 90' lang='lat' dir='ltr'><strong>a</strong></span> <span class='ocrx_word' id='word_1_368' title='bbox 1408 4460 1633 4515; x_wconf 90' lang='lat' dir='ltr'><strong>Domino</strong></span> <span class='ocrx_word' id='word_1_369' title='bbox 1646 4462 1869 4531; x_wconf 71' lang='lat' dir='ltr'><strong>Aposle.</strong></span> 
     </span>
    </p>
   </div>
   <div class='ocr_carea' id='block_1_46' title="bbox 285 4552 1870 4623">
    <p class='ocr_par' dir='ltr' id='par_1_46' title="bbox 285 4552 1870 4623">
     <span class='ocr_line' id='line_1_46' title="bbox 285 4552 1870 4623; baseline -0.002 -13"><span class='ocrx_word' id='word_1_370' title='bbox 285 4554 354 4610; x_wconf 91' lang='lat' dir='ltr'><strong>lis</strong></span> <span class='ocrx_word' id='word_1_371' title='bbox 365 4554 587 4621; x_wconf 91' lang='lat' dir='ltr'><strong>dictum,</strong></span> <span class='ocrx_word' id='word_1_372' title='bbox 605 4563 657 4609; x_wconf 91' lang='lat' dir='ltr'><strong>et</strong></span> <span class='ocrx_word' id='word_1_373' title='bbox 672 4562 730 4608; x_wconf 91' lang='lat' dir='ltr'><strong>ut</strong></span> <span class='ocrx_word' id='word_1_374' title='bbox 744 4554 1051 4623; x_wconf 87' lang='lat' dir='ltr'><strong>necvirgam</strong></span> <span class='ocrx_word' id='word_1_375' title='bbox 1067 4552 1284 4619; x_wconf 86' lang='lat' dir='ltr'><strong>ferrent,</strong></span> <span class='ocrx_word' id='word_1_376' title='bbox 1306 4562 1359 4607; x_wconf 92' lang='lat' dir='ltr'><strong>et</strong></span> <span class='ocrx_word' id='word_1_377' title='bbox 1374 4563 1429 4607; x_wconf 94' lang='lat' dir='ltr'><strong>ut</strong></span> <span class='ocrx_word' id='word_1_378' title='bbox 1445 4554 1653 4608; x_wconf 90' lang='lat' dir='ltr'><strong>nonnisi</strong></span> <span class='ocrx_word' id='word_1_379' title='bbox 1670 4555 1870 4623; x_wconf 82' lang='lat' dir='ltr'><strong>virgam</strong></span> 
     </span>
    </p>
   </div>
   <div class='ocr_carea' id='block_1_47' title="bbox 285 4643 1870 4710">
    <p class='ocr_par' dir='ltr' id='par_1_47' title="bbox 285 4643 1870 4710">
     <span class='ocr_line' id='line_1_47' title="bbox 285 4643 1870 4710; baseline -0.002 -10"><span class='ocrx_word' id='word_1_380' title='bbox 285 4646 642 4701; x_wconf 84' lang='lat' dir='ltr'><strong>ferrent.Cutn</strong></span> <span class='ocrx_word' id='word_1_381' title='bbox 655 4646 795 4700; x_wconf 89' lang='lat' dir='ltr'><strong>enim</strong></span> <span class='ocrx_word' id='word_1_382' title='bbox 812 4645 1099 4699; x_wconf 87' lang='lat' dir='ltr'><strong>secundum</strong></span> <span class='ocrx_word' id='word_1_383' title='bbox 1115 4644 1415 4697; x_wconf 81' lang='lat' dir='ltr'><strong>Matthaeum</strong></span> <span class='ocrx_word' id='word_1_384' title='bbox 1430 4643 1631 4698; x_wconf 89' lang='lat' dir='ltr'><strong>diceret</strong></span> <span class='ocrx_word' id='word_1_385' title='bbox 1642 4644 1739 4710; x_wconf 88' lang='lat' dir='ltr'><strong>eis,</strong></span> <span class='ocrx_word' id='word_1_386' title='bbox 1757 4644 1804 4697; x_wconf 85' lang='grc' dir='ltr'><em>Ν</em></span> <span class='ocrx_word' id='word_1_387' title='bbox 1812 4661 1870 4697; x_wconf 91' lang='lat' dir='ltr'><strong>o-</strong></span> 
     </span>
    </p>
   </div>
   <div class='ocr_carea' id='block_1_48' title="bbox 284 4736 1872 4808">
    <p class='ocr_par' dir='ltr' id='par_1_48' title="bbox 284 4736 1872 4808">
     <span class='ocr_line' id='line_1_48' title="bbox 284 4736 1872 4808; baseline -0.001 -16"><span class='ocrx_word' id='word_1_388' title='bbox 284 4738 370 4792; x_wconf 91' lang='lat' dir='ltr'><strong>lite</strong></span> <span class='ocrx_word' id='word_1_389' title='bbox 390 4737 644 4808; x_wconf 88' lang='lat' dir='ltr'><strong>possidere</strong></span> <span class='ocrx_word' id='word_1_390' title='bbox 668 4753 869 4802; x_wconf 88' lang='lat' dir='ltr'><strong>aurum,</strong></span> <span class='ocrx_word' id='word_1_391' title='bbox 891 4752 1049 4807; x_wconf 88' lang='lat' dir='ltr'><strong>neque</strong></span> <span class='ocrx_word' id='word_1_392' title='bbox 1069 4744 1349 4806; x_wconf 88' lang='lat' dir='ltr'><strong>argentum,</strong></span> <span class='ocrx_word' id='word_1_393' title='bbox 1370 4752 1526 4805; x_wconf 89' lang='lat' dir='ltr'><strong>neque</strong></span> <span class='ocrx_word' id='word_1_394' title='bbox 1540 4736 1801 4805; x_wconf 85' lang='lat' dir='ltr'><strong>pecuniam</strong></span> <span class='ocrx_word' id='word_1_395' title='bbox 1818 4737 1872 4791; x_wconf 69' lang='lat' dir='ltr'><strong>ir.</strong></span> 
     </span>
    </p>
   </div>
   <div class='ocr_carea' id='block_1_49' title="bbox 282 4826 1870 4898">
    <p class='ocr_par' dir='ltr' id='par_1_49' title="bbox 282 4826 1870 4898">
     <span class='ocr_line' id='line_1_49' title="bbox 282 4826 1870 4898; baseline 0 -17"><span class='ocrx_word' id='word_1_396' title='bbox 282 4830 429 4882; x_wconf 76' lang='lat' dir='ltr'><strong>zonis</strong></span> <span class='ocrx_word' id='word_1_397' title='bbox 454 4829 650 4893; x_wconf 86' lang='lat' dir='ltr'><strong>vestris;</strong></span> <span class='ocrx_word' id='word_1_398' title='bbox 672 4845 770 4881; x_wconf 90' lang='lat' dir='ltr'><strong>non</strong></span> <span class='ocrx_word' id='word_1_399' title='bbox 790 4844 959 4898; x_wconf 91' lang='lat' dir='ltr'><strong>peram</strong></span> <span class='ocrx_word' id='word_1_400' title='bbox 976 4828 1027 4879; x_wconf 89' lang='lat' dir='ltr'><strong>in</strong></span> <span class='ocrx_word' id='word_1_401' title='bbox 1050 4828 1148 4893; x_wconf 84' lang='lat' dir='ltr'><strong>via,</strong></span> <span class='ocrx_word' id='word_1_402' title='bbox 1170 4843 1325 4895; x_wconf 88' lang='lat' dir='ltr'><strong>neque</strong></span> <span class='ocrx_word' id='word_1_403' title='bbox 1339 4826 1467 4879; x_wconf 89' lang='lat' dir='ltr'><strong>duas</strong></span> <span class='ocrx_word' id='word_1_404' title='bbox 1484 4827 1693 4891; x_wconf 88' lang='lat' dir='ltr'><strong>tunicas,</strong></span> <span class='ocrx_word' id='word_1_405' title='bbox 1714 4842 1870 4896; x_wconf 85' lang='lat' dir='ltr'><strong>neque</strong></span> 
     </span>
    </p>
   </div>
   <div class='ocr_carea' id='block_1_50' title="bbox 284 4918 1868 4990">
    <p class='ocr_par' dir='ltr' id='par_1_50' title="bbox 284 4918 1868 4990">
     <span class='ocr_line' id='line_1_50' title="bbox 284 4918 1868 4990; baseline 0.001 -16"><span class='ocrx_word' id='word_1_406' title='bbox 284 4923 645 4986; x_wconf 85' lang='lat' dir='ltr'><strong>calceamenta,</strong></span> <span class='ocrx_word' id='word_1_407' title='bbox 673 4937 827 4989; x_wconf 82' lang='lat' dir='ltr'><strong>neque</strong></span> <span class='ocrx_word' id='word_1_408' title='bbox 850 4920 1040 4989; x_wconf 87' lang='lat' dir='ltr'><strong>virgam</strong></span> <span class='ocrx_word' id='word_1_409' title='bbox 1064 4935 1082 4983; x_wconf 90' lang='lat'><strong><em>;</em></strong></span> <span class='ocrx_word' id='word_1_410' title='bbox 1116 4919 1368 4972; x_wconf 88' lang='lat' dir='ltr'><strong>continuo</strong></span> <span class='ocrx_word' id='word_1_411' title='bbox 1399 4918 1645 4988; x_wconf 87' lang='lat' dir='ltr'><strong>subjecit,</strong></span> <span class='ocrx_word' id='word_1_412' title='bbox 1676 4919 1868 4990; x_wconf 88' lang='lat' dir='ltr'><strong>Dignus</strong></span> 
     </span>
    </p>
   </div>
   <div class='ocr_carea' id='block_1_51' title="bbox 284 5010 1869 5081">
    <p class='ocr_par' dir='ltr' id='par_1_51' title="bbox 284 5010 1869 5081">
     <span class='ocr_line' id='line_1_51' title="bbox 284 5010 1869 5081; baseline 0 -14"><span class='ocrx_word' id='word_1_413' title='bbox 284 5024 354 5067; x_wconf 84' lang='lat' dir='ltr'><strong>est</strong></span> <span class='ocrx_word' id='word_1_414' title='bbox 383 5014 514 5066; x_wconf 87' lang='lat' dir='ltr'><strong>enim</strong></span> <span class='ocrx_word' id='word_1_415' title='bbox 540 5012 798 5081; x_wconf 87' lang='lat' dir='ltr'><strong>operarius</strong></span> <span class='ocrx_word' id='word_1_416' title='bbox 814 5010 921 5064; x_wconf 90' lang='lat' dir='ltr'><strong>cibo</strong></span> <span class='ocrx_word' id='word_1_417' title='bbox 942 5028 1055 5065; x_wconf 90' lang='lat' dir='ltr'><strong>suo.</strong></span> <span class='ocrx_word' id='word_1_418' title='bbox 1076 5010 1228 5066; x_wconf 89' lang='lat' dir='ltr'><strong>Unde</strong></span> <span class='ocrx_word' id='word_1_419' title='bbox 1267 5010 1395 5064; x_wconf 90' lang='lat' dir='ltr'><strong>satis</strong></span> <span class='ocrx_word' id='word_1_420' title='bbox 1414 5010 1646 5065; x_wconf 89' lang='lat' dir='ltr'><strong>ostendit</strong></span> <span class='ocrx_word' id='word_1_421' title='bbox 1662 5026 1759 5065; x_wconf 91' lang='lat' dir='ltr'><strong>cur</strong></span> <span class='ocrx_word' id='word_1_422' title='bbox 1774 5027 1869 5067; x_wconf 90' lang='lat' dir='ltr'><strong>eos</strong></span> 
     </span>
    </p>
   </div>
   <div class='ocr_carea' id='block_1_52' title="bbox 284 5102 1866 5174">
    <p class='ocr_par' dir='ltr' id='par_1_52' title="bbox 284 5102 1866 5174">
     <span class='ocr_line' id='line_1_52' title="bbox 284 5102 1866 5174; baseline 0 -18"><span class='ocrx_word' id='word_1_423' title='bbox 284 5103 398 5158; x_wconf 69' lang='lat' dir='ltr'><strong>lucc</strong></span> <span class='ocrx_word' id='word_1_424' title='bbox 426 5104 699 5174; x_wconf 89' lang='lat' dir='ltr'><strong>possidere</strong></span> <span class='ocrx_word' id='word_1_425' title='bbox 727 5118 788 5157; x_wconf 91' lang='lat' dir='ltr'><strong>ac</strong></span> <span class='ocrx_word' id='word_1_426' title='bbox 813 5102 955 5157; x_wconf 83' lang='lat' dir='ltr'><strong>ferre</strong></span> <span class='ocrx_word' id='word_1_427' title='bbox 984 5102 1213 5156; x_wconf 89' lang='lat' dir='ltr'><strong>noluerit</strong></span> <span class='ocrx_word' id='word_1_428' title='bbox 1239 5120 1251 5155; x_wconf 87' lang='lat'><strong>:</strong></span> <span class='ocrx_word' id='word_1_429' title='bbox 1273 5116 1377 5155; x_wconf 90' lang='lat' dir='ltr'><strong>non</strong></span> <span class='ocrx_word' id='word_1_430' title='bbox 1400 5102 1542 5171; x_wconf 90' lang='lat' dir='ltr'><strong>quod</strong></span> <span class='ocrx_word' id='word_1_431' title='bbox 1570 5102 1866 5157; x_wconf 88' lang='lat' dir='ltr'><strong>necessaria</strong></span> 
     </span>
    </p>
   </div>
   <div class='ocr_carea' id='block_1_53' title="bbox 282 5190 1866 5264">
    <p class='ocr_par' dir='ltr' id='par_1_53' title="bbox 282 5190 1866 5264">
     <span class='ocr_line' id='line_1_53' title="bbox 282 5190 1866 5264; baseline 0.001 -16"><span class='ocrx_word' id='word_1_432' title='bbox 282 5211 389 5249; x_wconf 93' lang='lat' dir='ltr'><strong>non</strong></span> <span class='ocrx_word' id='word_1_433' title='bbox 438 5195 543 5247; x_wconf 91' lang='lat' dir='ltr'><strong>sint</strong></span> <span class='ocrx_word' id='word_1_434' title='bbox 580 5194 952 5247; x_wconf 90' lang='lat' dir='ltr'><strong>sustentationi</strong></span> <span class='ocrx_word' id='word_1_435' title='bbox 982 5190 1138 5263; x_wconf 82' lang='lat' dir='ltr'><strong>hujus</strong></span> <span class='ocrx_word' id='word_1_436' title='bbox 1167 5193 1325 5257; x_wconf 86' lang='lat' dir='ltr'><strong>vitae;</strong></span> <span class='ocrx_word' id='word_1_437' title='bbox 1358 5192 1453 5247; x_wconf 91' lang='lat' dir='ltr'><strong>sed</strong></span> <span class='ocrx_word' id='word_1_438' title='bbox 1500 5194 1623 5264; x_wconf 88' lang='lat' dir='ltr'><strong>quia</strong></span> <span class='ocrx_word' id='word_1_439' title='bbox 1656 5194 1735 5248; x_wconf 85' lang='lat' dir='ltr'><strong>sic</strong></span> <span class='ocrx_word' id='word_1_440' title='bbox 1773 5209 1866 5249; x_wconf 93' lang='lat' dir='ltr'><strong>eos</strong></span> 
     </span>
    </p>
   </div>
   <div class='ocr_carea' id='block_1_54' title="bbox 282 5285 1867 5357">
    <p class='ocr_par' dir='ltr' id='par_1_54' title="bbox 282 5285 1867 5357">
     <span class='ocr_line' id='line_1_54' title="bbox 282 5285 1867 5357; baseline 0.003 -19"><span class='ocrx_word' id='word_1_441' title='bbox 282 5286 541 5353; x_wconf 85' lang='lat' dir='ltr'><strong>mittebat,</strong></span> <span class='ocrx_word' id='word_1_442' title='bbox 574 5296 630 5340; x_wconf 90' lang='lat' dir='ltr'><strong>ut</strong></span> <span class='ocrx_word' id='word_1_443' title='bbox 660 5287 736 5341; x_wconf 91' lang='lat' dir='ltr'><strong>eis</strong></span> <span class='ocrx_word' id='word_1_444' title='bbox 762 5286 875 5340; x_wconf 65' lang='lat' dir='ltr'><strong>bare</strong></span> <span class='ocrx_word' id='word_1_445' title='bbox 903 5285 1084 5341; x_wconf 88' lang='lat' dir='ltr'><strong>deberi</strong></span> <span class='ocrx_word' id='word_1_446' title='bbox 1103 5288 1497 5341; x_wconf 90' lang='lat' dir='ltr'><strong>demonstraret</strong></span> <span class='ocrx_word' id='word_1_447' title='bbox 1519 5287 1586 5341; x_wconf 90' lang='lat' dir='ltr'><strong>ab</strong></span> <span class='ocrx_word' id='word_1_448' title='bbox 1608 5287 1714 5342; x_wconf 90' lang='lat' dir='ltr'><strong>illis</strong></span> <span class='ocrx_word' id='word_1_449' title='bbox 1736 5288 1867 5357; x_wconf 89' lang='lat' dir='ltr'><strong>ipsis</strong></span> 
     </span>
    </p>
   </div>
   <div class='ocr_carea' id='block_1_55' title="bbox 284 5376 1865 5447">
    <p class='ocr_par' dir='ltr' id='par_1_55' title="bbox 284 5376 1865 5447">
     <span class='ocr_line' id='line_1_55' title="bbox 284 5376 1865 5447; baseline 0.003 -18"><span class='ocrx_word' id='word_1_450' title='bbox 284 5377 482 5446; x_wconf 91' lang='lat' dir='ltr'><strong>quibus</strong></span> <span class='ocrx_word' id='word_1_451' title='bbox 514 5377 857 5447; x_wconf 86' lang='lat' dir='ltr'><strong>Evangelium</strong></span> <span class='ocrx_word' id='word_1_452' title='bbox 908 5376 1246 5432; x_wconf 85' lang='lat' dir='ltr'><strong>credentibus</strong></span> <span class='ocrx_word' id='word_1_453' title='bbox 1296 5377 1699 5443; x_wconf 88' lang='lat' dir='ltr'><strong>annuntiarent,</strong></span> <span class='ocrx_word' id='word_1_454' title='bbox 1744 5387 1865 5433; x_wconf 91' lang='lat' dir='ltr'><strong>tan-</strong></span> 
     </span>
    </p>
   </div>
   <div class='ocr_carea' id='block_1_56' title="bbox 285 5466 1866 5538">
    <p class='ocr_par' dir='ltr' id='par_1_56' title="bbox 285 5466 1866 5538">
     <span class='ocr_line' id='line_1_56' title="bbox 285 5466 1866 5538; baseline 0.003 -17"><span class='ocrx_word' id='word_1_455' title='bbox 285 5472 444 5537; x_wconf 81' lang='lat' dir='ltr'><strong>quam</strong></span> <span class='ocrx_word' id='word_1_456' title='bbox 474 5466 735 5538; x_wconf 82' lang='lat' dir='ltr'><strong>stipendia</strong></span> <span class='ocrx_word' id='word_1_457' title='bbox 764 5468 1130 5533; x_wconf 89' lang='lat' dir='ltr'><strong>militantibus,</strong></span> <span class='ocrx_word' id='word_1_458' title='bbox 1160 5477 1409 5538; x_wconf 84' lang='lat' dir='ltr'><strong>tanquam</strong></span> <span class='ocrx_word' id='word_1_459' title='bbox 1440 5468 1665 5523; x_wconf 81' lang='lat' dir='ltr'><strong>fructum</strong></span> <span class='ocrx_word' id='word_1_460' title='bbox 1696 5470 1866 5525; x_wconf 63' lang='lat' dir='ltr'><strong>vincte</strong></span> 
     </span>
    </p>
   </div>
   <div class='ocr_carea' id='block_1_57' title="bbox 283 5562 1865 5632">
    <p class='ocr_par' dir='ltr' id='par_1_57' title="bbox 283 5562 1865 5632">
     <span class='ocr_line' id='line_1_57' title="bbox 283 5562 1865 5632; baseline 0.004 -19"><span class='ocrx_word' id='word_1_461' title='bbox 283 5562 685 5630; x_wconf 85' lang='lat' dir='ltr'><strong>plantatoribus,</strong></span> <span class='ocrx_word' id='word_1_462' title='bbox 736 5571 982 5630; x_wconf 89' lang='lat' dir='ltr'><strong>tanquam</strong></span> <span class='ocrx_word' id='word_1_463' title='bbox 1042 5562 1121 5615; x_wconf 88' lang='lat' dir='ltr'><strong>lac</strong></span> <span class='ocrx_word' id='word_1_464' title='bbox 1150 5562 1327 5632; x_wconf 86' lang='lat' dir='ltr'><strong>gregis</strong></span> <span class='ocrx_word' id='word_1_465' title='bbox 1354 5564 1677 5631; x_wconf 88' lang='lat' dir='ltr'><strong>pastoribus.</strong></span> <span class='ocrx_word' id='word_1_466' title='bbox 1713 5563 1865 5619; x_wconf 90' lang='lat' dir='ltr'><strong>Unde</strong></span> 
     </span>
    </p>
   </div>
   <div class='ocr_carea' id='block_1_58' title="bbox 284 5654 1859 5727">
    <p class='ocr_par' dir='ltr' id='par_1_58' title="bbox 284 5654 1859 5727">
     <span class='ocr_line' id='line_1_58' title="bbox 284 5654 1859 5727; baseline 0.001 -18"><span class='ocrx_word' id='word_1_467' title='bbox 284 5654 475 5709; x_wconf 88' lang='lat' dir='ltr'><strong>Paulus</strong></span> <span class='ocrx_word' id='word_1_468' title='bbox 501 5655 629 5708; x_wconf 90' lang='lat' dir='ltr'><strong>dicit</strong></span> <span class='ocrx_word' id='word_1_469' title='bbox 655 5673 666 5707; x_wconf 88' lang='lat'><strong>:</strong></span> <span class='ocrx_word' id='word_1_470' title='bbox 698 5656 820 5719; x_wconf 87' lang='lat' dir='ltr'><strong>Quis</strong></span> <span class='ocrx_word' id='word_1_471' title='bbox 848 5655 1029 5709; x_wconf 87' lang='lat' dir='ltr'><strong>militat</strong></span> <span class='ocrx_word' id='word_1_472' title='bbox 1050 5655 1153 5709; x_wconf 84' lang='lat' dir='ltr'><strong>suis</strong></span> <span class='ocrx_word' id='word_1_473' title='bbox 1178 5656 1440 5724; x_wconf 84' lang='lat' dir='ltr'><strong>stipendiis</strong></span> <span class='ocrx_word' id='word_1_474' title='bbox 1460 5658 1725 5725; x_wconf 87' lang='lat' dir='ltr'><strong>unquam?</strong></span> <span class='ocrx_word' id='word_1_475' title='bbox 1749 5658 1859 5727; x_wconf 90' lang='lat' dir='ltr'><strong>quis</strong></span> 
     </span>
    </p>
   </div>
   <div class='ocr_carea' id='block_1_59' title="bbox 285 5746 1864 5817">
    <p class='ocr_par' dir='ltr' id='par_1_59' title="bbox 285 5746 1864 5817">
     <span class='ocr_line' id='line_1_59' title="bbox 285 5746 1864 5817; baseline 0.002 -19"><span class='ocrx_word' id='word_1_476' title='bbox 285 5746 478 5815; x_wconf 88' lang='lat' dir='ltr'><strong>plantat</strong></span> <span class='ocrx_word' id='word_1_477' title='bbox 503 5747 716 5808; x_wconf 89' lang='lat' dir='ltr'><strong>vineam,</strong></span> <span class='ocrx_word' id='word_1_478' title='bbox 749 5755 794 5799; x_wconf 89' lang='lat' dir='ltr'><strong>et</strong></span> <span class='ocrx_word' id='word_1_479' title='bbox 834 5746 895 5800; x_wconf 87' lang='lat' dir='ltr'><strong>de</strong></span> <span class='ocrx_word' id='word_1_480' title='bbox 944 5749 1116 5816; x_wconf 77' lang='lat' dir='ltr'><strong>fructu</strong></span> <span class='ocrx_word' id='word_1_481' title='bbox 1144 5747 1252 5814; x_wconf 83' lang='lat' dir='ltr'><strong>ejus</strong></span> <span class='ocrx_word' id='word_1_482' title='bbox 1280 5763 1380 5799; x_wconf 89' lang='lat' dir='ltr'><strong>non</strong></span> <span class='ocrx_word' id='word_1_483' title='bbox 1403 5746 1544 5799; x_wconf 87' lang='lat' dir='ltr'><strong>edit?</strong></span> <span class='ocrx_word' id='word_1_484' title='bbox 1568 5748 1678 5816; x_wconf 84' lang='lat' dir='ltr'><strong>quis</strong></span> <span class='ocrx_word' id='word_1_485' title='bbox 1700 5749 1864 5817; x_wconf 87' lang='lat' dir='ltr'><strong>pascit</strong></span> 
     </span>
    </p>
   </div>
   <div class='ocr_carea' id='block_1_60' title="bbox 289 5840 1863 5911">
    <p class='ocr_par' dir='ltr' id='par_1_60' title="bbox 289 5840 1863 5911">
     <span class='ocr_line' id='line_1_60' title="bbox 289 5840 1863 5911; baseline 0.003 -20"><span class='ocrx_word' id='word_1_486' title='bbox 289 5856 499 5911; x_wconf 78' lang='lat' dir='ltr'><strong>gregem,</strong></span> <span class='ocrx_word' id='word_1_487' title='bbox 534 5849 581 5892; x_wconf 87' lang='lat' dir='ltr'><strong>et</strong></span> <span class='ocrx_word' id='word_1_488' title='bbox 608 5840 669 5893; x_wconf 91' lang='lat' dir='ltr'><strong>de</strong></span> <span class='ocrx_word' id='word_1_489' title='bbox 695 5841 823 5893; x_wconf 90' lang='lat' dir='ltr'><strong>lacte</strong></span> <span class='ocrx_word' id='word_1_490' title='bbox 846 5840 1009 5911; x_wconf 87' lang='lat' dir='ltr'><strong>gregis</strong></span> <span class='ocrx_word' id='word_1_491' title='bbox 1035 5855 1133 5892; x_wconf 88' lang='lat' dir='ltr'><strong>non</strong></span> <span class='ocrx_word' id='word_1_492' title='bbox 1168 5840 1413 5909; x_wconf 86' lang='lat' dir='ltr'><strong>percipit?</strong></span> <span class='ocrx_word' id='word_1_493' title='bbox 1448 5841 1580 5895; x_wconf 87' lang='lat' dir='ltr'><strong>Hinc</strong></span> <span class='ocrx_word' id='word_1_494' title='bbox 1611 5842 1753 5896; x_wconf 88' lang='lat' dir='ltr'><strong>enim</strong></span> <span class='ocrx_word' id='word_1_495' title='bbox 1782 5844 1863 5896; x_wconf 88' lang='lat' dir='ltr'><strong>lo-</strong></span> 
     </span>
    </p>
   </div>
   <div class='ocr_carea' id='block_1_61' title="bbox 283 5930 1860 6002">
    <p class='ocr_par' dir='ltr' id='par_1_61' title="bbox 283 5930 1860 6002">
     <span class='ocr_line' id='line_1_61' title="bbox 283 5930 1860 6002; baseline 0.003 -18"><span class='ocrx_word' id='word_1_496' title='bbox 283 5930 543 6002; x_wconf 80' lang='lat' dir='ltr'><strong>quebatur</strong></span> <span class='ocrx_word' id='word_1_497' title='bbox 571 5932 635 5985; x_wconf 88' lang='lat' dir='ltr'><strong>de</strong></span> <span class='ocrx_word' id='word_1_498' title='bbox 684 5930 748 5986; x_wconf 90' lang='lat' dir='ltr'><strong>iis</strong></span> <span class='ocrx_word' id='word_1_499' title='bbox 798 5947 915 6001; x_wconf 78' lang='lat' dir='ltr'><strong>quae</strong></span> <span class='ocrx_word' id='word_1_500' title='bbox 942 5931 1238 5988; x_wconf 86' lang='lat' dir='ltr'><strong>necessaria</strong></span> <span class='ocrx_word' id='word_1_501' title='bbox 1264 5940 1389 5987; x_wconf 89' lang='lat' dir='ltr'><strong>sunt</strong></span> <span class='ocrx_word' id='word_1_502' title='bbox 1415 5932 1860 6002; x_wconf 78' lang='lat' dir='ltr'><strong>praedicatoribus</strong></span> 
     </span>
    </p>
   </div>
   <div class='ocr_carea' id='block_1_62' title="bbox 1624 458 2791 544">
    <p class='ocr_par' dir='ltr' id='par_1_62' title="bbox 1624 458 2791 544">
     <span class='ocr_line' id='line_1_62' title="bbox 1624 458 2791 544; baseline -0.015 0"><span class='ocrx_word' id='word_1_503' title='bbox 1624 486 1825 543; x_wconf 77' lang='lat' dir='ltr'><strong>IJBER</strong></span> <span class='ocrx_word' id='word_1_504' title='bbox 1865 483 2241 544; x_wconf 80' lang='lat' dir='ltr'><strong>SECUNDUS.</strong></span> <span class='ocrx_word' id='word_1_505' title='bbox 2324 458 2327 459; x_wconf 31' lang='grc' dir='ltr'>ί</span> <span class='ocrx_word' id='word_1_506' title='bbox 2428 461 2488 481; x_wconf 66' lang='lat'><strong>&#39;”</strong></span> <span class='ocrx_word' id='word_1_507' title='bbox 2544 461 2665 513; x_wconf 56' lang='grc' dir='ltr'><strong>ῖηι</strong></span> <span class='ocrx_word' id='word_1_508' title='bbox 2714 466 2791 514; x_wconf 49' lang='grc' dir='ltr'>λι</span> 
     </span>
    </p>
   </div>
   <div class='ocr_carea' id='block_1_63' title="bbox 3431 478 3584 585">
    <p class='ocr_par' dir='ltr' id='par_1_63' title="bbox 3431 478 3584 585">
     <span class='ocr_line' id='line_1_63' title="bbox 3431 478 3584 585; baseline 0.013 -37"><span class='ocrx_word' id='word_1_509' title='bbox 3431 478 3584 585; x_wconf 69' lang='lat' dir='ltr'><strong>tttt</strong></span> 
     </span>
    </p>
   </div>
   <div class='ocr_carea' id='block_1_64' title="bbox 2004 578 3575 683">
    <p class='ocr_par' dir='ltr' id='par_1_64' title="bbox 2004 578 3575 683">
     <span class='ocr_line' id='line_1_64' title="bbox 2004 578 3575 683; baseline 0.003 -26"><span class='ocrx_word' id='word_1_510' title='bbox 2004 602 2273 674; x_wconf 84' lang='lat' dir='ltr'><strong>Evangelii</strong></span> <span class='ocrx_word' id='word_1_511' title='bbox 2299 622 2311 659; x_wconf 91' lang='lat'>:</span> <span class='ocrx_word' id='word_1_512' title='bbox 2340 604 2481 661; x_wconf 92' lang='lat' dir='ltr'><strong>unde</strong></span> <span class='ocrx_word' id='word_1_513' title='bbox 2508 605 2663 675; x_wconf 90' lang='lat' dir='ltr'><strong>paulo</strong></span> <span class='ocrx_word' id='word_1_514' title='bbox 2688 614 2808 676; x_wconf 85' lang='lat' dir='ltr'><strong>post</strong></span> <span class='ocrx_word' id='word_1_515' title='bbox 2827 605 2973 674; x_wconf 90' lang='lat' dir='ltr'><strong>dicit,</strong></span> <span class='ocrx_word' id='word_1_516' title='bbox 3005 606 3067 663; x_wconf 87' lang='lat' dir='ltr'><strong>Si</strong></span> <span class='ocrx_word' id='word_1_517' title='bbox 3096 578 3223 662; x_wconf 10' lang='lat' dir='ltr'><strong>nos?</strong></span> <span class='ocrx_word' id='word_1_518' title='bbox 3242 586 3387 683; x_wconf 81' lang='lat' dir='ltr'><strong>vobis</strong></span> <span class='ocrx_word' id='word_1_519' title='bbox 3426 578 3575 678; x_wconf 80' lang='lat' dir='ltr'><strong>spiri-</strong></span> 
     </span>
    </p>
   </div>
   <div class='ocr_carea' id='block_1_65' title="bbox 2002 697 3574 769">
    <p class='ocr_par' dir='ltr' id='par_1_65' title="bbox 2002 697 3574 769">
     <span class='ocr_line' id='line_1_65' title="bbox 2002 697 3574 769; baseline 0.003 -19"><span class='ocrx_word' id='word_1_520' title='bbox 2002 697 2160 750; x_wconf 90' lang='lat' dir='ltr'><strong>tualia</strong></span> <span class='ocrx_word' id='word_1_521' title='bbox 2180 698 2551 765; x_wconf 86' lang='lat' dir='ltr'><strong>seminavimus,</strong></span> <span class='ocrx_word' id='word_1_522' title='bbox 2595 716 2831 769; x_wconf 90' lang='lat' dir='ltr'><strong>magnum</strong></span> <span class='ocrx_word' id='word_1_523' title='bbox 2856 710 2926 755; x_wconf 89' lang='lat' dir='ltr'><strong>est</strong></span> <span class='ocrx_word' id='word_1_524' title='bbox 2955 700 2996 755; x_wconf 87' lang='lat' dir='ltr'><strong>si</strong></span> <span class='ocrx_word' id='word_1_525' title='bbox 3022 710 3184 755; x_wconf 89' lang='lat' dir='ltr'><strong>vestra</strong></span> <span class='ocrx_word' id='word_1_526' title='bbox 3210 699 3434 754; x_wconf 88' lang='lat' dir='ltr'><strong>carnalia</strong></span> <span class='ocrx_word' id='word_1_527' title='bbox 3463 718 3574 755; x_wconf 85' lang='lat' dir='ltr'><strong>me-</strong></span> 
     </span>
    </p>
   </div>
   <div class='ocr_carea' id='block_1_66' title="bbox 1999 788 3587 864">
    <p class='ocr_par' dir='ltr' id='par_1_66' title="bbox 1999 788 3587 864">
     <span class='ocr_line' id='line_1_66' title="bbox 1999 788 3587 864; baseline 0.003 -22"><span class='ocrx_word' id='word_1_528' title='bbox 1999 790 2194 843; x_wconf 85' lang='lat' dir='ltr'><strong>temus?</strong></span> <span class='ocrx_word' id='word_1_529' title='bbox 2220 788 2281 843; x_wconf 89' lang='lat' dir='ltr'><strong>Si</strong></span> <span class='ocrx_word' id='word_1_530' title='bbox 2320 790 2408 844; x_wconf 88' lang='lat' dir='ltr'><strong>alii</strong></span> <span class='ocrx_word' id='word_1_531' title='bbox 2431 792 2688 861; x_wconf 88' lang='lat' dir='ltr'><strong>potestatis</strong></span> <span class='ocrx_word' id='word_1_532' title='bbox 2712 802 2887 845; x_wconf 76' lang='lat' dir='ltr'><strong>vestra:</strong></span> <span class='ocrx_word' id='word_1_533' title='bbox 2912 793 3235 864; x_wconf 89' lang='lat' dir='ltr'><strong>participant,</strong></span> <span class='ocrx_word' id='word_1_534' title='bbox 3269 810 3368 847; x_wconf 86' lang='lat' dir='ltr'><strong>non</strong></span> <span class='ocrx_word' id='word_1_535' title='bbox 3414 790 3587 864; x_wconf 85' lang='lat' dir='ltr'><strong>magis</strong></span> 
     </span>
    </p>
   </div>
   <div class='ocr_carea' id='block_1_67' title="bbox 1999 881 3573 955">
    <p class='ocr_par' dir='ltr' id='par_1_67' title="bbox 1999 881 3573 955">
     <span class='ocr_line' id='line_1_67' title="bbox 1999 881 3573 955; baseline 0.005 -22"><span class='ocrx_word' id='word_1_536' title='bbox 1999 881 2131 933; x_wconf 87' lang='lat' dir='ltr'><strong>nos?</strong></span> <span class='ocrx_word' id='word_1_537' title='bbox 2155 882 2241 935; x_wconf 89' lang='lat' dir='ltr'><strong>sed</strong></span> <span class='ocrx_word' id='word_1_538' title='bbox 2282 897 2382 935; x_wconf 90' lang='lat' dir='ltr'><strong>non</strong></span> <span class='ocrx_word' id='word_1_539' title='bbox 2428 899 2598 938; x_wconf 89' lang='lat' dir='ltr'><strong>sumus</strong></span> <span class='ocrx_word' id='word_1_540' title='bbox 2624 884 2701 937; x_wconf 90' lang='lat' dir='ltr'><strong>usi</strong></span> <span class='ocrx_word' id='word_1_541' title='bbox 2745 884 2837 937; x_wconf 89' lang='lat' dir='ltr'><strong>hac</strong></span> <span class='ocrx_word' id='word_1_542' title='bbox 2877 894 3134 952; x_wconf 86' lang='lat' dir='ltr'><strong>potestate.</strong></span> <span class='ocrx_word' id='word_1_543' title='bbox 3164 884 3316 941; x_wconf 88' lang='lat' dir='ltr'><strong>Unde</strong></span> <span class='ocrx_word' id='word_1_544' title='bbox 3353 895 3573 955; x_wconf 84' lang='lat' dir='ltr'><strong>apparet</strong></span> 
     </span>
    </p>
   </div>
   <div class='ocr_carea' id='block_1_68' title="bbox 1999 964 3652 1047">
    <p class='ocr_par' dir='ltr' id='par_1_68' title="bbox 1999 964 3652 1047">
     <span class='ocr_line' id='line_1_68' title="bbox 1999 964 3652 1047; baseline 0.003 -22"><span class='ocrx_word' id='word_1_545' title='bbox 1999 970 2113 1026; x_wconf 77' lang='lat' dir='ltr'><strong>lucc</strong></span> <span class='ocrx_word' id='word_1_546' title='bbox 2142 988 2246 1027; x_wconf 92' lang='lat' dir='ltr'><strong>non</strong></span> <span class='ocrx_word' id='word_1_547' title='bbox 2278 964 2689 1045; x_wconf 73' lang='lat' dir='ltr'><strong>itaprmcepisse</strong></span> <span class='ocrx_word' id='word_1_548' title='bbox 2719 974 3021 1041; x_wconf 90' lang='lat' dir='ltr'><strong>Dominum,</strong></span> <span class='ocrx_word' id='word_1_549' title='bbox 3049 984 3294 1045; x_wconf 86' lang='lat' dir='ltr'><strong>tanquam</strong></span> <span class='ocrx_word' id='word_1_550' title='bbox 3325 976 3572 1047; x_wconf 82' lang='lat' dir='ltr'><strong>Evange—</strong></span> <span class='ocrx_word' id='word_1_551' title='bbox 3644 1002 3652 1007; x_wconf 88' lang='lat'><em>-</em></span> 
     </span>
    </p>
   </div>
   <div class='ocr_carea' id='block_1_69' title="bbox 1998 1064 3574 1138">
    <p class='ocr_par' dir='ltr' id='par_1_69' title="bbox 1998 1064 3574 1138">
     <span class='ocr_line' id='line_1_69' title="bbox 1998 1064 3574 1138; baseline 0.003 -21"><span class='ocrx_word' id='word_1_552' title='bbox 1998 1064 2132 1119; x_wconf 71' lang='lat' dir='ltr'><strong>lista:</strong></span> <span class='ocrx_word' id='word_1_553' title='bbox 2159 1066 2337 1120; x_wconf 88' lang='lat' dir='ltr'><strong>vivere</strong></span> <span class='ocrx_word' id='word_1_554' title='bbox 2364 1066 2576 1122; x_wconf 89' lang='lat' dir='ltr'><strong>aliunde</strong></span> <span class='ocrx_word' id='word_1_555' title='bbox 2602 1082 2707 1122; x_wconf 90' lang='lat' dir='ltr'><strong>non</strong></span> <span class='ocrx_word' id='word_1_556' title='bbox 2735 1067 2983 1133; x_wconf 89' lang='lat' dir='ltr'><strong>debeant,</strong></span> <span class='ocrx_word' id='word_1_557' title='bbox 3015 1082 3174 1138; x_wconf 91' lang='lat' dir='ltr'><strong>quam</strong></span> <span class='ocrx_word' id='word_1_558' title='bbox 3213 1068 3291 1123; x_wconf 90' lang='lat' dir='ltr'><strong>eis</strong></span> <span class='ocrx_word' id='word_1_559' title='bbox 3332 1069 3574 1138; x_wconf 67' lang='lat' dir='ltr'><strong>prseben-</strong></span> 
     </span>
    </p>
   </div>
   <div class='ocr_carea' id='block_1_70' title="bbox 1996 1156 3569 1231">
    <p class='ocr_par' dir='ltr' id='par_1_70' title="bbox 1996 1156 3569 1231">
     <span class='ocr_line' id='line_1_70' title="bbox 1996 1156 3569 1231; baseline 0.004 -22"><span class='ocrx_word' id='word_1_560' title='bbox 1996 1156 2135 1211; x_wconf 90' lang='lat' dir='ltr'><strong>tibus</strong></span> <span class='ocrx_word' id='word_1_561' title='bbox 2160 1157 2349 1227; x_wconf 86' lang='lat' dir='ltr'><strong>quibus</strong></span> <span class='ocrx_word' id='word_1_562' title='bbox 2366 1160 2680 1214; x_wconf 89' lang='lat' dir='ltr'><strong>annuntiant</strong></span> <span class='ocrx_word' id='word_1_563' title='bbox 2709 1160 3052 1231; x_wconf 88' lang='lat' dir='ltr'><strong>Evangelium</strong></span> <span class='ocrx_word' id='word_1_564' title='bbox 3078 1176 3092 1226; x_wconf 88' lang='lat'>;</span> <span class='ocrx_word' id='word_1_565' title='bbox 3121 1160 3353 1230; x_wconf 85' lang='lat' dir='ltr'><strong>alioquin</strong></span> <span class='ocrx_word' id='word_1_566' title='bbox 3384 1169 3569 1216; x_wconf 79' lang='lat' dir='ltr'><strong>contra</strong></span> 
     </span>
    </p>
   </div>
   <div class='ocr_carea' id='block_1_71' title="bbox 1994 1248 3573 1327">
    <p class='ocr_par' dir='ltr' id='par_1_71' title="bbox 1994 1248 3573 1327">
     <span class='ocr_line' id='line_1_71' title="bbox 1994 1248 3573 1327; baseline 0.004 -22"><span class='ocrx_word' id='word_1_567' title='bbox 1994 1248 2096 1306; x_wconf 85' lang='lat' dir='ltr'><strong>hoc</strong></span> <span class='ocrx_word' id='word_1_568' title='bbox 2129 1262 2451 1323; x_wconf 72' lang='lat' dir='ltr'><strong>prmceptum</strong></span> <span class='ocrx_word' id='word_1_569' title='bbox 2492 1254 2617 1310; x_wconf 81' lang='lat' dir='ltr'><strong>fecit</strong></span> <span class='ocrx_word' id='word_1_570' title='bbox 2656 1255 2792 1311; x_wconf 90' lang='lat' dir='ltr'><strong>idem</strong></span> <span class='ocrx_word' id='word_1_571' title='bbox 2820 1256 3091 1327; x_wconf 90' lang='lat' dir='ltr'><strong>apostolus</strong></span> <span class='ocrx_word' id='word_1_572' title='bbox 3115 1298 3129 1325; x_wconf 92' lang='lat'><strong>,</strong></span> <span class='ocrx_word' id='word_1_573' title='bbox 3164 1258 3251 1327; x_wconf 91' lang='lat' dir='ltr'><strong>qui</strong></span> <span class='ocrx_word' id='word_1_574' title='bbox 3282 1258 3475 1312; x_wconf 91' lang='lat' dir='ltr'><strong>victum</strong></span> <span class='ocrx_word' id='word_1_575' title='bbox 3506 1258 3573 1312; x_wconf 89' lang='lat' dir='ltr'><strong>de</strong></span> 
     </span>
    </p>
   </div>
   <div class='ocr_carea' id='block_1_72' title="bbox 1992 1346 3567 1419">
    <p class='ocr_par' dir='ltr' id='par_1_72' title="bbox 1992 1346 3567 1419">
     <span class='ocr_line' id='line_1_72' title="bbox 1992 1346 3567 1419; baseline 0.004 -24"><span class='ocrx_word' id='word_1_576' title='bbox 1992 1357 2242 1397; x_wconf 90' lang='lat' dir='ltr'><strong>manuum</strong></span> <span class='ocrx_word' id='word_1_577' title='bbox 2285 1359 2502 1400; x_wconf 91' lang='lat' dir='ltr'><strong>suarum</strong></span> <span class='ocrx_word' id='word_1_578' title='bbox 2536 1346 2803 1403; x_wconf 85' lang='lat' dir='ltr'><strong>laboribus</strong></span> <span class='ocrx_word' id='word_1_579' title='bbox 2855 1347 3199 1418; x_wconf 80' lang='lat' dir='ltr'><strong>transigebat,</strong></span> <span class='ocrx_word' id='word_1_580' title='bbox 3230 1364 3296 1403; x_wconf 89' lang='lat' dir='ltr'><strong>ne</strong></span> <span class='ocrx_word' id='word_1_581' title='bbox 3323 1349 3567 1419; x_wconf 88' lang='lat' dir='ltr'><strong>cuiquam</strong></span> 
     </span>
    </p>
   </div>
   <div class='ocr_carea' id='block_1_73' title="bbox 1991 1435 3568 1510">
    <p class='ocr_par' dir='ltr' id='par_1_73' title="bbox 1991 1435 3568 1510">
     <span class='ocr_line' id='line_1_73' title="bbox 1991 1435 3568 1510; baseline 0.004 -23"><span class='ocrx_word' id='word_1_582' title='bbox 1991 1435 2167 1505; x_wconf 90' lang='lat' dir='ltr'><strong>gravis</strong></span> <span class='ocrx_word' id='word_1_583' title='bbox 2201 1444 2345 1490; x_wconf 91' lang='lat' dir='ltr'><strong>esset</strong></span> <span class='ocrx_word' id='word_1_584' title='bbox 2375 1437 2417 1509; x_wconf 92' lang='lat' dir='ltr'><strong>(l</strong></span> <span class='ocrx_word' id='word_1_585' title='bbox 2447 1436 2628 1492; x_wconf 83' lang='lat' dir='ltr'><strong>Thess.</strong></span> <span class='ocrx_word' id='word_1_586' title='bbox 2660 1454 2718 1504; x_wconf 90' lang='lat' dir='ltr'><strong>tt,</strong></span> <span class='ocrx_word' id='word_1_587' title='bbox 2751 1438 2807 1510; x_wconf 90' lang='lat'><strong>9)</strong></span> <span class='ocrx_word' id='word_1_588' title='bbox 2834 1456 2846 1492; x_wconf 93' lang='lat'>:</span> <span class='ocrx_word' id='word_1_589' title='bbox 2871 1438 2966 1493; x_wconf 90' lang='lat' dir='ltr'><strong>sed</strong></span> <span class='ocrx_word' id='word_1_590' title='bbox 2992 1448 3307 1509; x_wconf 86' lang='lat' dir='ltr'><strong>potestatem</strong></span> <span class='ocrx_word' id='word_1_591' title='bbox 3336 1438 3568 1506; x_wconf 90' lang='lat' dir='ltr'><strong>dedisse,</strong></span> 
     </span>
    </p>
   </div>
   <div class='ocr_carea' id='block_1_74' title="bbox 1991 1525 3572 1595">
    <p class='ocr_par' dir='ltr' id='par_1_74' title="bbox 1991 1525 3572 1595">
     <span class='ocr_line' id='line_1_74' title="bbox 1991 1525 3572 1595; baseline 0.003 -15"><span class='ocrx_word' id='word_1_592' title='bbox 1991 1525 2045 1580; x_wconf 90' lang='lat' dir='ltr'><strong>in</strong></span> <span class='ocrx_word' id='word_1_593' title='bbox 2076 1541 2176 1595; x_wconf 91' lang='lat' dir='ltr'><strong>qua</strong></span> <span class='ocrx_word' id='word_1_594' title='bbox 2202 1527 2401 1582; x_wconf 86' lang='lat' dir='ltr'><strong>scirent</strong></span> <span class='ocrx_word' id='word_1_595' title='bbox 2430 1528 2529 1583; x_wconf 90' lang='lat' dir='ltr'><strong>sibi</strong></span> <span class='ocrx_word' id='word_1_596' title='bbox 2558 1530 2657 1584; x_wconf 88' lang='lat' dir='ltr'><strong>ista</strong></span> <span class='ocrx_word' id='word_1_597' title='bbox 2684 1529 2888 1585; x_wconf 90' lang='lat' dir='ltr'><strong>deberi.</strong></span> <span class='ocrx_word' id='word_1_598' title='bbox 2918 1527 3049 1583; x_wconf 88' lang='lat' dir='ltr'><strong>Cum</strong></span> <span class='ocrx_word' id='word_1_599' title='bbox 3090 1538 3267 1585; x_wconf 90' lang='lat' dir='ltr'><strong>autem</strong></span> <span class='ocrx_word' id='word_1_600' title='bbox 3287 1545 3316 1583; x_wconf 91' lang='lat' dir='ltr'><strong>a</strong></span> <span class='ocrx_word' id='word_1_601' title='bbox 3346 1530 3572 1584; x_wconf 90' lang='lat' dir='ltr'><strong>Domino</strong></span> 
     </span>
    </p>
   </div>
   <div class='ocr_carea' id='block_1_75' title="bbox 1989 1619 3569 1695">
    <p class='ocr_par' dir='ltr' id='par_1_75' title="bbox 1989 1619 3569 1695">
     <span class='ocr_line' id='line_1_75' title="bbox 1989 1619 3569 1695; baseline 0.002 -21"><span class='ocrx_word' id='word_1_602' title='bbox 1989 1619 2188 1691; x_wconf 89' lang='lat' dir='ltr'><strong>aliquid</strong></span> <span class='ocrx_word' id='word_1_603' title='bbox 2220 1622 2530 1693; x_wconf 90' lang='lat' dir='ltr'><strong>imperatur,</strong></span> <span class='ocrx_word' id='word_1_604' title='bbox 2575 1624 2674 1678; x_wconf 90' lang='lat' dir='ltr'><strong>nisi</strong></span> <span class='ocrx_word' id='word_1_605' title='bbox 2711 1624 2821 1691; x_wconf 91' lang='lat' dir='ltr'><strong>ﬁat,</strong></span> <span class='ocrx_word' id='word_1_606' title='bbox 2865 1622 3240 1679; x_wconf 76' lang='lat' dir='ltr'><strong>inobedientite</strong></span> <span class='ocrx_word' id='word_1_607' title='bbox 3266 1625 3419 1695; x_wconf 89' lang='lat' dir='ltr'><strong>culpa</strong></span> <span class='ocrx_word' id='word_1_608' title='bbox 3450 1631 3569 1679; x_wconf 86' lang='lat' dir='ltr'><strong>est:</strong></span> 
     </span>
    </p>
   </div>
   <div class='ocr_carea' id='block_1_76' title="bbox 1991 1715 3571 1787">
    <p class='ocr_par' dir='ltr' id='par_1_76' title="bbox 1991 1715 3571 1787">
     <span class='ocr_line' id='line_1_76' title="bbox 1991 1715 3571 1787; baseline 0.003 -22"><span class='ocrx_word' id='word_1_609' title='bbox 1991 1726 2112 1766; x_wconf 91' lang='lat' dir='ltr'><strong>cum</strong></span> <span class='ocrx_word' id='word_1_610' title='bbox 2131 1724 2310 1767; x_wconf 91' lang='lat' dir='ltr'><strong>autem</strong></span> <span class='ocrx_word' id='word_1_611' title='bbox 2332 1723 2567 1784; x_wconf 85' lang='lat' dir='ltr'><strong>potestas</strong></span> <span class='ocrx_word' id='word_1_612' title='bbox 2583 1715 2755 1780; x_wconf 92' lang='lat' dir='ltr'><strong>datur,</strong></span> <span class='ocrx_word' id='word_1_613' title='bbox 2782 1716 3110 1787; x_wconf 91' lang='lat' dir='ltr'><strong>licetcuique</strong></span> <span class='ocrx_word' id='word_1_614' title='bbox 3133 1731 3239 1770; x_wconf 88' lang='lat' dir='ltr'><strong>non</strong></span> <span class='ocrx_word' id='word_1_615' title='bbox 3267 1716 3363 1781; x_wconf 91' lang='lat' dir='ltr'><strong>uti,</strong></span> <span class='ocrx_word' id='word_1_616' title='bbox 3384 1724 3435 1770; x_wconf 94' lang='lat' dir='ltr'><strong>et</strong></span> <span class='ocrx_word' id='word_1_617' title='bbox 3451 1724 3571 1769; x_wconf 85' lang='lat' dir='ltr'><strong>tan-</strong></span> 
     </span>
    </p>
   </div>
   <div class='ocr_carea' id='block_1_77' title="bbox 1988 1804 3570 1877">
    <p class='ocr_par' dir='ltr' id='par_1_77' title="bbox 1988 1804 3570 1877">
     <span class='ocr_line' id='line_1_77' title="bbox 1988 1804 3570 1877; baseline 0.004 -20"><span class='ocrx_word' id='word_1_618' title='bbox 1988 1818 2147 1873; x_wconf 91' lang='lat' dir='ltr'><strong>quam</strong></span> <span class='ocrx_word' id='word_1_619' title='bbox 2175 1804 2241 1859; x_wconf 89' lang='lat' dir='ltr'><strong>de</strong></span> <span class='ocrx_word' id='word_1_620' title='bbox 2268 1821 2363 1861; x_wconf 89' lang='lat' dir='ltr'><strong>suo</strong></span> <span class='ocrx_word' id='word_1_621' title='bbox 2385 1807 2504 1876; x_wconf 87' lang='lat' dir='ltr'><strong>jure</strong></span> <span class='ocrx_word' id='word_1_622' title='bbox 2526 1807 2737 1862; x_wconf 90' lang='lat' dir='ltr'><strong>cedere.</strong></span> <span class='ocrx_word' id='word_1_623' title='bbox 2766 1807 2892 1863; x_wconf 58' lang='lat' dir='ltr'><strong>Haec</strong></span> <span class='ocrx_word' id='word_1_624' title='bbox 2914 1822 3042 1877; x_wconf 89' lang='lat' dir='ltr'><strong>ergo</strong></span> <span class='ocrx_word' id='word_1_625' title='bbox 3064 1808 3318 1862; x_wconf 91' lang='lat' dir='ltr'><strong>Dominus</strong></span> <span class='ocrx_word' id='word_1_626' title='bbox 3346 1807 3570 1877; x_wconf 89' lang='lat' dir='ltr'><strong>loquens</strong></span> 
     </span>
    </p>
   </div>
   <div class='ocr_carea' id='block_1_78' title="bbox 1988 1892 3569 1969">
    <p class='ocr_par' dir='ltr' id='par_1_78' title="bbox 1988 1892 3569 1969">
     <span class='ocr_line' id='line_1_78' title="bbox 1988 1892 3569 1969; baseline 0.004 -22"><span class='ocrx_word' id='word_1_627' title='bbox 1988 1892 2289 1965; x_wconf 87' lang='lat' dir='ltr'><strong>discipulis,</strong></span> <span class='ocrx_word' id='word_1_628' title='bbox 2322 1897 2373 1950; x_wconf 92' lang='lat' dir='ltr'><strong>id</strong></span> <span class='ocrx_word' id='word_1_629' title='bbox 2400 1899 2607 1968; x_wconf 81' lang='lat' dir='ltr'><strong>agebat,</strong></span> <span class='ocrx_word' id='word_1_630' title='bbox 2632 1899 2773 1969; x_wconf 92' lang='lat' dir='ltr'><strong>quod</strong></span> <span class='ocrx_word' id='word_1_631' title='bbox 2802 1900 2915 1969; x_wconf 90' lang='lat' dir='ltr'><strong>ipse</strong></span> <span class='ocrx_word' id='word_1_632' title='bbox 2943 1901 3228 1969; x_wconf 85' lang='lat' dir='ltr'><strong>Apostolus</strong></span> <span class='ocrx_word' id='word_1_633' title='bbox 3260 1899 3415 1969; x_wconf 90' lang='lat' dir='ltr'><strong>pattlo</strong></span> <span class='ocrx_word' id='word_1_634' title='bbox 3449 1908 3569 1969; x_wconf 87' lang='lat' dir='ltr'><strong>post</strong></span> 
     </span>
    </p>
   </div>
   <div class='ocr_carea' id='block_1_79' title="bbox 1987 1986 3560 2060">
    <p class='ocr_par' dir='ltr' id='par_1_79' title="bbox 1987 1986 3560 2060">
     <span class='ocr_line' id='line_1_79' title="bbox 1987 1986 3560 2060; baseline 0.003 -21"><span class='ocrx_word' id='word_1_635' title='bbox 1987 1986 2222 2055; x_wconf 86' lang='lat' dir='ltr'><strong>apertius</strong></span> <span class='ocrx_word' id='word_1_636' title='bbox 2264 1987 2334 2040; x_wconf 88' lang='lat' dir='ltr'><strong>ita</strong></span> <span class='ocrx_word' id='word_1_637' title='bbox 2366 1990 2593 2057; x_wconf 78' lang='lat' dir='ltr'><strong>explicat</strong></span> <span class='ocrx_word' id='word_1_638' title='bbox 2623 2008 2635 2043; x_wconf 91' lang='lat'>:</span> <span class='ocrx_word' id='word_1_639' title='bbox 2662 1989 2881 2044; x_wconf 85' lang='lat' dir='ltr'><strong>Nescitis</strong></span> <span class='ocrx_word' id='word_1_640' title='bbox 2911 1991 3148 2059; x_wconf 87' lang='lat' dir='ltr'><strong>quoniam</strong></span> <span class='ocrx_word' id='word_1_641' title='bbox 3176 1991 3261 2060; x_wconf 92' lang='lat' dir='ltr'><strong>qui</strong></span> <span class='ocrx_word' id='word_1_642' title='bbox 3291 1990 3343 2043; x_wconf 90' lang='lat' dir='ltr'><strong>in</strong></span> <span class='ocrx_word' id='word_1_643' title='bbox 3375 1991 3560 2059; x_wconf 87' lang='lat' dir='ltr'><strong>templo</strong></span> 
     </span>
    </p>
   </div>
   <div class='ocr_carea' id='block_1_80' title="bbox 1988 2079 3567 2149">
    <p class='ocr_par' dir='ltr' id='par_1_80' title="bbox 1988 2079 3567 2149">
     <span class='ocr_line' id='line_1_80' title="bbox 1988 2079 3567 2149; baseline 0.004 -22"><span class='ocrx_word' id='word_1_644' title='bbox 1988 2086 2278 2144; x_wconf 87' lang='lat' dir='ltr'><strong>operantur,</strong></span> <span class='ocrx_word' id='word_1_645' title='bbox 2301 2094 2412 2147; x_wconf 80' lang='lat' dir='ltr'><strong>qua:</strong></span> <span class='ocrx_word' id='word_1_646' title='bbox 2434 2079 2496 2131; x_wconf 90' lang='lat' dir='ltr'><strong>de</strong></span> <span class='ocrx_word' id='word_1_647' title='bbox 2538 2079 2721 2147; x_wconf 88' lang='lat' dir='ltr'><strong>tentplo</strong></span> <span class='ocrx_word' id='word_1_648' title='bbox 2746 2089 2863 2132; x_wconf 87' lang='lat' dir='ltr'><strong>sunt</strong></span> <span class='ocrx_word' id='word_1_649' title='bbox 2893 2080 3087 2134; x_wconf 87' lang='lat' dir='ltr'><strong>edunt?</strong></span> <span class='ocrx_word' id='word_1_650' title='bbox 3110 2085 3194 2149; x_wconf 85' lang='lat' dir='ltr'><strong>qui</strong></span> <span class='ocrx_word' id='word_1_651' title='bbox 3230 2080 3378 2133; x_wconf 89' lang='lat' dir='ltr'><strong>altari</strong></span> <span class='ocrx_word' id='word_1_652' title='bbox 3398 2079 3567 2133; x_wconf 84' lang='lat' dir='ltr'><strong>deser-</strong></span> 
     </span>
    </p>
   </div>
   <div class='ocr_carea' id='block_1_81' title="bbox 1986 2166 3565 2239">
    <p class='ocr_par' dir='ltr' id='par_1_81' title="bbox 1986 2166 3565 2239">
     <span class='ocr_line' id='line_1_81' title="bbox 1986 2166 3565 2239; baseline 0.003 -20"><span class='ocrx_word' id='word_1_653' title='bbox 1986 2166 2144 2231; x_wconf 86' lang='lat' dir='ltr'><strong>viunt,</strong></span> <span class='ocrx_word' id='word_1_654' title='bbox 2174 2168 2327 2221; x_wconf 88' lang='lat' dir='ltr'><strong>altari</strong></span> <span class='ocrx_word' id='word_1_655' title='bbox 2358 2170 2797 2239; x_wconf 86' lang='lat' dir='ltr'><strong>compartiuntur?</strong></span> <span class='ocrx_word' id='word_1_656' title='bbox 2835 2170 2923 2224; x_wconf 88' lang='lat' dir='ltr'><strong>Sic</strong></span> <span class='ocrx_word' id='word_1_657' title='bbox 2964 2180 3011 2223; x_wconf 91' lang='lat' dir='ltr'><strong>et</strong></span> <span class='ocrx_word' id='word_1_658' title='bbox 3040 2170 3289 2224; x_wconf 89' lang='lat' dir='ltr'><strong>Dominus</strong></span> <span class='ocrx_word' id='word_1_659' title='bbox 3317 2171 3565 2223; x_wconf 86' lang='lat' dir='ltr'><strong>ordinavit</strong></span> 
     </span>
    </p>
   </div>
   <div class='ocr_carea' id='block_1_82' title="bbox 1985 2258 3567 2334">
    <p class='ocr_par' dir='ltr' id='par_1_82' title="bbox 1985 2258 3567 2334">
     <span class='ocr_line' id='line_1_82' title="bbox 1985 2258 3567 2334; baseline 0.004 -22"><span class='ocrx_word' id='word_1_660' title='bbox 1985 2258 2048 2313; x_wconf 83' lang='lat' dir='ltr'><strong>iis</strong></span> <span class='ocrx_word' id='word_1_661' title='bbox 2071 2261 2157 2330; x_wconf 90' lang='lat' dir='ltr'><strong>qui</strong></span> <span class='ocrx_word' id='word_1_662' title='bbox 2198 2260 2530 2331; x_wconf 86' lang='lat' dir='ltr'><strong>Evangelium</strong></span> <span class='ocrx_word' id='word_1_663' title='bbox 2572 2264 2891 2327; x_wconf 89' lang='lat' dir='ltr'><strong>annuntiant,</strong></span> <span class='ocrx_word' id='word_1_664' title='bbox 2949 2265 3012 2318; x_wconf 87' lang='lat' dir='ltr'><strong>de</strong></span> <span class='ocrx_word' id='word_1_665' title='bbox 3058 2262 3333 2334; x_wconf 85' lang='lat' dir='ltr'><strong>Evangelia</strong></span> <span class='ocrx_word' id='word_1_666' title='bbox 3362 2266 3521 2318; x_wconf 84' lang='lat' dir='ltr'><strong>vivere</strong></span> <span class='ocrx_word' id='word_1_667' title='bbox 3548 2281 3567 2318; x_wconf 91' lang='lat'><strong><em>:</em></strong></span> 
     </span>
    </p>
   </div>
   <div class='ocr_carea' id='block_1_83' title="bbox 1985 2353 3565 2427">
    <p class='ocr_par' dir='ltr' id='par_1_83' title="bbox 1985 2353 3565 2427">
     <span class='ocr_line' id='line_1_83' title="bbox 1985 2353 3565 2427; baseline 0.003 -24"><span class='ocrx_word' id='word_1_668' title='bbox 1985 2365 2075 2420; x_wconf 85' lang='lat' dir='ltr'><strong>ego</strong></span> <span class='ocrx_word' id='word_1_669' title='bbox 2100 2360 2266 2405; x_wconf 89' lang='lat' dir='ltr'><strong>autem</strong></span> <span class='ocrx_word' id='word_1_670' title='bbox 2295 2353 2487 2407; x_wconf 90' lang='lat' dir='ltr'><strong>nullius</strong></span> <span class='ocrx_word' id='word_1_671' title='bbox 2534 2354 2714 2407; x_wconf 83' lang='lat' dir='ltr'><strong>horum</strong></span> <span class='ocrx_word' id='word_1_672' title='bbox 2753 2371 2872 2409; x_wconf 88' lang='lat' dir='ltr'><strong>usus</strong></span> <span class='ocrx_word' id='word_1_673' title='bbox 2918 2372 3028 2408; x_wconf 89' lang='lat' dir='ltr'><strong>sum</strong></span> <span class='ocrx_word' id='word_1_674' title='bbox 3056 2354 3106 2427; x_wconf 89' lang='grc' dir='ltr'><strong>(Ι</strong></span> <span class='ocrx_word' id='word_1_675' title='bbox 3135 2354 3251 2409; x_wconf 84' lang='lat' dir='ltr'><strong>Cor.</strong></span> <span class='ocrx_word' id='word_1_676' title='bbox 3284 2371 3362 2417; x_wconf 90' lang='lat' dir='ltr'><strong>tx,</strong></span> <span class='ocrx_word' id='word_1_677' title='bbox 3385 2354 3565 2427; x_wconf 74' lang='lat'><strong>7—15).</strong></span> 
     </span>
    </p>
   </div>
   <div class='ocr_carea' id='block_1_84' title="bbox 1983 2440 3563 2513">
    <p class='ocr_par' dir='ltr' id='par_1_84' title="bbox 1983 2440 3563 2513">
     <span class='ocr_line' id='line_1_84' title="bbox 1983 2440 3563 2513; baseline 0.005 -18"><span class='ocrx_word' id='word_1_678' title='bbox 1983 2440 2115 2496; x_wconf 88' lang='lat' dir='ltr'><strong>Cum</strong></span> <span class='ocrx_word' id='word_1_679' title='bbox 2146 2443 2320 2513; x_wconf 89' lang='lat' dir='ltr'><strong>itaque</strong></span> <span class='ocrx_word' id='word_1_680' title='bbox 2358 2445 2483 2499; x_wconf 92' lang='lat' dir='ltr'><strong>dicit</strong></span> <span class='ocrx_word' id='word_1_681' title='bbox 2526 2446 2597 2499; x_wconf 81' lang='lat' dir='ltr'><strong>ita</strong></span> <span class='ocrx_word' id='word_1_682' title='bbox 2629 2446 2913 2501; x_wconf 88' lang='lat' dir='ltr'><strong>Dominum</strong></span> <span class='ocrx_word' id='word_1_683' title='bbox 2952 2448 3248 2513; x_wconf 84' lang='lat' dir='ltr'><strong>ordinasse,</strong></span> <span class='ocrx_word' id='word_1_684' title='bbox 3299 2463 3357 2503; x_wconf 90' lang='lat' dir='ltr'><strong>se</strong></span> <span class='ocrx_word' id='word_1_685' title='bbox 3384 2458 3563 2504; x_wconf 73' lang='lat' dir='ltr'><strong>autem</strong></span> 
     </span>
    </p>
   </div>
   <div class='ocr_carea' id='block_1_85' title="bbox 1984 2539 3558 2611">
    <p class='ocr_par' dir='ltr' id='par_1_85' title="bbox 1984 2539 3558 2611">
     <span class='ocr_line' id='line_1_85' title="bbox 1984 2539 3558 2611; baseline 0.006 -23"><span class='ocrx_word' id='word_1_686' title='bbox 1984 2550 2137 2589; x_wconf 90' lang='lat' dir='ltr'><strong>usum</strong></span> <span class='ocrx_word' id='word_1_687' title='bbox 2191 2551 2297 2591; x_wconf 91' lang='lat' dir='ltr'><strong>non</strong></span> <span class='ocrx_word' id='word_1_688' title='bbox 2340 2552 2493 2604; x_wconf 92' lang='lat' dir='ltr'><strong>esse,</strong></span> <span class='ocrx_word' id='word_1_689' title='bbox 2545 2539 2723 2609; x_wconf 88' lang='lat' dir='ltr'><strong>utique</strong></span> <span class='ocrx_word' id='word_1_690' title='bbox 2767 2540 3000 2594; x_wconf 92' lang='lat' dir='ltr'><strong>ostendit</strong></span> <span class='ocrx_word' id='word_1_691' title='bbox 3030 2540 3208 2595; x_wconf 89' lang='lat' dir='ltr'><strong>utendi</strong></span> <span class='ocrx_word' id='word_1_692' title='bbox 3241 2549 3558 2611; x_wconf 81' lang='lat' dir='ltr'><strong>potestatem</strong></span> 
     </span>
    </p>
   </div>
   <div class='ocr_carea' id='block_1_86' title="bbox 1984 2626 3383 2701">
    <p class='ocr_par' dir='ltr' id='par_1_86' title="bbox 1984 2626 3383 2701">
     <span class='ocr_line' id='line_1_86' title="bbox 1984 2626 3383 2701; baseline 0.004 -20"><span class='ocrx_word' id='word_1_693' title='bbox 1984 2626 2158 2682; x_wconf 90' lang='lat' dir='ltr'><strong>datam</strong></span> <span class='ocrx_word' id='word_1_694' title='bbox 2183 2669 2196 2693; x_wconf 95' lang='lat'><strong>,</strong></span> <span class='ocrx_word' id='word_1_695' title='bbox 2228 2645 2335 2683; x_wconf 90' lang='lat' dir='ltr'><strong>non</strong></span> <span class='ocrx_word' id='word_1_696' title='bbox 2368 2630 2666 2701; x_wconf 90' lang='lat' dir='ltr'><strong>impositam</strong></span> <span class='ocrx_word' id='word_1_697' title='bbox 2692 2631 2959 2686; x_wconf 81' lang='lat' dir='ltr'><strong>serviendi</strong></span> <span class='ocrx_word' id='word_1_698' title='bbox 2988 2633 3383 2687; x_wconf 89' lang='lat' dir='ltr'><strong>necessitatem.</strong></span> 
     </span>
    </p>
   </div>
   <div class='ocr_carea' id='block_1_87' title="bbox 2057 2721 3567 2796">
    <p class='ocr_par' dir='ltr' id='par_1_87' title="bbox 2057 2721 3567 2796">
     <span class='ocr_line' id='line_1_87' title="bbox 2057 2721 3567 2796; baseline 0.005 -23"><span class='ocrx_word' id='word_1_699' title='bbox 2057 2721 2142 2774; x_wconf 73' lang='grc'><strong>74.</strong></span> <span class='ocrx_word' id='word_1_700' title='bbox 2177 2721 2289 2776; x_wconf 90' lang='lat' dir='ltr'><strong>Hoc</strong></span> <span class='ocrx_word' id='word_1_701' title='bbox 2310 2738 2436 2792; x_wconf 90' lang='lat' dir='ltr'><strong>ergo</strong></span> <span class='ocrx_word' id='word_1_702' title='bbox 2472 2723 2723 2779; x_wconf 90' lang='lat' dir='ltr'><strong>ordinans</strong></span> <span class='ocrx_word' id='word_1_703' title='bbox 2768 2724 3038 2789; x_wconf 88' lang='lat' dir='ltr'><strong>Dominus,</strong></span> <span class='ocrx_word' id='word_1_704' title='bbox 3080 2725 3221 2796; x_wconf 90' lang='lat' dir='ltr'><strong>quod</strong></span> <span class='ocrx_word' id='word_1_705' title='bbox 3264 2740 3385 2780; x_wconf 91' lang='lat' dir='ltr'><strong>eum</strong></span> <span class='ocrx_word' id='word_1_706' title='bbox 3422 2726 3567 2781; x_wconf 88' lang='lat' dir='ltr'><strong>ordi-</strong></span> 
     </span>
    </p>
   </div>
   <div class='ocr_carea' id='block_1_88' title="bbox 1982 2814 3563 2887">
    <p class='ocr_par' dir='ltr' id='par_1_88' title="bbox 1982 2814 3563 2887">
     <span class='ocr_line' id='line_1_88' title="bbox 1982 2814 3563 2887; baseline 0.004 -20"><span class='ocrx_word' id='word_1_707' title='bbox 1982 2828 2139 2868; x_wconf 85' lang='lat' dir='ltr'><strong>nasse</strong></span> <span class='ocrx_word' id='word_1_708' title='bbox 2163 2814 2289 2869; x_wconf 91' lang='lat' dir='ltr'><strong>dicit</strong></span> <span class='ocrx_word' id='word_1_709' title='bbox 2306 2816 2612 2885; x_wconf 86' lang='lat' dir='ltr'><strong>Apostolus,</strong></span> <span class='ocrx_word' id='word_1_710' title='bbox 2643 2818 2730 2887; x_wconf 91' lang='lat' dir='ltr'><strong>qni</strong></span> <span class='ocrx_word' id='word_1_711' title='bbox 2762 2817 3109 2887; x_wconf 88' lang='lat' dir='ltr'><strong>Evangelium</strong></span> <span class='ocrx_word' id='word_1_712' title='bbox 3131 2819 3468 2885; x_wconf 91' lang='lat' dir='ltr'><strong>annuntiant,</strong></span> <span class='ocrx_word' id='word_1_713' title='bbox 3492 2819 3563 2874; x_wconf 86' lang='lat' dir='ltr'><strong>de</strong></span> 
     </span>
    </p>
   </div>
   <div class='ocr_carea' id='block_1_89' title="bbox 1982 2904 3565 2979">
    <p class='ocr_par' dir='ltr' id='par_1_89' title="bbox 1982 2904 3565 2979">
     <span class='ocr_line' id='line_1_89' title="bbox 1982 2904 3565 2979; baseline 0.002 -19"><span class='ocrx_word' id='word_1_714' title='bbox 1982 2904 2273 2976; x_wconf 88' lang='lat' dir='ltr'><strong>Evangelio</strong></span> <span class='ocrx_word' id='word_1_715' title='bbox 2295 2908 2501 2975; x_wconf 91' lang='lat' dir='ltr'><strong>vivere,</strong></span> <span class='ocrx_word' id='word_1_716' title='bbox 2538 2907 2625 2961; x_wconf 90' lang='lat' dir='ltr'><strong>illa</strong></span> <span class='ocrx_word' id='word_1_717' title='bbox 2661 2908 2928 2978; x_wconf 83' lang='lat' dir='ltr'><strong>Apostolis</strong></span> <span class='ocrx_word' id='word_1_718' title='bbox 2947 2908 3280 2979; x_wconf 91' lang='lat' dir='ltr'><strong>loquebatur,</strong></span> <span class='ocrx_word' id='word_1_719' title='bbox 3311 2920 3367 2964; x_wconf 90' lang='lat' dir='ltr'><strong>ut</strong></span> <span class='ocrx_word' id='word_1_720' title='bbox 3393 2908 3565 2964; x_wconf 90' lang='lat' dir='ltr'><strong>securi</strong></span> 
     </span>
    </p>
   </div>
   <div class='ocr_carea' id='block_1_90' title="bbox 1981 2998 3567 3069">
    <p class='ocr_par' dir='ltr' id='par_1_90' title="bbox 1981 2998 3567 3069">
     <span class='ocr_line' id='line_1_90' title="bbox 1981 2998 3567 3069; baseline 0.003 -17"><span class='ocrx_word' id='word_1_721' title='bbox 1981 3012 2089 3051; x_wconf 88' lang='lat' dir='ltr'><strong>non</strong></span> <span class='ocrx_word' id='word_1_722' title='bbox 2117 2998 2470 3068; x_wconf 90' lang='lat' dir='ltr'><strong>possiderent,</strong></span> <span class='ocrx_word' id='word_1_723' title='bbox 2503 3015 2677 3069; x_wconf 90' lang='lat' dir='ltr'><strong>neque</strong></span> <span class='ocrx_word' id='word_1_724' title='bbox 2706 3008 2982 3069; x_wconf 89' lang='lat' dir='ltr'><strong>portarent</strong></span> <span class='ocrx_word' id='word_1_725' title='bbox 3028 3000 3151 3054; x_wconf 89' lang='lat' dir='ltr'><strong>huic</strong></span> <span class='ocrx_word' id='word_1_726' title='bbox 3174 3002 3295 3055; x_wconf 75' lang='lat' dir='ltr'><strong>vila:</strong></span> <span class='ocrx_word' id='word_1_727' title='bbox 3320 3014 3567 3056; x_wconf 88' lang='lat' dir='ltr'><strong>necessa-</strong></span> 
     </span>
    </p>
   </div>
   <div class='ocr_carea' id='block_1_91' title="bbox 1981 3090 3563 3164">
    <p class='ocr_par' dir='ltr' id='par_1_91' title="bbox 1981 3090 3563 3164">
     <span class='ocr_line' id='line_1_91' title="bbox 1981 3090 3563 3164; baseline 0.001 -20"><span class='ocrx_word' id='word_1_728' title='bbox 1981 3090 2081 3157; x_wconf 89' lang='lat' dir='ltr'><strong>ria,</strong></span> <span class='ocrx_word' id='word_1_729' title='bbox 2112 3106 2208 3145; x_wconf 90' lang='lat' dir='ltr'><strong>nec</strong></span> <span class='ocrx_word' id='word_1_730' title='bbox 2237 3108 2445 3162; x_wconf 87' lang='lat' dir='ltr'><strong>magna,</strong></span> <span class='ocrx_word' id='word_1_731' title='bbox 2478 3108 2579 3147; x_wconf 89' lang='lat' dir='ltr'><strong>nec</strong></span> <span class='ocrx_word' id='word_1_732' title='bbox 2606 3093 2843 3146; x_wconf 91' lang='lat' dir='ltr'><strong>minima.</strong></span> <span class='ocrx_word' id='word_1_733' title='bbox 2869 3092 2995 3147; x_wconf 92' lang='lat' dir='ltr'><strong>ldeo</strong></span> <span class='ocrx_word' id='word_1_734' title='bbox 3010 3093 3201 3162; x_wconf 90' lang='lat' dir='ltr'><strong>posuit,</strong></span> <span class='ocrx_word' id='word_1_735' title='bbox 3233 3110 3321 3147; x_wconf 89' lang='lat' dir='ltr'><strong>nec</strong></span> <span class='ocrx_word' id='word_1_736' title='bbox 3351 3094 3563 3164; x_wconf 85' lang='lat' dir='ltr'><strong>virgam,</strong></span> 
     </span>
    </p>
   </div>
   <div class='ocr_carea' id='block_1_92' title="bbox 1980 3184 3564 3252">
    <p class='ocr_par' dir='ltr' id='par_1_92' title="bbox 1980 3184 3564 3252">
     <span class='ocr_line' id='line_1_92' title="bbox 1980 3184 3564 3252; baseline 0 -13"><span class='ocrx_word' id='word_1_737' title='bbox 1980 3184 2268 3240; x_wconf 91' lang='lat' dir='ltr'><strong>ostendens</strong></span> <span class='ocrx_word' id='word_1_738' title='bbox 2297 3200 2327 3238; x_wconf 92' lang='lat' dir='ltr'><strong>a</strong></span> <span class='ocrx_word' id='word_1_739' title='bbox 2352 3185 2592 3240; x_wconf 88' lang='lat' dir='ltr'><strong>ﬁdelibus</strong></span> <span class='ocrx_word' id='word_1_740' title='bbox 2614 3185 2724 3240; x_wconf 90' lang='lat' dir='ltr'><strong>suis</strong></span> <span class='ocrx_word' id='word_1_741' title='bbox 2745 3186 2924 3240; x_wconf 88' lang='lat' dir='ltr'><strong>omnia</strong></span> <span class='ocrx_word' id='word_1_742' title='bbox 2950 3185 3132 3241; x_wconf 90' lang='lat' dir='ltr'><strong>deberi</strong></span> <span class='ocrx_word' id='word_1_743' title='bbox 3155 3186 3413 3239; x_wconf 89' lang='lat' dir='ltr'><strong>ministris</strong></span> <span class='ocrx_word' id='word_1_744' title='bbox 3432 3185 3564 3252; x_wconf 88' lang='lat' dir='ltr'><strong>suis,</strong></span> 
     </span>
    </p>
   </div>
   <div class='ocr_carea' id='block_1_93' title="bbox 1981 3277 3564 3349">
    <p class='ocr_par' dir='ltr' id='par_1_93' title="bbox 1981 3277 3564 3349">
     <span class='ocr_line' id='line_1_93' title="bbox 1981 3277 3564 3349; baseline 0 -18"><span class='ocrx_word' id='word_1_745' title='bbox 1981 3278 2122 3340; x_wconf 88' lang='lat' dir='ltr'><strong>nulla</strong></span> <span class='ocrx_word' id='word_1_746' title='bbox 2152 3278 2420 3347; x_wconf 85' lang='lat' dir='ltr'><strong>superﬂua</strong></span> <span class='ocrx_word' id='word_1_747' title='bbox 2452 3278 2869 3349; x_wconf 89' lang='lat' dir='ltr'><strong>requirentibus.</strong></span> <span class='ocrx_word' id='word_1_748' title='bbox 2915 3279 2991 3333; x_wconf 79' lang='lat' dir='ltr'><strong>Ac</strong></span> <span class='ocrx_word' id='word_1_749' title='bbox 3032 3293 3127 3349; x_wconf 90' lang='lat' dir='ltr'><strong>per</strong></span> <span class='ocrx_word' id='word_1_750' title='bbox 3172 3278 3271 3332; x_wconf 93' lang='lat' dir='ltr'><strong>hoc</strong></span> <span class='ocrx_word' id='word_1_751' title='bbox 3298 3277 3564 3345; x_wconf 90' lang='lat' dir='ltr'><strong>addendo,</strong></span> 
     </span>
    </p>
   </div>
   <div class='ocr_carea' id='block_1_94' title="bbox 1979 3370 3566 3441">
    <p class='ocr_par' dir='ltr' id='par_1_94' title="bbox 1979 3370 3566 3441">
     <span class='ocr_line' id='line_1_94' title="bbox 1979 3370 3566 3441; baseline 0.001 -18"><span class='ocrx_word' id='word_1_752' title='bbox 1979 3370 2177 3441; x_wconf 90' lang='lat' dir='ltr'><strong>Dignus</strong></span> <span class='ocrx_word' id='word_1_753' title='bbox 2203 3379 2274 3425; x_wconf 91' lang='lat' dir='ltr'><strong>est</strong></span> <span class='ocrx_word' id='word_1_754' title='bbox 2298 3372 2429 3424; x_wconf 86' lang='lat' dir='ltr'><strong>enim</strong></span> <span class='ocrx_word' id='word_1_755' title='bbox 2453 3372 2715 3441; x_wconf 80' lang='lat' dir='ltr'><strong>Operarius</strong></span> <span class='ocrx_word' id='word_1_756' title='bbox 2743 3372 2852 3425; x_wconf 90' lang='lat' dir='ltr'><strong>cibo</strong></span> <span class='ocrx_word' id='word_1_757' title='bbox 2885 3388 2998 3434; x_wconf 89' lang='lat' dir='ltr'><strong>suo,</strong></span> <span class='ocrx_word' id='word_1_758' title='bbox 3040 3386 3257 3440; x_wconf 86' lang='lat' dir='ltr'><strong>prorsus</strong></span> <span class='ocrx_word' id='word_1_759' title='bbox 3284 3371 3491 3440; x_wconf 88' lang='lat' dir='ltr'><strong>aperuit</strong></span> <span class='ocrx_word' id='word_1_760' title='bbox 3512 3378 3566 3425; x_wconf 82' lang='lat' dir='ltr'><strong>ct</strong></span> 
     </span>
    </p>
   </div>
   <div class='ocr_carea' id='block_1_95' title="bbox 1979 3459 3566 3530">
    <p class='ocr_par' dir='ltr' id='par_1_95' title="bbox 1979 3459 3566 3530">
     <span class='ocr_line' id='line_1_95' title="bbox 1979 3459 3566 3530; baseline 0.001 -16"><span class='ocrx_word' id='word_1_761' title='bbox 1979 3459 2263 3514; x_wconf 88' lang='lat' dir='ltr'><strong>illustravit</strong></span> <span class='ocrx_word' id='word_1_762' title='bbox 2292 3460 2432 3515; x_wconf 91' lang='lat' dir='ltr'><strong>unde</strong></span> <span class='ocrx_word' id='word_1_763' title='bbox 2457 3469 2509 3514; x_wconf 92' lang='lat' dir='ltr'><strong>et</strong></span> <span class='ocrx_word' id='word_1_764' title='bbox 2531 3476 2695 3529; x_wconf 88' lang='lat' dir='ltr'><strong>quare</strong></span> <span class='ocrx_word' id='word_1_765' title='bbox 2726 3461 2838 3515; x_wconf 73' lang='lat' dir='ltr'><strong>haec</strong></span> <span class='ocrx_word' id='word_1_766' title='bbox 2858 3460 3035 3514; x_wconf 89' lang='lat' dir='ltr'><strong>omnia</strong></span> <span class='ocrx_word' id='word_1_767' title='bbox 3069 3461 3395 3530; x_wconf 91' lang='lat' dir='ltr'><strong>loqueretur.</strong></span> <span class='ocrx_word' id='word_1_768' title='bbox 3418 3461 3566 3515; x_wconf 86' lang='lat' dir='ltr'><strong>Hanc</strong></span> 
     </span>
    </p>
   </div>
   <div class='ocr_carea' id='block_1_96' title="bbox 1979 3552 3556 3625">
    <p class='ocr_par' dir='ltr' id='par_1_96' title="bbox 1979 3552 3556 3625">
     <span class='ocr_line' id='line_1_96' title="bbox 1979 3552 3556 3625; baseline -0.001 -16"><span class='ocrx_word' id='word_1_769' title='bbox 1979 3569 2106 3625; x_wconf 89' lang='lat' dir='ltr'><strong>ergo</strong></span> <span class='ocrx_word' id='word_1_770' title='bbox 2134 3563 2447 3625; x_wconf 90' lang='lat' dir='ltr'><strong>potestatem</strong></span> <span class='ocrx_word' id='word_1_771' title='bbox 2468 3554 2629 3624; x_wconf 61' lang='lat' dir='ltr'><strong>virga:</strong></span> <span class='ocrx_word' id='word_1_772' title='bbox 2656 3553 2871 3609; x_wconf 91' lang='lat' dir='ltr'><strong>nomine</strong></span> <span class='ocrx_word' id='word_1_773' title='bbox 2891 3553 3224 3623; x_wconf 89' lang='lat' dir='ltr'><strong>signiﬁcavit,</strong></span> <span class='ocrx_word' id='word_1_774' title='bbox 3257 3568 3379 3607; x_wconf 89' lang='lat' dir='ltr'><strong>cunt</strong></span> <span class='ocrx_word' id='word_1_775' title='bbox 3402 3552 3556 3619; x_wconf 83' lang='lat' dir='ltr'><strong>dixit,</strong></span> 
     </span>
    </p>
   </div>
   <div class='ocr_carea' id='block_1_97' title="bbox 1980 3644 3559 3717">
    <p class='ocr_par' dir='ltr' id='par_1_97' title="bbox 1980 3644 3559 3717">
     <span class='ocr_line' id='line_1_97' title="bbox 1980 3644 3559 3717; baseline -0.001 -17"><span class='ocrx_word' id='word_1_776' title='bbox 1980 3664 2042 3700; x_wconf 85' lang='lat' dir='ltr'><strong>ne</strong></span> <span class='ocrx_word' id='word_1_777' title='bbox 2064 3648 2181 3717; x_wconf 89' lang='lat' dir='ltr'><strong>quid</strong></span> <span class='ocrx_word' id='word_1_778' title='bbox 2196 3648 2422 3701; x_wconf 90' lang='lat' dir='ltr'><strong>tollerent</strong></span> <span class='ocrx_word' id='word_1_779' title='bbox 2442 3647 2495 3699; x_wconf 88' lang='lat' dir='ltr'><strong>in</strong></span> <span class='ocrx_word' id='word_1_780' title='bbox 2520 3648 2619 3712; x_wconf 89' lang='lat' dir='ltr'><strong>via,</strong></span> <span class='ocrx_word' id='word_1_781' title='bbox 2644 3647 2741 3700; x_wconf 88' lang='lat' dir='ltr'><strong>nisi</strong></span> <span class='ocrx_word' id='word_1_782' title='bbox 2767 3647 2958 3717; x_wconf 87' lang='lat' dir='ltr'><strong>virgam</strong></span> <span class='ocrx_word' id='word_1_783' title='bbox 2976 3655 3191 3699; x_wconf 90' lang='lat' dir='ltr'><strong>tantum.</strong></span> <span class='ocrx_word' id='word_1_784' title='bbox 3218 3645 3395 3699; x_wconf 90' lang='lat' dir='ltr'><strong>Potuit</strong></span> <span class='ocrx_word' id='word_1_785' title='bbox 3416 3644 3559 3700; x_wconf 85' lang='lat' dir='ltr'><strong>enim</strong></span> 
     </span>
    </p>
   </div>
   <div class='ocr_carea' id='block_1_98' title="bbox 1980 3736 3556 3803">
    <p class='ocr_par' dir='ltr' id='par_1_98' title="bbox 1980 3736 3556 3803">
     <span class='ocr_line' id='line_1_98' title="bbox 1980 3736 3556 3803; baseline -0.002 -10"><span class='ocrx_word' id='word_1_786' title='bbox 1980 3737 2139 3793; x_wconf 90' lang='lat' dir='ltr'><strong>etiam</strong></span> <span class='ocrx_word' id='word_1_787' title='bbox 2165 3739 2241 3793; x_wconf 93' lang='lat' dir='ltr'><strong>sic</strong></span> <span class='ocrx_word' id='word_1_788' title='bbox 2257 3737 2489 3792; x_wconf 85' lang='lat' dir='ltr'><strong>breviter</strong></span> <span class='ocrx_word' id='word_1_789' title='bbox 2514 3738 2637 3803; x_wconf 89' lang='lat' dir='ltr'><strong>dici,</strong></span> <span class='ocrx_word' id='word_1_790' title='bbox 2662 3736 2803 3791; x_wconf 89' lang='lat' dir='ltr'><strong>Nihil</strong></span> <span class='ocrx_word' id='word_1_791' title='bbox 2832 3737 3257 3791; x_wconf 90' lang='lat' dir='ltr'><strong>necessariorum</strong></span> <span class='ocrx_word' id='word_1_792' title='bbox 3278 3736 3556 3791; x_wconf 89' lang='lat' dir='ltr'><strong>vobiscum</strong></span> 
     </span>
    </p>
   </div>
   <div class='ocr_carea' id='block_1_99' title="bbox 1980 3827 3566 3899">
    <p class='ocr_par' dir='ltr' id='par_1_99' title="bbox 1980 3827 3566 3899">
     <span class='ocr_line' id='line_1_99' title="bbox 1980 3827 3566 3899; baseline 0 -17"><span class='ocrx_word' id='word_1_793' title='bbox 1980 3827 2182 3892; x_wconf 84' lang='lat' dir='ltr'><strong>feratis,</strong></span> <span class='ocrx_word' id='word_1_794' title='bbox 2238 3844 2337 3884; x_wconf 89' lang='lat' dir='ltr'><strong>nec</strong></span> <span class='ocrx_word' id='word_1_795' title='bbox 2386 3830 2611 3899; x_wconf 83' lang='lat' dir='ltr'><strong>virgam,</strong></span> <span class='ocrx_word' id='word_1_796' title='bbox 2655 3828 2754 3882; x_wconf 87' lang='lat' dir='ltr'><strong>nisi</strong></span> <span class='ocrx_word' id='word_1_797' title='bbox 2810 3829 3009 3897; x_wconf 82' lang='lat' dir='ltr'><strong>virgam</strong></span> <span class='ocrx_word' id='word_1_798' title='bbox 3064 3836 3307 3882; x_wconf 87' lang='lat' dir='ltr'><strong>tantum:</strong></span> <span class='ocrx_word' id='word_1_799' title='bbox 3339 3836 3396 3882; x_wconf 91' lang='lat' dir='ltr'><strong>ut</strong></span> <span class='ocrx_word' id='word_1_800' title='bbox 3434 3827 3566 3882; x_wconf 84' lang='lat' dir='ltr'><strong>illud</strong></span> 
     </span>
    </p>
   </div>
   <div class='ocr_carea' id='block_1_100' title="bbox 1978 3920 3565 3991">
    <p class='ocr_par' dir='ltr' id='par_1_100' title="bbox 1978 3920 3565 3991">
     <span class='ocr_line' id='line_1_100' title="bbox 1978 3920 3565 3991; baseline 0.001 -17"><span class='ocrx_word' id='word_1_801' title='bbox 1978 3921 2120 3991; x_wconf 88' lang='lat' dir='ltr'><strong>quod</strong></span> <span class='ocrx_word' id='word_1_802' title='bbox 2158 3921 2355 3977; x_wconf 87' lang='lat' dir='ltr'><strong>dictum</strong></span> <span class='ocrx_word' id='word_1_803' title='bbox 2411 3930 2493 3976; x_wconf 91' lang='lat' dir='ltr'><strong>cst</strong></span> <span class='ocrx_word' id='word_1_804' title='bbox 2542 3938 2631 3975; x_wconf 87' lang='lat' dir='ltr'><strong>nec</strong></span> <span class='ocrx_word' id='word_1_805' title='bbox 2676 3922 2897 3991; x_wconf 84' lang='lat' dir='ltr'><strong>virgam,</strong></span> <span class='ocrx_word' id='word_1_806' title='bbox 2953 3920 3297 3990; x_wconf 85' lang='lat' dir='ltr'><strong>intelligatur,</strong></span> <span class='ocrx_word' id='word_1_807' title='bbox 3346 3935 3413 3975; x_wconf 86' lang='lat' dir='ltr'><strong>ne</strong></span> <span class='ocrx_word' id='word_1_808' title='bbox 3460 3920 3565 3975; x_wconf 83' lang='lat' dir='ltr'><strong>mi-</strong></span> 
     </span>
    </p>
   </div>
   <div class='ocr_carea' id='block_1_101' title="bbox 1978 4010 3566 4083">
    <p class='ocr_par' dir='ltr' id='par_1_101' title="bbox 1978 4010 3566 4083">
     <span class='ocr_line' id='line_1_101' title="bbox 1978 4010 3566 4083; baseline -0.002 -16"><span class='ocrx_word' id='word_1_809' title='bbox 1978 4013 2148 4067; x_wconf 90' lang='lat' dir='ltr'><strong>nimas</strong></span> <span class='ocrx_word' id='word_1_810' title='bbox 2192 4012 2404 4083; x_wconf 91' lang='lat' dir='ltr'><strong>quidem</strong></span> <span class='ocrx_word' id='word_1_811' title='bbox 2457 4026 2580 4077; x_wconf 91' lang='lat' dir='ltr'><strong>res;</strong></span> <span class='ocrx_word' id='word_1_812' title='bbox 2619 4012 2760 4081; x_wconf 89' lang='lat' dir='ltr'><strong>quod</strong></span> <span class='ocrx_word' id='word_1_813' title='bbox 2803 4025 2933 4065; x_wconf 90' lang='lat' dir='ltr'><strong>vero</strong></span> <span class='ocrx_word' id='word_1_814' title='bbox 2966 4010 3284 4080; x_wconf 88' lang='lat' dir='ltr'><strong>adjunctum</strong></span> <span class='ocrx_word' id='word_1_815' title='bbox 3324 4018 3437 4077; x_wconf 88' lang='lat' dir='ltr'><strong>est,</strong></span> <span class='ocrx_word' id='word_1_816' title='bbox 3469 4010 3566 4066; x_wconf 90' lang='lat' dir='ltr'><strong>nisi</strong></span> 
     </span>
    </p>
   </div>
   <div class='ocr_carea' id='block_1_102' title="bbox 1978 4101 3565 4175">
    <p class='ocr_par' dir='ltr' id='par_1_102' title="bbox 1978 4101 3565 4175">
     <span class='ocr_line' id='line_1_102' title="bbox 1978 4101 3565 4175; baseline -0.001 -17"><span class='ocrx_word' id='word_1_817' title='bbox 1978 4105 2168 4175; x_wconf 91' lang='lat' dir='ltr'><strong>virgam</strong></span> <span class='ocrx_word' id='word_1_818' title='bbox 2216 4112 2439 4169; x_wconf 89' lang='lat' dir='ltr'><strong>tantum,</strong></span> <span class='ocrx_word' id='word_1_819' title='bbox 2490 4102 2833 4172; x_wconf 87' lang='lat' dir='ltr'><strong>intelligatur,</strong></span> <span class='ocrx_word' id='word_1_820' title='bbox 2885 4101 3007 4171; x_wconf 89' lang='lat' dir='ltr'><strong>quia</strong></span> <span class='ocrx_word' id='word_1_821' title='bbox 3052 4118 3148 4172; x_wconf 88' lang='lat' dir='ltr'><strong>per</strong></span> <span class='ocrx_word' id='word_1_822' title='bbox 3191 4109 3504 4170; x_wconf 90' lang='lat' dir='ltr'><strong>potestatem</strong></span> <span class='ocrx_word' id='word_1_823' title='bbox 3534 4116 3565 4156; x_wconf 90' lang='lat' dir='ltr'><strong>a</strong></span> 
     </span>
    </p>
   </div>
   <div class='ocr_carea' id='block_1_103' title="bbox 1980 4192 3559 4265">
    <p class='ocr_par' dir='ltr' id='par_1_103' title="bbox 1980 4192 3559 4265">
     <span class='ocr_line' id='line_1_103' title="bbox 1980 4192 3559 4265; baseline -0.002 -16"><span class='ocrx_word' id='word_1_824' title='bbox 1980 4196 2205 4250; x_wconf 90' lang='lat' dir='ltr'><strong>Domino</strong></span> <span class='ocrx_word' id='word_1_825' title='bbox 2230 4204 2523 4265; x_wconf 87' lang='lat' dir='ltr'><strong>acceptam,</strong></span> <span class='ocrx_word' id='word_1_826' title='bbox 2557 4210 2674 4264; x_wconf 85' lang='lat' dir='ltr'><strong>quae</strong></span> <span class='ocrx_word' id='word_1_827' title='bbox 2706 4195 2867 4263; x_wconf 74' lang='lat' dir='ltr'><strong>virga:</strong></span> <span class='ocrx_word' id='word_1_828' title='bbox 2899 4193 3114 4247; x_wconf 90' lang='lat' dir='ltr'><strong>nomine</strong></span> <span class='ocrx_word' id='word_1_829' title='bbox 3140 4192 3433 4261; x_wconf 89' lang='lat' dir='ltr'><strong>signiﬁcata</strong></span> <span class='ocrx_word' id='word_1_830' title='bbox 3455 4200 3559 4258; x_wconf 88' lang='lat' dir='ltr'><strong>est,</strong></span> 
     </span>
    </p>
   </div>
   <div class='ocr_carea' id='block_1_104' title="bbox 1978 4282 3563 4356">
    <p class='ocr_par' dir='ltr' id='par_1_104' title="bbox 1978 4282 3563 4356">
     <span class='ocr_line' id='line_1_104' title="bbox 1978 4282 3563 4356; baseline -0.003 -14"><span class='ocrx_word' id='word_1_831' title='bbox 1978 4287 2137 4342; x_wconf 90' lang='lat' dir='ltr'><strong>etiam</strong></span> <span class='ocrx_word' id='word_1_832' title='bbox 2165 4303 2281 4356; x_wconf 81' lang='lat' dir='ltr'><strong>qua:</strong></span> <span class='ocrx_word' id='word_1_833' title='bbox 2300 4302 2402 4340; x_wconf 87' lang='lat' dir='ltr'><strong>non</strong></span> <span class='ocrx_word' id='word_1_834' title='bbox 2434 4293 2711 4355; x_wconf 88' lang='lat' dir='ltr'><strong>portantur</strong></span> <span class='ocrx_word' id='word_1_835' title='bbox 2727 4298 2832 4338; x_wconf 92' lang='lat' dir='ltr'><strong>non</strong></span> <span class='ocrx_word' id='word_1_836' title='bbox 2848 4283 3093 4338; x_wconf 90' lang='lat' dir='ltr'><strong>deerunt.</strong></span> <span class='ocrx_word' id='word_1_837' title='bbox 3114 4282 3409 4352; x_wconf 91' lang='lat' dir='ltr'><strong>Utrumque</strong></span> <span class='ocrx_word' id='word_1_838' title='bbox 3434 4295 3563 4351; x_wconf 86' lang='lat' dir='ltr'><strong>ergo</strong></span> 
     </span>
    </p>
   </div>
   <div class='ocr_carea' id='block_1_105' title="bbox 1978 4376 3550 4444">
    <p class='ocr_par' dir='ltr' id='par_1_105' title="bbox 1978 4376 3550 4444">
     <span class='ocr_line' id='line_1_105' title="bbox 1978 4376 3550 4444; baseline -0.001 -13"><span class='ocrx_word' id='word_1_839' title='bbox 1978 4377 2231 4431; x_wconf 91' lang='lat' dir='ltr'><strong>Dominus</strong></span> <span class='ocrx_word' id='word_1_840' title='bbox 2256 4377 2406 4442; x_wconf 84' lang='lat' dir='ltr'><strong>dixit,</strong></span> <span class='ocrx_word' id='word_1_841' title='bbox 2436 4377 2529 4431; x_wconf 89' lang='lat' dir='ltr'><strong>sed</strong></span> <span class='ocrx_word' id='word_1_842' title='bbox 2559 4376 2681 4444; x_wconf 90' lang='lat' dir='ltr'><strong>quia</strong></span> <span class='ocrx_word' id='word_1_843' title='bbox 2709 4390 2813 4428; x_wconf 92' lang='lat' dir='ltr'><strong>non</strong></span> <span class='ocrx_word' id='word_1_844' title='bbox 2845 4382 3130 4444; x_wconf 90' lang='lat' dir='ltr'><strong>utrumque</strong></span> <span class='ocrx_word' id='word_1_845' title='bbox 3152 4390 3290 4428; x_wconf 90' lang='lat' dir='ltr'><strong>unus</strong></span> <span class='ocrx_word' id='word_1_846' title='bbox 3317 4388 3550 4444; x_wconf 86' lang='lat' dir='ltr'><strong>evange-</strong></span> 
     </span>
    </p>
   </div>
   <div class='ocr_carea' id='block_1_106' title="bbox 1976 4465 3566 4537">
    <p class='ocr_par' dir='ltr' id='par_1_106' title="bbox 1976 4465 3566 4537">
     <span class='ocr_line' id='line_1_106' title="bbox 1976 4465 3566 4537; baseline -0.002 -13"><span class='ocrx_word' id='word_1_847' title='bbox 1976 4469 2095 4524; x_wconf 88' lang='lat' dir='ltr'><strong>lista</strong></span> <span class='ocrx_word' id='word_1_848' title='bbox 2125 4469 2578 4534; x_wconf 84' lang='lat' dir='ltr'><strong>commemoravit,</strong></span> <span class='ocrx_word' id='word_1_849' title='bbox 2609 4476 2822 4537; x_wconf 87' lang='lat' dir='ltr'><strong>putatur</strong></span> <span class='ocrx_word' id='word_1_850' title='bbox 2852 4467 2942 4520; x_wconf 92' lang='lat' dir='ltr'><strong>ille</strong></span> <span class='ocrx_word' id='word_1_851' title='bbox 2971 4467 3060 4536; x_wconf 91' lang='lat' dir='ltr'><strong>qui</strong></span> <span class='ocrx_word' id='word_1_852' title='bbox 3096 4467 3295 4536; x_wconf 85' lang='lat' dir='ltr'><strong>virgam</strong></span> <span class='ocrx_word' id='word_1_853' title='bbox 3335 4467 3435 4521; x_wconf 91' lang='lat' dir='ltr'><strong>sub</strong></span> <span class='ocrx_word' id='word_1_854' title='bbox 3462 4465 3566 4521; x_wconf 87' lang='lat' dir='ltr'><strong>alia</strong></span> 
     </span>
    </p>
   </div>
   <div class='ocr_carea' id='block_1_107' title="bbox 1977 4555 3554 4629">
    <p class='ocr_par' dir='ltr' id='par_1_107' title="bbox 1977 4555 3554 4629">
     <span class='ocr_line' id='line_1_107' title="bbox 1977 4555 3554 4629; baseline -0.001 -16"><span class='ocrx_word' id='word_1_855' title='bbox 1977 4558 2361 4629; x_wconf 90' lang='lat' dir='ltr'><strong>signiﬁcatione</strong></span> <span class='ocrx_word' id='word_1_856' title='bbox 2388 4558 2613 4627; x_wconf 91' lang='lat' dir='ltr'><strong>positam</strong></span> <span class='ocrx_word' id='word_1_857' title='bbox 2647 4555 2934 4611; x_wconf 91' lang='lat' dir='ltr'><strong>tollendam</strong></span> <span class='ocrx_word' id='word_1_858' title='bbox 2967 4556 3119 4621; x_wconf 81' lang='lat' dir='ltr'><strong>dixit,</strong></span> <span class='ocrx_word' id='word_1_859' title='bbox 3154 4557 3203 4611; x_wconf 92' lang='lat' dir='ltr'><strong>ei</strong></span> <span class='ocrx_word' id='word_1_860' title='bbox 3234 4558 3323 4627; x_wconf 89' lang='lat' dir='ltr'><strong>qui</strong></span> <span class='ocrx_word' id='word_1_861' title='bbox 3350 4557 3554 4626; x_wconf 86' lang='lat' dir='ltr'><strong>virgam</strong></span> 
     </span>
    </p>
   </div>
   <div class='ocr_carea' id='block_1_108' title="bbox 1976 4646 3563 4717">
    <p class='ocr_par' dir='ltr' id='par_1_108' title="bbox 1976 4646 3563 4717">
     <span class='ocr_line' id='line_1_108' title="bbox 1976 4646 3563 4717; baseline 0.001 -16"><span class='ocrx_word' id='word_1_862' title='bbox 1976 4662 2165 4702; x_wconf 90' lang='lat' dir='ltr'><strong>rursus</strong></span> <span class='ocrx_word' id='word_1_863' title='bbox 2185 4646 2328 4701; x_wconf 91' lang='lat' dir='ltr'><strong>aliud</strong></span> <span class='ocrx_word' id='word_1_864' title='bbox 2361 4646 2746 4717; x_wconf 89' lang='lat' dir='ltr'><strong>signiﬁcantem</strong></span> <span class='ocrx_word' id='word_1_865' title='bbox 2774 4661 2880 4700; x_wconf 91' lang='lat' dir='ltr'><strong>non</strong></span> <span class='ocrx_word' id='word_1_866' title='bbox 2909 4646 3197 4701; x_wconf 84' lang='lat' dir='ltr'><strong>tollendam</strong></span> <span class='ocrx_word' id='word_1_867' title='bbox 3227 4646 3395 4713; x_wconf 83' lang='lat' dir='ltr'><strong>dixit,</strong></span> <span class='ocrx_word' id='word_1_868' title='bbox 3441 4660 3563 4702; x_wconf 84' lang='lat' dir='ltr'><strong>esse</strong></span> 
     </span>
    </p>
   </div>
   <div class='ocr_carea' id='block_1_109' title="bbox 1976 4737 3453 4808">
    <p class='ocr_par' dir='ltr' id='par_1_109' title="bbox 1976 4737 3453 4808">
     <span class='ocr_line' id='line_1_109' title="bbox 1976 4737 3453 4808; baseline -0.001 -15"><span class='ocrx_word' id='word_1_869' title='bbox 1976 4740 2309 4805; x_wconf 89' lang='lat' dir='ltr'><strong>contrarius;</strong></span> <span class='ocrx_word' id='word_1_870' title='bbox 2342 4738 2437 4794; x_wconf 91' lang='lat' dir='ltr'><strong>sed</strong></span> <span class='ocrx_word' id='word_1_871' title='bbox 2462 4738 2572 4808; x_wconf 90' lang='lat' dir='ltr'><strong>jam</strong></span> <span class='ocrx_word' id='word_1_872' title='bbox 2602 4739 2807 4793; x_wconf 91' lang='lat' dir='ltr'><strong>ratione</strong></span> <span class='ocrx_word' id='word_1_873' title='bbox 2836 4737 3042 4792; x_wconf 88' lang='lat' dir='ltr'><strong>reddita</strong></span> <span class='ocrx_word' id='word_1_874' title='bbox 3074 4754 3179 4791; x_wconf 89' lang='lat' dir='ltr'><strong>non</strong></span> <span class='ocrx_word' id='word_1_875' title='bbox 3212 4747 3453 4808; x_wconf 91' lang='lat' dir='ltr'><strong>putetur.</strong></span> 
     </span>
    </p>
   </div>
   <div class='ocr_carea' id='block_1_110' title="bbox 1980 4829 3567 4887">
    <p class='ocr_par' dir='ltr' id='par_1_110' title="bbox 1980 4829 3567 4887">
     <span class='ocr_line' id='line_1_110' title="bbox 1980 4829 3567 4887; baseline 0 -2"><span class='ocrx_word' id='word_1_876' title='bbox 1980 4856 1981 4859; x_wconf 54' lang='grc' dir='ltr'><strong>η</strong></span> <span class='ocrx_word' id='word_1_877' title='bbox 2048 4832 2135 4887; x_wconf 85' lang='grc'><strong>75.</strong></span> <span class='ocrx_word' id='word_1_878' title='bbox 2158 4831 2247 4887; x_wconf 91' lang='lat' dir='ltr'><strong>Sic</strong></span> <span class='ocrx_word' id='word_1_879' title='bbox 2282 4840 2336 4886; x_wconf 92' lang='lat' dir='ltr'><strong>et</strong></span> <span class='ocrx_word' id='word_1_880' title='bbox 2377 4831 2735 4886; x_wconf 88' lang='lat' dir='ltr'><strong>calceamenta</strong></span> <span class='ocrx_word' id='word_1_881' title='bbox 2774 4845 2893 4883; x_wconf 90' lang='lat' dir='ltr'><strong>cum</strong></span> <span class='ocrx_word' id='word_1_882' title='bbox 2925 4830 3053 4884; x_wconf 90' lang='lat' dir='ltr'><strong>dicit</strong></span> <span class='ocrx_word' id='word_1_883' title='bbox 3092 4829 3368 4884; x_wconf 83' lang='lat' dir='ltr'><strong>Matthaeus</strong></span> <span class='ocrx_word' id='word_1_884' title='bbox 3394 4831 3446 4884; x_wconf 90' lang='lat' dir='ltr'><strong>in</strong></span> <span class='ocrx_word' id='word_1_885' title='bbox 3483 4831 3567 4885; x_wconf 88' lang='lat' dir='ltr'><strong>via</strong></span> 
     </span>
    </p>
   </div>
   <div class='ocr_carea' id='block_1_111' title="bbox 1975 4920 3567 4992">
    <p class='ocr_par' dir='ltr' id='par_1_111' title="bbox 1975 4920 3567 4992">
     <span class='ocr_line' id='line_1_111' title="bbox 1975 4920 3567 4992; baseline -0.003 -12"><span class='ocrx_word' id='word_1_886' title='bbox 1975 4938 2082 4979; x_wconf 91' lang='lat' dir='ltr'><strong>non</strong></span> <span class='ocrx_word' id='word_1_887' title='bbox 2108 4939 2229 4979; x_wconf 88' lang='lat' dir='ltr'><strong>esse</strong></span> <span class='ocrx_word' id='word_1_888' title='bbox 2248 4922 2526 4992; x_wconf 90' lang='lat' dir='ltr'><strong>portanda,</strong></span> <span class='ocrx_word' id='word_1_889' title='bbox 2551 4936 2733 4976; x_wconf 89' lang='lat' dir='ltr'><strong>curam</strong></span> <span class='ocrx_word' id='word_1_890' title='bbox 2759 4921 3021 4991; x_wconf 89' lang='lat' dir='ltr'><strong>prohibet,</strong></span> <span class='ocrx_word' id='word_1_891' title='bbox 3044 4935 3148 4990; x_wconf 88' lang='lat' dir='ltr'><strong>qua</strong></span> <span class='ocrx_word' id='word_1_892' title='bbox 3170 4920 3289 4975; x_wconf 92' lang='lat' dir='ltr'><strong>ideo</strong></span> <span class='ocrx_word' id='word_1_893' title='bbox 3310 4920 3567 4989; x_wconf 90' lang='lat' dir='ltr'><strong>portanda</strong></span> 
     </span>
    </p>
   </div>
   <div class='ocr_carea' id='block_1_112' title="bbox 1974 5013 3568 5088">
    <p class='ocr_par' dir='ltr' id='par_1_112' title="bbox 1974 5013 3568 5088">
     <span class='ocr_line' id='line_1_112' title="bbox 1974 5013 3568 5088; baseline -0.005 -15"><span class='ocrx_word' id='word_1_894' title='bbox 1974 5018 2291 5088; x_wconf 86' lang='lat' dir='ltr'><strong>cogitantur,</strong></span> <span class='ocrx_word' id='word_1_895' title='bbox 2324 5032 2390 5071; x_wconf 92' lang='lat' dir='ltr'><strong>ne</strong></span> <span class='ocrx_word' id='word_1_896' title='bbox 2413 5014 2620 5070; x_wconf 89' lang='lat' dir='ltr'><strong>desint.</strong></span> <span class='ocrx_word' id='word_1_897' title='bbox 2650 5014 2760 5069; x_wconf 91' lang='lat' dir='ltr'><strong>Hoc</strong></span> <span class='ocrx_word' id='word_1_898' title='bbox 2790 5023 2844 5069; x_wconf 88' lang='lat' dir='ltr'><strong>et</strong></span> <span class='ocrx_word' id='word_1_899' title='bbox 2868 5013 2935 5068; x_wconf 91' lang='lat' dir='ltr'><strong>de</strong></span> <span class='ocrx_word' id='word_1_900' title='bbox 2960 5013 3163 5067; x_wconf 92' lang='lat' dir='ltr'><strong>duabus</strong></span> <span class='ocrx_word' id='word_1_901' title='bbox 3194 5013 3384 5067; x_wconf 90' lang='lat' dir='ltr'><strong>tunicis</strong></span> <span class='ocrx_word' id='word_1_902' title='bbox 3409 5013 3568 5067; x_wconf 87' lang='lat' dir='ltr'><strong>intel-</strong></span> 
     </span>
    </p>
   </div>
   <div class='ocr_carea' id='block_1_113' title="bbox 1975 5108 3567 5180">
    <p class='ocr_par' dir='ltr' id='par_1_113' title="bbox 1975 5108 3567 5180">
     <span class='ocr_line' id='line_1_113' title="bbox 1975 5108 3567 5180; baseline -0.002 -17"><span class='ocrx_word' id='word_1_903' title='bbox 1975 5109 2239 5180; x_wconf 88' lang='lat' dir='ltr'><strong>ligendum</strong></span> <span class='ocrx_word' id='word_1_904' title='bbox 2270 5118 2371 5173; x_wconf 91' lang='lat' dir='ltr'><strong>est,</strong></span> <span class='ocrx_word' id='word_1_905' title='bbox 2406 5124 2471 5163; x_wconf 91' lang='lat' dir='ltr'><strong>ne</strong></span> <span class='ocrx_word' id='word_1_906' title='bbox 2502 5108 2777 5177; x_wconf 88' lang='lat' dir='ltr'><strong>quisquam</strong></span> <span class='ocrx_word' id='word_1_907' title='bbox 2818 5121 3003 5160; x_wconf 91' lang='lat' dir='ltr'><strong>eorum</strong></span> <span class='ocrx_word' id='word_1_908' title='bbox 3034 5114 3225 5173; x_wconf 65' lang='lat' dir='ltr'><strong>praeter</strong></span> <span class='ocrx_word' id='word_1_909' title='bbox 3262 5120 3381 5161; x_wconf 88' lang='lat' dir='ltr'><strong>eam</strong></span> <span class='ocrx_word' id='word_1_910' title='bbox 3408 5120 3567 5175; x_wconf 89' lang='lat' dir='ltr'><strong>quam</strong></span> 
     </span>
    </p>
   </div>
   <div class='ocr_carea' id='block_1_114' title="bbox 1974 5199 3565 5271">
    <p class='ocr_par' dir='ltr' id='par_1_114' title="bbox 1974 5199 3565 5271">
     <span class='ocr_line' id='line_1_114' title="bbox 1974 5199 3565 5271; baseline -0.001 -13"><span class='ocrx_word' id='word_1_911' title='bbox 1974 5211 2118 5258; x_wconf 90' lang='lat' dir='ltr'><strong>esset</strong></span> <span class='ocrx_word' id='word_1_912' title='bbox 2160 5203 2393 5269; x_wconf 89' lang='lat' dir='ltr'><strong>indutus,</strong></span> <span class='ocrx_word' id='word_1_913' title='bbox 2425 5201 2580 5255; x_wconf 89' lang='lat' dir='ltr'><strong>aliam</strong></span> <span class='ocrx_word' id='word_1_914' title='bbox 2612 5199 2927 5271; x_wconf 77' lang='lat' dir='ltr'><strong>portandum</strong></span> <span class='ocrx_word' id='word_1_915' title='bbox 2958 5206 3183 5268; x_wconf 91' lang='lat' dir='ltr'><strong>putaret,</strong></span> <span class='ocrx_word' id='word_1_916' title='bbox 3212 5199 3473 5255; x_wconf 90' lang='lat' dir='ltr'><strong>sollicitus</strong></span> <span class='ocrx_word' id='word_1_917' title='bbox 3502 5215 3565 5256; x_wconf 76' lang='lat' dir='ltr'><strong>ne</strong></span> 
     </span>
    </p>
   </div>
   <div class='ocr_carea' id='block_1_115' title="bbox 1974 5291 3566 5363">
    <p class='ocr_par' dir='ltr' id='par_1_115' title="bbox 1974 5291 3566 5363">
     <span class='ocr_line' id='line_1_115' title="bbox 1974 5291 3566 5363; baseline -0.001 -16"><span class='ocrx_word' id='word_1_918' title='bbox 1974 5309 2106 5363; x_wconf 91' lang='lat' dir='ltr'><strong>opus</strong></span> <span class='ocrx_word' id='word_1_919' title='bbox 2149 5303 2329 5357; x_wconf 90' lang='lat' dir='ltr'><strong>esset,</strong></span> <span class='ocrx_word' id='word_1_920' title='bbox 2378 5309 2497 5348; x_wconf 92' lang='lat' dir='ltr'><strong>cum</strong></span> <span class='ocrx_word' id='word_1_921' title='bbox 2543 5308 2608 5346; x_wconf 92' lang='lat' dir='ltr'><strong>ex</strong></span> <span class='ocrx_word' id='word_1_922' title='bbox 2653 5292 2738 5345; x_wconf 91' lang='lat' dir='ltr'><strong>illa</strong></span> <span class='ocrx_word' id='word_1_923' title='bbox 2786 5298 3046 5360; x_wconf 90' lang='lat' dir='ltr'><strong>potestate</strong></span> <span class='ocrx_word' id='word_1_924' title='bbox 3082 5299 3263 5360; x_wconf 89' lang='lat' dir='ltr'><strong>posset</strong></span> <span class='ocrx_word' id='word_1_925' title='bbox 3305 5291 3566 5361; x_wconf 88' lang='lat' dir='ltr'><strong>accipere.</strong></span> 
     </span>
    </p>
   </div>
   <div class='ocr_carea' id='block_1_116' title="bbox 1973 5381 3557 5441">
    <p class='ocr_par' dir='ltr' id='par_1_116' title="bbox 1973 5381 3557 5441">
     <span class='ocr_line' id='line_1_116' title="bbox 1973 5381 3557 5441; baseline -0.003 0"><span class='ocrx_word' id='word_1_926' title='bbox 1973 5386 2200 5441; x_wconf 90' lang='lat' dir='ltr'><strong>Proinde</strong></span> <span class='ocrx_word' id='word_1_927' title='bbox 2220 5386 2425 5440; x_wconf 88' lang='lat' dir='ltr'><strong>Marcus</strong></span> <span class='ocrx_word' id='word_1_928' title='bbox 2444 5383 2667 5439; x_wconf 91' lang='lat' dir='ltr'><strong>dicendo</strong></span> <span class='ocrx_word' id='word_1_929' title='bbox 2692 5382 2915 5437; x_wconf 89' lang='lat' dir='ltr'><strong>calceari</strong></span> <span class='ocrx_word' id='word_1_930' title='bbox 2961 5397 3053 5435; x_wconf 90' lang='lat' dir='ltr'><strong>eos</strong></span> <span class='ocrx_word' id='word_1_931' title='bbox 3095 5381 3351 5436; x_wconf 91' lang='lat' dir='ltr'><strong>sandaliis</strong></span> <span class='ocrx_word' id='word_1_932' title='bbox 3380 5383 3460 5436; x_wconf 89' lang='lat' dir='ltr'><strong>vel</strong></span> <span class='ocrx_word' id='word_1_933' title='bbox 3482 5397 3557 5437; x_wconf 86' lang='lat' dir='ltr'><strong>so-</strong></span> 
     </span>
    </p>
   </div>
   <div class='ocr_carea' id='block_1_117' title="bbox 1972 5466 3570 5547">
    <p class='ocr_par' dir='ltr' id='par_1_117' title="bbox 1972 5466 3570 5547">
     <span class='ocr_line' id='line_1_117' title="bbox 1972 5466 3570 5547; baseline -0.003 -15"><span class='ocrx_word' id='word_1_934' title='bbox 1972 5477 2090 5543; x_wconf 88' lang='lat' dir='ltr'><strong>leis,</strong></span> <span class='ocrx_word' id='word_1_935' title='bbox 2115 5476 2310 5547; x_wconf 90' lang='lat' dir='ltr'><strong>aliquid</strong></span> <span class='ocrx_word' id='word_1_936' title='bbox 2336 5476 2438 5530; x_wconf 91' lang='lat' dir='ltr'><strong>hoc</strong></span> <span class='ocrx_word' id='word_1_937' title='bbox 2462 5466 2874 5529; x_wconf 86' lang='lat' dir='ltr'><strong>calceamentum</strong></span> <span class='ocrx_word' id='word_1_938' title='bbox 2908 5473 3147 5544; x_wconf 67' lang='lat' dir='ltr'><strong>mystica:</strong></span> <span class='ocrx_word' id='word_1_939' title='bbox 3171 5473 3570 5543; x_wconf 89' lang='lat' dir='ltr'><strong>signiﬁcationis</strong></span> 
     </span>
    </p>
   </div>
   <div class='ocr_carea' id='block_1_118' title="bbox 1966 5564 3570 5634">
    <p class='ocr_par' dir='ltr' id='par_1_118' title="bbox 1966 5564 3570 5634">
     <span class='ocr_line' id='line_1_118' title="bbox 1966 5564 3570 5634; baseline -0.002 -11"><span class='ocrx_word' id='word_1_940' title='bbox 1966 5569 2169 5624; x_wconf 88' lang='lat' dir='ltr'><strong>habere</strong></span> <span class='ocrx_word' id='word_1_941' title='bbox 2192 5568 2463 5631; x_wconf 90' lang='lat' dir='ltr'><strong>admonet,</strong></span> <span class='ocrx_word' id='word_1_942' title='bbox 2496 5574 2551 5620; x_wconf 94' lang='lat' dir='ltr'><strong>ut</strong></span> <span class='ocrx_word' id='word_1_943' title='bbox 2578 5579 2671 5634; x_wconf 89' lang='lat' dir='ltr'><strong>pes</strong></span> <span class='ocrx_word' id='word_1_944' title='bbox 2698 5580 2868 5634; x_wconf 90' lang='lat' dir='ltr'><strong>neque</strong></span> <span class='ocrx_word' id='word_1_945' title='bbox 2892 5572 3062 5619; x_wconf 91' lang='lat' dir='ltr'><strong>tectus</strong></span> <span class='ocrx_word' id='word_1_946' title='bbox 3089 5564 3177 5629; x_wconf 88' lang='lat' dir='ltr'><strong>sit,</strong></span> <span class='ocrx_word' id='word_1_947' title='bbox 3208 5580 3378 5633; x_wconf 91' lang='lat' dir='ltr'><strong>neque</strong></span> <span class='ocrx_word' id='word_1_948' title='bbox 3398 5564 3570 5620; x_wconf 92' lang='lat' dir='ltr'><strong>nudus</strong></span> 
     </span>
    </p>
   </div>
   <div class='ocr_carea' id='block_1_119' title="bbox 1972 5656 3572 5726">
    <p class='ocr_par' dir='ltr' id='par_1_119' title="bbox 1972 5656 3572 5726">
     <span class='ocr_line' id='line_1_119' title="bbox 1972 5656 3572 5726; baseline -0.001 -11"><span class='ocrx_word' id='word_1_949' title='bbox 1972 5660 2038 5714; x_wconf 89' lang='lat' dir='ltr'><strong>ad</strong></span> <span class='ocrx_word' id='word_1_950' title='bbox 2069 5670 2296 5723; x_wconf 91' lang='lat' dir='ltr'><strong>terram;</strong></span> <span class='ocrx_word' id='word_1_951' title='bbox 2342 5658 2397 5712; x_wconf 91' lang='lat' dir='ltr'><strong>id</strong></span> <span class='ocrx_word' id='word_1_952' title='bbox 2428 5666 2543 5722; x_wconf 91' lang='lat' dir='ltr'><strong>est,</strong></span> <span class='ocrx_word' id='word_1_953' title='bbox 2576 5672 2677 5711; x_wconf 92' lang='lat' dir='ltr'><strong>nec</strong></span> <span class='ocrx_word' id='word_1_954' title='bbox 2724 5658 3019 5711; x_wconf 89' lang='lat' dir='ltr'><strong>occultetur</strong></span> <span class='ocrx_word' id='word_1_955' title='bbox 3058 5656 3430 5726; x_wconf 88' lang='lat' dir='ltr'><strong>Evangelium,</strong></span> <span class='ocrx_word' id='word_1_956' title='bbox 3474 5672 3572 5713; x_wconf 92' lang='lat' dir='ltr'><strong>nec</strong></span> 
     </span>
    </p>
   </div>
   <div class='ocr_carea' id='block_1_120' title="bbox 1974 5733 3570 5817">
    <p class='ocr_par' dir='ltr' id='par_1_120' title="bbox 1974 5733 3570 5817">
     <span class='ocr_line' id='line_1_120' title="bbox 1974 5733 3570 5817; baseline -0.001 -12"><span class='ocrx_word' id='word_1_957' title='bbox 1974 5751 2199 5806; x_wconf 88' lang='lat' dir='ltr'><strong>terrenis</strong></span> <span class='ocrx_word' id='word_1_958' title='bbox 2225 5748 2515 5803; x_wconf 89' lang='lat' dir='ltr'><strong>commodis</strong></span> <span class='ocrx_word' id='word_1_959' title='bbox 2544 5748 2816 5803; x_wconf 90' lang='lat' dir='ltr'><strong>innitatur.</strong></span> <span class='ocrx_word' id='word_1_960' title='bbox 2857 5746 2925 5801; x_wconf 90' lang='lat' dir='ltr'><strong>Et</strong></span> <span class='ocrx_word' id='word_1_961' title='bbox 2958 5747 3097 5817; x_wconf 89' lang='lat' dir='ltr'><strong>quod</strong></span> <span class='ocrx_word' id='word_1_962' title='bbox 3122 5733 3230 5801; x_wconf 82' lang='lat' dir='ltr'><strong>non</strong></span> <span class='ocrx_word' id='word_1_963' title='bbox 3256 5747 3454 5817; x_wconf 87' lang='lat' dir='ltr'><strong>portari</strong></span> <span class='ocrx_word' id='word_1_964' title='bbox 3484 5748 3570 5803; x_wconf 90' lang='lat' dir='ltr'><strong>vel</strong></span> 
     </span>
    </p>
   </div>
   <div class='ocr_carea' id='block_1_121' title="bbox 1978 5836 3545 5908">
    <p class='ocr_par' dir='ltr' id='par_1_121' title="bbox 1978 5836 3545 5908">
     <span class='ocr_line' id='line_1_121' title="bbox 1978 5836 3545 5908; baseline -0.003 -11"><span class='ocrx_word' id='word_1_965' title='bbox 1978 5841 2162 5897; x_wconf 86' lang='lat' dir='ltr'><strong>haberi</strong></span> <span class='ocrx_word' id='word_1_966' title='bbox 2190 5840 2322 5895; x_wconf 90' lang='lat' dir='ltr'><strong>duas</strong></span> <span class='ocrx_word' id='word_1_967' title='bbox 2352 5839 2574 5905; x_wconf 90' lang='lat' dir='ltr'><strong>tunicas,</strong></span> <span class='ocrx_word' id='word_1_968' title='bbox 2604 5838 2699 5893; x_wconf 92' lang='lat' dir='ltr'><strong>sed</strong></span> <span class='ocrx_word' id='word_1_969' title='bbox 2730 5839 3034 5908; x_wconf 83' lang='lat' dir='ltr'><strong>expressius</strong></span> <span class='ocrx_word' id='word_1_970' title='bbox 3055 5836 3203 5891; x_wconf 91' lang='lat' dir='ltr'><strong>indui</strong></span> <span class='ocrx_word' id='word_1_971' title='bbox 3227 5837 3473 5906; x_wconf 87' lang='lat' dir='ltr'><strong>prohibet</strong></span> <span class='ocrx_word' id='word_1_972' title='bbox 3491 5837 3545 5892; x_wconf 90' lang='lat' dir='ltr'><strong>di</strong></span> 
     </span>
    </p>
   </div>
   <div class='ocr_carea' id='block_1_122' title="bbox 1972 5928 3584 6002">
    <p class='ocr_par' dir='ltr' id='par_1_122' title="bbox 1972 5928 3584 6002">
     <span class='ocr_line' id='line_1_122' title="bbox 1972 5928 3584 6002; baseline -0.004 -12"><span class='ocrx_word' id='word_1_973' title='bbox 1972 5948 2123 6002; x_wconf 74' lang='lat' dir='ltr'><strong>cons,</strong></span> <span class='ocrx_word' id='word_1_974' title='bbox 2153 5931 2221 5991; x_wconf 87' lang='lat' dir='ltr'><strong>Et</strong></span> <span class='ocrx_word' id='word_1_975' title='bbox 2264 5949 2327 5989; x_wconf 88' lang='lat' dir='ltr'><strong>ne</strong></span> <span class='ocrx_word' id='word_1_976' title='bbox 2350 5931 2676 5988; x_wconf 84' lang='lat' dir='ltr'><strong>induerentur</strong></span> <span class='ocrx_word' id='word_1_977' title='bbox 2703 5930 2900 5985; x_wconf 89' lang='lat' dir='ltr'><strong>duabus</strong></span> <span class='ocrx_word' id='word_1_978' title='bbox 2926 5928 3145 5994; x_wconf 79' lang='lat' dir='ltr'><strong>tunicis;</strong></span> <span class='ocrx_word' id='word_1_979' title='bbox 3170 5928 3299 5999; x_wconf 86' lang='lat' dir='ltr'><strong>quid</strong></span> <span class='ocrx_word' id='word_1_980' title='bbox 3333 5943 3427 5985; x_wconf 87' lang='lat' dir='ltr'><strong>eos</strong></span> <span class='ocrx_word' id='word_1_981' title='bbox 3454 5944 3584 5991; x_wconf 61' lang='lat' dir='ltr'><strong>tuo-</strong></span> 
     </span>
    </p>
   </div>
  </div>
