4074 6354
514 417 664 480 1116

515 545 609 594 net
634 537 736 593 nisi
761 552 871 596 non
898 535 1195 612 dupliciter,
1223 538 1320 594 sed
1341 540 1651 611 simpliciter
1671 537 1986 595 ambulare?

587 630 674 686 76.
721 631 795 688 ita
829 633 1108 688 Dominum
1129 633 1308 689 omnia
1332 632 1550 700 dixisse,
1579 633 1724 690 nullo
1754 633 1912 688 modo
1941 631 2099 689 dubi-

514 721 734 778 tandum
782 734 883 791 est,
939 724 1132 793 partim
1180 725 1416 796 proprie,
1473 726 1663 795 partim
1713 728 1934 796 figurate
1963 740 1978 779 :
2009 723 2106 780 sed

516 809 902 888 Evangelistas,
927 817 1032 871 alia
1059 817 1240 884 istum,
1266 817 1366 874 alia
1399 819 1545 874 illum
1577 819 1863 874 inseruisse
1893 818 2106 888 scriptis

514 912 655 979 suis;
678 911 917 984 quaedam
948 926 1076 968 vero
1119 912 1304 968 eadem
1333 913 1416 970 vel
1453 913 1609 981 duos,
1656 913 1739 970 vel
1767 923 1874 969 tres
1921 928 2106 968 eorum

513 1003 796 1075 quoslibet,
823 1003 908 1058 vel
930 1018 1116 1059 omnes
1144 1013 1369 1074 quatuor
1391 1004 1632 1074 posuisse
1657 1024 1670 1060 :
1701 1020 1800 1060 nec
1822 1005 1898 1061 sic
1926 1013 2104 1060 tamen

511 1098 688 1154 omnia
716 1112 836 1155 esse
858 1099 1181 1169 conscripta,
1211 1114 1328 1170 qua:
1347 1098 1526 1154 abillo
1549 1113 1646 1155 seu
1672 1098 1814 1154 dicta
1843 1113 1939 1154 seu
1967 1098 2106 1154 facta

509 1198 655 1246 sunt.
687 1188 937 1262 Quisquis
964 1199 1142 1246 autem
1167 1199 1313 1261 putat
1338 1205 1444 1246 non
1472 1191 1705 1262 potuisse
1735 1191 2014 1246 Dominum
2047 1191 2102 1246 in

509 1297 616 1339 uno
659 1298 904 1339 sermone
931 1282 1174 1354 quasdam
1208 1283 1447 1354 ﬁgurate,
1490 1282 1729 1354 quaedam
1757 1282 1970 1354 proprie
2001 1297 2101 1352 po-

510 1392 638 1434 nere
657 1375 887 1448 eioquia,
916 1386 1109 1433 czetera
1139 1378 1255 1449 ejus
1281 1378 1556 1448 inspiciat;
1588 1377 1788 1434 videbit
1813 1393 1969 1448 quam
1995 1377 2100 1434 hoc

509 1478 711 1526 temere
756 1478 915 1541 atque
955 1469 1217 1525 inerudite
1261 1470 1567 1526 arbitretur.
1615 1469 1799 1526 Potest
1825 1471 1968 1526 enim
1999 1471 2102 1527 iste

515 1560 598 1633 (ut
625 1578 786 1618 unum
803 1562 999 1633 aliquid
1020 1562 1194 1618 dicam
1217 1563 1357 1634 quod
1379 1563 1558 1618 animo
1577 1562 1792 1618 interim
1819 1562 2098 1634 occurrit),

507 1657 756 1728 quoniam
783 1665 959 1712 monet
991 1666 1047 1712 ut
1065 1673 1174 1712 non
1195 1656 1329 1713 sciat
1352 1657 1568 1712 sinistra
1591 1657 1734 1728 quod
1759 1656 1886 1713 facit
1909 1658 2098 1713 deXIra

508 1746 720 1818 (Matth.
751 1764 824 1811 vt,
857 1749 938 1818 ὅ),
964 1757 1019 1804 et
1043 1749 1184 1819 ipsas
1205 1748 1596 1822 eleomosynas,
1623 1759 1679 1804 et
1706 1749 1960 1822 quidquid
1988 1750 2098 1806 illic

504 1839 645 1894 aliud
673 1840 929 1910 praecipit,
963 1839 1183 1911 ﬁgurate
1207 1840 1575 1912 accipiendum
1608 1851 1811 1912 putare.

577 1929 664 1984 77.
693 1930 832 1988 Sane
859 1946 1044 1987 rursus
1065 1931 1348 2001 admoneo,
1380 1933 1522 2004 quod
1551 1943 1761 2005 oportet
1786 1935 2098 1992 meminisse

505 2021 780 2089 lectorem,
807 2039 873 2080 ne
896 2025 985 2079 tali
1004 2025 1367 2081 admonitione
1388 2027 1684 2096 szepissime
1699 2027 1950 2098 indigeat,
1977 2029 2096 2084 aliis

503 2122 663 2183 atque
697 2114 816 2169 aliis
848 2130 1151 2170 sermonum
1196 2131 1412 2171 suorum
1455 2117 1588 2173 locis
1625 2118 1904 2172 Dominum
1931 2120 2096 2176 multa

503 2203 726 2262 iterasse
749 2222 868 2277 qua:
893 2208 1015 2262 alibi
1035 2207 1145 2278 jam
1168 2208 1406 2274 dixerat;
1433 2225 1502 2264 ne
1527 2209 1660 2266 forte
1686 2210 1919 2279 ipsorum
1942 2211 2094 2267 loco--

501 2311 620 2352 rum
646 2299 779 2354 ordo
797 2315 916 2355 cum
943 2315 1006 2356 es
1033 2301 1138 2355 alio
1155 2302 1480 2372 evangelista
1509 2318 1612 2356 non
1643 2303 1969 2369 convenerit,
1997 2304 2097 2358 ali-

504 2392 589 2448 cui
607 2407 791 2448 eorum
816 2393 939 2448 hinc
962 2403 1110 2464 putet
1127 2409 1250 2450 esse
1265 2396 1588 2451 contrarium
1612 2414 1625 2462 ;
1652 2413 1772 2451 cum
1799 2398 2094 2468 intelligere

499 2486 690 2544 debeat
715 2487 907 2542 iterum
939 2488 1061 2544 alibi
1087 2488 1192 2544 dici
1212 2529 1228 2553 ,
1253 2488 1394 2559 quod
1422 2489 1532 2560 jam
1557 2490 1680 2544 alibi
1705 2490 1902 2546 dictum
1930 2502 2044 2546 erat
2073 2509 2088 2546 :

499 2595 599 2635 nec
629 2588 830 2635 tantum
857 2580 923 2635 de
942 2579 1119 2646 dictis,
1147 2597 1329 2647 verum
1361 2583 1519 2636 etiam
1546 2581 1614 2638 de
1639 2581 1793 2637 factis
1817 2584 2091 2638 observari

496 2670 712 2726 debere.
754 2671 893 2726 Nihil
925 2673 1066 2728 enim
1095 2672 1344 2742 prohibet
1371 2675 1471 2729 lioc
1501 2674 1637 2729 idem
1665 2675 1855 2731 iterum
1892 2675 2089 2732 factum

501 2763 721 2821 credere
745 2782 758 2818 :
788 2763 1098 2820 calumniari
1120 2775 1296 2822 autem
1313 2766 1629 2838 'Evangelio,
1655 2769 1780 2824 dum
1799 2786 1902 2824 non
1919 2770 2092 2826 credit

496 2855 689 2914 iterum
720 2855 936 2925 factum,
965 2857 1110 2928 quod
1137 2859 1324 2913 iterum
1365 2857 1479 2913 ﬁeri
1517 2873 1627 2914 non
1657 2862 1893 2930 potuisse
1931 2877 2090 2920 uerno

495 2951 782 3018 convincit,
807 2951 1078 3022 sacrilegae
1103 2951 1350 3006 vanitatis
1369 2961 1472 3007 est.

496 3039 721 3098 CAPUT
786 3042 979 3096 XXXI.
1019 3071 1091 3082 -—
1135 3041 1232 3097 Ubi
1289 3041 1515 3098 Joannes
1559 3042 1794 3114 Baptista
1839 3045 1974 3100 misit
2020 3048 2089 3101 ad

566 3131 846 3188 Dominum
875 3135 939 3188 de
955 3147 1156 3189 carcere
1183 3135 1462 3205 discipulos
1482 3152 1600 3192 suos
1617 3177 1634 3201 ,
1663 3137 1786 3207 quid
1813 3137 2088 3196 Mattiacas

557 3233 611 3280 et
630 3225 798 3280 Lucas
821 3226 1016 3281 dicunt.

566 3318 655 3374 78.
679 3317 931 3389 Sequitur
953 3317 1251 3386 Mattlueus,
1277 3327 1333 3374 et
1355 3318 1480 3374 dicit
1507 3337 1520 3374 :
1545 3319 1614 3373 Et
1637 3324 1828 3391 factum
1851 3330 1946 3388 est,
1971 3338 2087 3377 cum

493 3408 1069 3476 consummassetlesus,
1092 3411 1659 3482 prtecipiensduodccim
1676 3413 1936 3482 discipulis
1955 3415 2082 3482 suis,

497 3502 695 3558 transiit
733 3502 873 3568 inde,
897 3511 954 3556 ut
977 3502 1197 3570 doceret,
1227 3512 1273 3556 et
1297 3503 1591 3573 praedicaret
1612 3505 1663 3557 in
1686 3505 1968 3560 civitatibus
1993 3523 2083 3560 eo-

493 3611 628 3652 rum.
647 3595 877 3652 Joannes
895 3605 1061 3651 atatem
1073 3613 1191 3651 cum
1214 3598 1434 3652 audisset
1451 3597 1504 3652 in
1523 3598 1735 3674 uinculis
1757 3614 1915 3667 opera
1929 3599 2086 3653 Chri-

492 3692 581 3760 sti,
610 3692 808 3746 mittens
834 3691 962 3746 duos
991 3692 1054 3746 de
1082 3691 1344 3762 discipulis
1369 3693 1474 3746 suis
1492 3732 1508 3758 ,
1540 3691 1610 3745 ait
1639 3691 1716 3746 illi
1747 3707 1766 3744 :
1803 3691 1878 3746 Tu
1911 3708 1963 3746 es
1995 3693 2086 3763 qui

492 3793 728 3840 uenturus
749 3802 819 3849 es,
845 3801 912 3838 an
937 3785 1096 3839 alium
1118 3785 1501 3855 exspectamus?
1523 3792 1651 3850 etc.,
1671 3799 1837 3855 usque
1865 3783 1930 3838 ad
1959 3783 2086 3839 illud

433 3939 438 3942 _
495 3875 585 3930 ubi
599 3877 695 3942 ait,
713 3875 1067 3949 Etjustiﬁcata
1083 3885 1154 3931 est
1175 3876 1423 3947 sapientia
1445 3894 1476 3929 a
1497 3877 1619 3946 ﬁliis
1635 3877 1740 3932 suis
1756 3875 1964 3948 (Matth.
1991 3893 2044 3932 XI
2063 3917 2081 3944 ,

495 3968 853 4041 {49).Hunc
897 3978 1064 4024 totum
1109 3971 1284 4024 locum
1312 3970 1379 4023 dc
1415 3969 1620 4026 Joanne
1648 3969 1903 4040 Baptista,
1943 3969 2087 4040 quod

494 4061 703 4116 miserit
731 4061 795 4116 ad
824 4060 1030 4129 Jesum,
1055 4071 1108 4115 et
1127 4059 1424 4130 cujusmodi
1444 4074 1760 4130 responsum
1785 4063 2089 4130 acceperint

493 4153 571 4208 illi
593 4167 729 4225 quos
773 4153 939 4218 misit,
971 4161 1025 4207 et
1047 4151 1302 4223 quidquid
1330 4160 1449 4222 post
1481 4166 1670 4206 eorum
1692 4151 1999 4208 abscessum
2017 4153 2087 4208 dc

491 4243 699 4304 bonane
717 4246 984 4302 homines
1021 4245 1189 4309 dixit,
1220 4243 1508 4315 interponit
1525 4252 1579 4300 et
1603 4244 1775 4300 Lucas
1807 4243 1956 4316 (Luc.
1988 4260 2082 4311 vn,

493 4338 690 4408 18.35)
717 4355 731 4393 :
766 4353 870 4393 non
913 4336 1124 4408 quidem
1147 4337 1271 4407 ipso
1297 4337 1504 4405 ordine,
1530 4335 1627 4392 sed
1653 4336 1771 4406 quis
1796 4350 1978 4392 eorum
2002 4352 2088 4390 re~

492 4431 820 4488 cordationis
851 4443 983 4495 suis,
1007 4431 1134 4502 quis
1169 4445 1350 4486 rerum
1373 4431 1608 4501 ipsarum
1629 4429 1718 4486 hic
1741 4428 1983 4485 ordinem
2007 4437 2089 4484 te-

493 4531 636 4590 neat,
657 4539 762 4580 non
793 4533 1034 4596 apparet.

494 4615 721 4672 CAPUT
759 4615 978 4670 XXXII.
1020 4643 1091 4656 --
1131 4613 1230 4670 Ubi
1274 4613 1592 4684 exprobrauit
1629 4613 1910 4668 civitatibus
1951 4612 2088 4684 quod

570 4719 672 4761 non
717 4707 907 4778 egerint
956 4707 1320 4774 paenitentiam,
1361 4707 1496 4776 quod
1521 4715 1566 4760 et
1604 4705 1769 4760 Lucas
1813 4705 1976 4759 dicit:
2003 4704 2090 4760 ubi

566 4798 891 4870 quaerendum
914 4809 986 4850 est
1005 4797 1426 4867 (pteniadmodum
1447 4797 1526 4851 illi
1557 4796 1832 4851 Mamurius
1855 4797 1969 4868 ipso
1998 4812 2086 4849 or-

565 4891 684 4944 dine
710 4899 975 4960 congruat.

565 4981 654 5037 79.
689 4980 952 5052 Sequitur
971 4979 1269 5044 Mattiacas,
1301 4987 1356 5033 et
1377 4978 1506 5034 dicit
1535 4995 1549 5032 :
1575 4976 1716 5033 Tunc
1740 4979 2090 5050 coepit-earnm-

489 5075 641 5129 ’brare
668 5072 970 5138 civitatibus,
999 5073 1052 5124 in
1077 5071 1254 5141 quibus
1281 5074 1430 5141 factte
1462 5079 1577 5124 sunt
1611 5069 1847 5138 plurima:
1883 5071 2088 5126 u’rtutes

493 5164 625 5232 ejus,
655 5162 773 5232 quia
805 5177 914 5214 non
940 5162 1154 5232 egissent
1184 5161 1546 5231 plantandum,
1577 5169 1706 5226 etc.,
1727 5175 1895 5230 usque
1923 5161 1990 5216 ad
2019 5163 2086 5217 ii-

494 5255 586 5311 iud
609 5255 699 5310 ubi
723 5258 818 5321 ait,
845 5253 1020 5309 Terra:
1063 5254 1403 5309 Sodomorum
1423 5255 1679 5310 remissius
1703 5255 1795 5309 erit
1817 5255 1871 5310 in
1893 5255 1979 5310 die
1991 5257 2086 5327 ju-

495 5349 636 5413 dicii,
653 5363 814 5418 quam
839 5349 927 5403 tibi
943 5347 1164 5417 (Matth.
1187 5363 1262 5414 xr,
1283 5348 1506 5420 20-24).
1525 5349 1702 5404 Etiam
1721 5347 1826 5404 hoc
1851 5363 2088 5406 comme-

480 5453 672 5500 "mcrat
693 5443 872 5498 Lucas
902 5441 1049 5513 (Luc.
1067 5453 1128 5509 τι,
1160 5443 1278 5496 i‘z-i
1291 5443 1369 5512 5),
1399 5443 1704 5498 continuato
1731 5442 1938 5497 cuidam
1969 5457 2086 5498 ser-

481 5537 644 5592 ‘moni
685 5535 895 5591 Domini
933 5536 1096 5590 etiam
1135 5535 1252 5590 inec
1289 5551 1359 5590 ex
1383 5536 1554 5606 ipsius
1587 5551 1682 5590 ore
1717 5534 2086 5606 coniungam:

491 5633 642 5688 unde
669 5633 850 5702 magis
885 5630 1096 5686 videtur
1137 5631 1255 5702 ipse
1277 5632 1388 5686 hoc
1431 5629 1616 5686 ordine
1645 5630 1733 5685 illa
1755 5644 2089 5685 commemo-

487 5721 642 5786 rare,
671 5731 778 5792 quo
801 5739 830 5776 a
850 5723 1088 5778 ’Dotnino
1115 5722 1256 5778 dicta
1283 5729 1444 5787 sunt;
1471 5721 1750 5777 Mattheus
1775 5731 1951 5777 autem
1975 5737 2087 5776 sua:

499 5811 888 5868 recordationis
899 5814 1404 5870 mdinem‘tenuisse
1427 5832 1440 5868 :
1465 5823 1555 5869 aut
1573 5816 1617 5870 si
1627 5814 1764 5869 illud
1785 5813 2087 5883 quod-idem

501 5899 784 5963 “animus
809 5907 901 5966 ait.
930 5905 1559 5969 Matttpitmmbmre
1569 5908 1876 5965 civitatibus.
1899 5906 1976 5962 sic
1991 5921 2087 5961 so-

1316 419 1405 482 nu
1441 407 1799 482 consessu
1834 415 2483 489 “suumsuum,
2522 421 2581 480 s.
2621 418 2988 484 AUGUSTINI

2215 322 2294 342 κἰ.

3675 429 3822 496 1110

2216 536 2516 608 cipiendum
2546 549 2780 610 putatur,
2825 549 2885 597 ut
2921 549 3176 614 punctum
3206 541 3378 616 ipsum
3423 548 3683 621 temporis
3717 568 3816 606 vu-

2217 631 2378 689 luisse
2398 631 2644 689 credatur
2665 635 2964 706 exprimere
2981 635 3036 696 in
3053 652 3118 694 eo
3137 631 3277 710 quod
3294 635 3493 697 dictum
3510 649 3613 709 est,
3641 639 3809 714 Tunc,

2215 741 2321 782 non
2370 737 2546 784 autem
2587 729 2758 801 ipsum
2801 740 3012 803 tempus
3041 732 3316 805 aliquanto
3347 735 3508 794 latius
3545 755 3654 812 quo
3689 741 3812 800 haec

2213 819 2376 875 multa
2401 819 2722 892 gerebantur
2744 831 2798 878 et
2825 823 3169 894 dicebantur;
3195 827 3435 902 quisquis
3457 825 3564 888 hoc
3589 833 3807 904 credit,

2212 911 2394 968 credat
2420 913 2581 968 etiam
2619 912 2719 970 hoc
2739 929 2858 971 esse
2887 915 2969 971 bis
2994 911 3218 974 dictum.
3247 915 3378 976 Cum
3408 924 3551 979 enim
3578 931 3638 981 et
3663 925 3806 996 apud

2212 1023 2372 1061 unum
2388 1007 2775 1079 Evangelistam
2795 1009 3132 1067 inveniantur
3148 1013 3390 1084 quasdam
3408 1033 3529 1090 qua:
3547 1011 3633 1073 bis
3647 1018 3805 1077 dixe-

2211 1098 2280 1154 rit
2309 1099 2563 1155 Dominus
2588 1118 2602 1167 ;
2631 1101 2769 1156 sicut
2791 1101 2930 1173 apud
2958 1097 3205 1160 eumdem
3231 1105 3427 1161 Lucam
3455 1107 3524 1164 de
3545 1125 3650 1165 non
3695 1111 3805 1166 toi-

2210 1192 2365 1248 lenda
2397 1209 2522 1264 pera
2568 1195 2619 1249 in
2659 1195 2746 1251 via
2789 1203 2842 1252 et
2881 1193 3127 1254 similiter
3165 1201 3394 1268 cmtcris,
3425 1199 3636 1259 duobus
3665 1205 3808 1262 locis

2207 1285 2406 1342 dictum
2452 1301 2482 1341 a
2513 1287 2737 1344 Domino
2790 1287 3057 1345 invenitur
3100 1287 3253 1362 (Luc.
3287 1309 3372 1361 ix,
3409 1293 3462 1363 5,
3496 1304 3552 1350 et
3595 1313 3629 1352 x
3650 1337 3664 1362 ,
3697 1298 3754 1367 4)
3780 1315 3804 1354 :

2206 1375 2332 1448 quid
2363 1377 2558 1432 mirum
2580 1377 2623 1432 si
2646 1386 2702 1434 et
2725 1377 2922 1450 aliquid
2947 1379 3089 1435 aliud
3109 1381 3190 1436 bis
3215 1381 3411 1438 dictum
3439 1385 3746 1457 singillatim
3764 1403 3802 1444 a

2205 1467 2427 1539 singulis
2455 1467 2650 1524 dicitur
2670 1471 2860 1526 eodem
2889 1469 3078 1527 ordine
3104 1488 3211 1544 quo
3232 1472 3430 1529 dictum
3460 1487 3563 1544 est,
3592 1487 3646 1532 et
3674 1478 3806 1534 ideo

2206 1558 2447 1615 diversus
2477 1560 2610 1616 ordo
2625 1570 2848 1632 apparet
2878 1563 2929 1616 in
2950 1562 3192 1634 singulis,
3211 1565 3333 1634 quia
3355 1577 3409 1620 et
3429 1573 3556 1622 tunc
3578 1567 3800 1638 quando

2204 1662 2258 1709 et
2283 1653 2392 1719 ille,
2411 1664 2465 1709 et
2495 1664 2617 1709 tunc
2642 1653 2854 1724 quando
2886 1655 2987 1711 iste
3019 1668 3424 1727 commemorat,
3448 1658 3648 1715 dictum
3671 1663 3804 1719 est?

2203 1739 2429 1801 CAPUT
2478 1743 2717 1801 XXXll'l.
2744 1778 2817 1789 —
2847 1745 2943 1803 Ubi
2972 1758 3113 1804 vocat
3141 1749 3209 1804 ad
3236 1750 3512 1806 tollendum
3529 1755 3716 1826 jugunt
3743 1765 3803 1812 es

2272 1838 2522 1892 sarcinam
2546 1855 2711 1907 suam,
2735 1841 3155 1910 quemadmodum
3183 1841 3454 1898 Mattheus
3477 1862 3510 1898 a
3529 1844 3674 1902 Luca
3691 1865 3806 1904 non

2273 1927 2516 2000 discrepet
2542 1929 2594 1983 in
2621 1929 2865 1983 narrandi
2890 1932 3083 1985 ordine.

2273 2018 2360 2074 80.
2380 2019 2634 2090 Sequitur
2654 2019 2930 2075 Mattimus
2968 2040 2980 2076 :
3017 2021 3083 2077 in
3109 2022 3199 2078 illo
3234 2033 3456 2095 tempore
3481 2029 3807 2098 respondens

2199 2110 2348 2165 Iesus
2375 2112 2502 2167 dixit
2529 2113 2821 2183 .‘Con/iteur
2841 2112 2948 2182 tibi,
2975 2111 3149 2182 Pater,
3184 2115 3400 2172 Domine
3416 2119 3529 2174 σαειὶ
3550 2132 3598 2176 et
3624 2133 3803 2192 tenax,

2199 2205 2315 2273 quia
2341 2204 2646 2260 abscondisti
2672 2206 2779 2260 hazc
2801 2225 2831 2259 a
2853 2207 3162 2277 sapientibus
3198 2217 3247 2262 et
3276 2209 3627 2280 prudentibus,
3659 2223 3800 2284 etc...

2199 2312 2369 2368 usque
2394 2297 2461 2352 ad
2491 2299 2617 2354 illud
2648 2299 2736 2354 ubi
2765 2301 2856 2366 ait,
2881 2297 3078 2372 Iugum
3102 2303 3233 2355 enim
3259 2319 3426 2356 meum
3452 2321 3606 2360 suave
3625 2317 3716 2374 est,
3742 2317 3802 2361 et

2199 2408 2327 2446 onus
2348 2410 2511 2446 meum
2539 2392 2640 2447 leve
2667 2393 2878 2463 (Matth.
2903 2411 2976 2458 x1,
3001 2393 3208 2467 25-30).
3231 2395 3402 2466 Hujus
3423 2397 3524 2453 loci
3545 2409 3602 2454 et
3619 2395 3800 2456 Lucas

2197 2483 2461 2550 meminit,
2489 2483 2582 2538 sed
2608 2501 2671 2538 ex
2697 2493 2866 2554 parte.
2890 2477 3007 2542 Non
3030 2485 3157 2542 dicit
3185 2488 3328 2543 enim
3359 2489 3491 2560 ipse,
3533 2483 3801 2547 Venitead

2197 2592 2290 2641 me,
2321 2593 2495 2631 omnes
2522 2578 2608 2648 qui
2627 2577 2886 2646 laboratis,
2914 2588 2970 2634 et
2995 2579 3095 2634 alia
3122 2595 3240 2651 quas
3266 2592 3580 2653 sequuntur.
3611 2583 3800 2642 Semel

2195 2653 2504 2724 autcm‘hoc
2541 2669 2738 2726 dictum
2765 2687 2799 2726 a
2827 2671 3072 2740 Domino,
3109 2673 3206 2728 sed
3243 2674 3439 2730 Lucam
3475 2691 3580 2732 non
3621 2687 3802 2736 totum

2195 2761 2336 2832 quod
2357 2760 2556 2817 dictum
2594 2772 2678 2817 est
2716 2778 3186 2833 commemorasse,
3229 2766 3487 2824 credibile
3514 2779 3617 2825 est.
3652 2771 3802 2826 Mat-

2197 2851 2366 2906 tinens
2391 2854 2533 2908 enim
2583 2853 2735 2920 dicit,
2789 2853 2858 2912 In
2899 2853 2989 2909 illo
3035 2863 3257 2927 tempore
3291 2861 3600 2930 respondens
3634 2860 3806 2919 Iesus

2194 2947 2340 3013 dixit,
2386 2958 2726 3018 posteaquam
2755 2949 3100 3019 exprobravit
3126 2952 3427 3008 civitatibus
3456 2971 3469 3008 :
3499 2953 3801 3010 Lucas'au-

2197 3049 2300 3096 tem
2333 3049 2454 3112 post
2492 3040 2636 3095 illam
2677 3041 3142 3110 exprobrationem
3185 3043 3456 3099 civitatum
3498 3045 3804 3116 interponit

2193 3132 2469 3204 quaedam,
2514 3147 2618 3188 non
2649 3142 2825 3188 tamen
2853 3135 3054 3201 multa;
3084 3143 3244 3206 atque
3269 3135 3372 3192 hoc
3395 3136 3463 3191 ita
3493 3137 3798 3210 subjungit,

2192 3223 2261 3278 In
2289 3225 2402 3294 ipsa
2429 3223 2556 3277 hora
2579 3223 3078 3295 exsultavit'Spiritu
3107 3236 3300 3293 sancta,
3323 3235 3371 3280 et
3391 3226 3520 3282 dixit
3541 3227 3693 3298 (Luc.
3725 3245 3802 3298 ι,

2191 3315 2305 3389 Si).
2334 3316 2487 3372 Unde
2525 3317 2684 3372 etiam
2714 3319 2758 3372 si
2797 3317 3074 3376 Matthteus
3103 3335 3210 3374 non
3239 3318 3308 3374 In
3333 3321 3421 3374 illo
3460 3331 3684 3394 tempore
3707 3322 3802 3377 di—

2191 3419 2368 3476 ceret,
2398 3410 2492 3464 sed
2527 3409 2595 3465 In
2625 3411 2737 3482 ipsa
2765 3411 2918 3478 hora,
2958 3421 3064 3467 tam
3097 3427 3262 3483 pauca
3291 3413 3581 3485 interponit
3618 3415 3804 3472 Lucas

2194 3502 2250 3557 in
2283 3502 2496 3569 medio,
2525 3510 2587 3558 ut
2617 3503 2778 3557 etiam
2803 3503 2988 3560 eadem
3015 3503 3142 3560 liora
3171 3504 3370 3561 dictum
3405 3521 3514 3562 non
3554 3507 3802 3564 absurde

2193 3594 2452 3649 videatur.

2193 3686 2419 3745 CAPUT
2445 3685 2686 3743 XXXlV.
2712 3717 2782 3728 —
2805 3686 2904 3742 Ubi
2927 3687 3162 3758 discipuli
3190 3689 3358 3760 spicas
3384 3688 3618 3744 vellentes
3641 3707 3797 3745 man-

2265 3782 2606 3848 ducaverunt,
2647 3780 3071 3851 quemadmodum
3089 3781 3226 3836 inter
3251 3797 3307 3834 se
3341 3791 3624 3852 congmnt
3647 3781 3794 3836 Mat-

2265 3874 2448 3939 thteus,
2477 3871 2686 3926 Marcus
2713 3881 2761 3926 et
2781 3870 2947 3925 Lucas
2974 3873 3027 3925 in
3055 3871 3301 3926 narrandi
3326 3871 3522 3928 ordine.

2263 3964 2354 4028 81.
2395 3964 2645 4035 Sequitur
2682 3963 2984 4030 Mattliaaus,
3028 3975 3082 4018 et
3123 3963 3286 4018 dicit:
3319 3961 3386 4017 In
3429 3964 3520 4018 illo
3563 3972 3797 4037 tempore

2194 4058 2317 4113 abiit
2347 4057 2502 4112 Iesus
2523 4056 2734 4112 sabbato
2761 4073 2851 4126 per
2879 4065 3031 4121 sata;
3056 4054 3290 4126 discipuli
3318 4064 3488 4111 autem
3524 4056 3638 4127 ejus
3677 4074 3794 4113 estt-

2193 4151 2380 4204 rientes
2391 4157 2645 4218 cteparunt
2667 4147 2848 4202 vellere
2857 4147 3046 4219 spicas,
3057 4155 3106 4201 et
3119 4145 3448 4214 manducare,
3467 4154 3602 4214 etc.,
3620 4163 3794 4219 usque

2193 4239 2264 4296 ad
2285 4239 2413 4296 illud
2435 4239 2522 4294 ubi
2551 4239 2647 4304 ait,
2679 4237 2930 4294 Dominus
2954 4249 3026 4294 est
3048 4239 3182 4292 enim
3199 4237 3368 4293 Filius
3396 4238 3618 4294 hominis
3637 4239 3792 4294 etiam

2193 4332 2389 4388 sabbati
2417 4330 2628 4402 (Matth.
2664 4347 2762 4398 xu,
2791 4329 2934 4401 1-8).
2966 4329 3077 4384 Hoc
3105 4344 3315 4402 quoque
3337 4330 3456 4388 sine
3484 4330 3594 4386 ulla
3627 4347 3792 4403 repu-

2193 4424 2424 4495 gnantia:
2461 4423 2760 4492 quastione
2793 4429 3242 4477 commemoratur
3275 4432 3330 4478 et
3371 4439 3400 4478 a
3438 4423 3624 4480 Marco
3663 4433 3722 4480 et
3757 4438 3793 4480 a

2194 4519 2336 4574 Luca
2361 4515 2558 4589 (Marc.
2589 4531 2647 4582 ιι,
2674 4513 2864 4582 25-28,
2893 4523 2942 4568 et
2971 4511 3103 4567 Luc.
3126 4530 3201 4580 v1,
3230 4513 3346 4584 1-5)
3379 4530 3393 4566 :
3433 4514 3527 4569 sed
3569 4515 3648 4570 illi
3679 4530 3787 4572 non

2193 4612 2401 4677 dicunt,
2425 4610 2490 4666 In
2511 4609 2601 4666 illo
2619 4618 2860 4678 tempore.
2881 4605 3037 4678 Unde
3054 4606 3294 4662 fortassis
3317 4605 3483 4677 magis
3504 4606 3792 4664 Mattlurus

2191 4705 2270 4760 rei
2293 4712 2460 4774 geste
2485 4703 2571 4758 hic
2595 4702 2843 4756 ordinem
2865 4701 3056 4764 tenuit,
3097 4698 3171 4752 illi
3198 4706 3376 4752 autem
3400 4699 3791 4758 recordationis

2185 4812 2304 4852 sua
2337 4813 2351 4848 :
2385 4795 2487 4850 nisi
2521 4794 2682 4850 latius
2707 4792 3006 4862 accipiatur
3030 4788 3170 4860 quod
3213 4787 3412 4844 dictum
3443 4799 3559 4858 est,
3585 4791 3657 4846 In
3699 4794 3790 4847 illo

2189 4897 2440 4960 tenspdre,
2461 4885 2516 4940 id
2543 4895 2647 4951 est,
2677 4900 2783 4953 quo
2811 4883 2926 4936 lucc
2952 4881 3117 4937 multa
3139 4889 3193 4936 et
3210 4879 3420 4936 diversa
3441 4883 3784 4953 gerebantur.

2191 4979 2421 5037 CAPUT
2459 4975 2677 5034 XXXV.
2723 5003 2795 5015 —
2821 4971 2902 5027 De
2936 4972 3027 5027 illo
3059 4972 3151 5044 qui
3179 4988 3393 5027 manum
3433 4974 3638 5028 aridam
3673 4993 3788 5031 cum

2263 5075 2487 5139 haberet,
2515 5070 2722 5128 sabbato
2747 5077 2950 5124 ctu-atus
2975 5074 3082 5132 est,
3109 5066 3533 5135 quemadmodum
3560 5069 3788 5123 narratio

2265 5166 2498 5222 Maliaci
2541 5163 2807 5218 concordet
2843 5175 2959 5213 cum
2998 5157 3174 5211 Marco
3211 5166 3258 5211 et
3291 5155 3464 5226 Luca,
3503 5160 3583 5213 uel
3621 5177 3790 5215 rerum

2259 5260 2462 5325 orditas,
2487 5256 2569 5311 uel
2593 5253 2799 5310 Domini
2826 5260 2872 5306 et
2891 5249 3192 5304 Judaaorum
3219 5249 3402 5306 verbis.

2263 5349 2353 5407 82.
2387 5346 2642 5418 Sequitur
2657 5359 2793 5414 ergo
2817 5340 3127 5405 Matthaeus,
3169 5339 3242 5394 ita
3275 5355 3539 5396 narrans:
3574 5340 3644 5396 Et
3671 5358 3786 5396 cum

2185 5443 2310 5500 inde
2327 5441 2591 5497 transisset
2612 5479 2627 5502 ,
2665 5435 2800 5490 venit
2823 5435 2876 5487 in
2901 5446 3212 5503 synagogam
3235 5446 3426 5484 eorum.
3455 5430 3524 5485 Et
3547 5449 3664 5487 ecce
3688 5434 3784 5487 ho-

2187 5551 2276 5591 mo
2299 5547 2507 5590 manum
2529 5528 2716 5597 habens
2735 5525 2966 5591 aridam,
2993 5530 3053 5579 et
3083 5529 3310 5588 cmtera,
3346 5536 3514 5594 usque
3548 5525 3618 5580 ad
3653 5525 3784 5581 illud

2191 5627 2283 5683 ubi
2311 5626 2405 5692 ait,
2436 5623 2506 5678 Et
2529 5622 2761 5678 restituta
2777 5628 2848 5674 est
2871 5616 3076 5673 sanitati
3099 5615 3229 5670 sicut
3255 5615 3415 5669 altera
3440 5615 3655 5687 (Matth.
3685 5635 3780 5686 xu,

2183 5719 2369 5791 9—15).
2409 5717 2486 5774 De
2529 5715 2634 5771 ista
2661 5720 2882 5779 sanato,
2928 5708 3020 5782 qui
3044 5722 3261 5762 manum
3292 5705 3520 5765 habebat
3550 5710 3779 5778 aridam,

2189 5812 2353 5868 etiam
2383 5811 2590 5868 Marcus
2614 5818 2668 5863 et
2687 5807 2862 5864 Lucas
2895 5818 3000 5860 non
3022 5809 3200 5857 tacent
3229 5799 3438 5874 (Marc.
3469 5819 3558 5870 in,
3590 5804 3698 5872 1-5,
3727 5815 3784 5860 ac

2185 5901 2319 5958 Luc.
2345 5919 2418 5965 vi.
2446 5901 2632 5960 6-40).
2661 5900 2850 5958 Posset
2889 5901 3054 5951 auten
3091 5893 3269 5966 putari
3294 5909 3361 5950 eo
3382 5893 3468 5950 die
3490 5891 3694 5954 factum
3720 5903 3778 5952 et
