4082 6462
495 462 638 523 1119

506 577 711 644 Austri,
728 584 783 633 et
810 578 876 633 de
909 577 1150 634 Ninivitis
1174 594 1187 631 :
1212 577 1282 633 ila
1306 577 1501 648 aliquid
1540 580 1713 648 potius
1751 590 2076 633 commemo-

511 671 647 725 ravit
676 670 813 740 quod
834 670 1107 724 Matthacus
1138 671 1311 735 tacuit,
1343 686 1499 738 quam
1515 670 1712 740 aliquid
1738 671 2075 740 praetermisit

496 778 681 818 eorum
707 778 824 833 quae
864 762 965 817 hoc
991 763 1105 815 loco
1146 761 1234 816 ille
1274 762 1526 816 narravit.
1567 761 1696 829 Quis
1745 772 1922 817 autem
1965 777 2073 818 non

502 855 680 908 videat
729 851 996 922 superfluo
1043 853 1244 923 qumri,
1298 867 1403 922 quo
1451 853 1538 908 illa
1582 852 1766 908 ordine
1819 854 2073 910 Dominus

498 946 727 1011 dixerit;
757 960 876 999 cum
902 954 956 999 et
981 944 1081 1000 hoc
1113 945 1319 1000 discere
1361 945 1646 1001 debeamus
1695 962 1788 1016 per
1831 947 2074 1019 Evange-

496 1038 736 1092 Iistarum
779 1037 1270 1092 excellentissimam
1321 1037 1716 1106 auctoritatem,
1780 1053 1887 1094 non
1953 1053 2076 1095 esse

498 1129 830 1185 mendacium
855 1170 869 1194 ,
904 1131 947 1184 si
977 1130 1253 1199 quisquam
1279 1144 1384 1185 non
1429 1131 1530 1186 hoc
1555 1131 1742 1187 ordine
1761 1133 2073 1204 cujusquam

493 1238 795 1279 sermonem
821 1223 1130 1292 digesserit,
1159 1238 1263 1293 quo
1292 1224 1378 1279 ille
1407 1239 1436 1278 a
1473 1239 1579 1294 quo
1621 1224 1916 1294 processit,
1953 1240 2074 1282 cum

496 1316 660 1387 ipsius
683 1315 885 1370 ordinis
911 1316 1038 1369 nihil
1072 1316 1278 1372 intersit
1305 1316 1371 1372 ad
1413 1332 1522 1372 rem
1542 1357 1558 1384 ,
1589 1317 1701 1372 sive
1728 1317 1798 1372 ita
1819 1358 1834 1383 ,
1862 1319 1978 1372 sive
2000 1319 2070 1373 ita

492 1409 603 1465 sit?
633 1408 701 1463 Et
738 1407 910 1462 adhuc
937 1408 1104 1464 Lucas
1131 1408 1519 1478 productiorem
1547 1409 1687 1464 hunc
1716 1409 1925 1464 Domini
1955 1424 2072 1464 sero

491 1516 706 1556 moncm
739 1500 971 1565 indicat,
1032 1509 1084 1556 et
1131 1501 1181 1555 in
1231 1517 1296 1556 eo
1351 1502 1590 1572 quaedam
1655 1513 2068 1572 commemorat,

495 1593 669 1663 qualia
697 1593 973 1647 Matthreus
1011 1594 1063 1647 in
1092 1609 1340 1648 sermone
1369 1594 1460 1648 illo
1503 1595 1591 1664 qui
1631 1604 1712 1649 est
1757 1595 1965 1650 habitus
2015 1597 2069 1650 in

492 1693 674 1739 monte
699 1683 908 1755 (Matth.
941 1683 1106 1756 v-vn),
1134 1700 1252 1754 qua:
1283 1685 1363 1739 bis
1389 1684 1528 1740 dicta
1579 1686 1920 1756 intelligimus
1943 1729 1957 1753 ,
2018 1697 2071 1744 et

492 1777 564 1832 ibi
590 1778 828 1844 scilicet,
871 1786 922 1833 et
969 1778 1074 1832 hic.
1107 1778 1415 1832 Terminato
1444 1787 1622 1833 autem
1645 1779 1746 1834 isto
1781 1793 2066 1844 sermone,

493 1869 549 1925 in
577 1869 717 1924 aliud
741 1869 908 1940 pergit
935 1869 1102 1924 Lucas
1133 1886 1146 1923 :
1181 1869 1232 1922 in
1263 1883 1369 1939 quo
1403 1878 1576 1923 utrum
1626 1869 1864 1925 ordinem
1890 1886 2067 1926 rerum

489 1968 758 2029 gestarum
786 1961 1038 2026 servarit,
1070 1962 1326 2015 incertum
1354 1968 1455 2014 est.
1489 1959 1564 2014 Ita
1593 1961 1735 2016 enim
1766 1963 2065 2016 connectit:

490 2048 558 2104 Et
587 2067 699 2103 cum
737 2050 1030 2120 loqueretur,
1066 2051 1256 2120 ragavit
1286 2067 1398 2104 eum
1445 2051 1649 2121 quidam
1684 2050 1977 2107 Pharisaeus
2014 2063 2069 2107 ut

492 2141 762 2211 pranderet
787 2141 922 2210 apud
949 2158 1018 2194 se.
1041 2141 1158 2194 Non
1188 2150 1362 2195 autem
1401 2141 1514 2207 ait,
1545 2141 1678 2196 Cum
1724 2141 1839 2197 haec
1881 2143 2068 2213 loque-

491 2240 670 2295 retur;
698 2230 811 2297 sed,
841 2247 954 2283 cum
979 2232 1276 2303 loqueretur.
1302 2230 1433 2285 Nam
1461 2231 1504 2285 si
1530 2231 1766 2296 dixisset,
1790 2232 1920 2286 Cum
1953 2232 2069 2290 haec

491 2323 820 2394 loqueretur,
846 2324 1148 2379 necessario
1177 2332 1389 2393 cogeret
1418 2323 1710 2394 intelligere
1757 2324 1858 2378 hoc
1883 2325 2069 2379 ordine

500 2431 607 2471 non
638 2424 838 2469 tantum
863 2430 895 2469 a
919 2430 978 2469 se
1003 2415 1166 2469 fuisse
1195 2423 1402 2469 narrata
1430 2455 1444 2480 ,
1483 2430 1666 2470 verum
1699 2422 1752 2470 et
1788 2430 1818 2468 a
1845 2414 2067 2469 Domino

486 2519 656 2577 gesta.

489 2597 712 2653 CAPUT
737 2595 1075 2666 XL.-—',Ubi
1109 2597 1154 2650 ei
1189 2597 1419 2650 nuntiata
1471 2606 1544 2651 est
1584 2606 1743 2651 mater
1788 2607 1834 2652 et
1882 2602 2066 2669 fratres

558 2691 685 2760 ejus,
737 2698 904 2743 utrum
946 2705 979 2742 a
1021 2687 1197 2742 Marco
1241 2696 1287 2742 et
1330 2687 1471 2742 Luca
1517 2689 1640 2744 ordo
1678 2690 1786 2760 ipse
1822 2705 1922 2743 non
1962 2689 2067 2742 dis-

564 2791 750 2852 crepet.

563 2874 650 2928 87.
682 2873 936 2944 Sequitur
957 2888 1084 2942 ergo
1120 2872 1428 2939 Matthaeus,
1474 2880 1528 2928 et
1564 2871 1692 2927 dicit
1728 2888 1743 2926 :
1789 2873 1966 2927 Adhuc
2010 2889 2066 2927 eo

488 2965 716 3035 loquente
743 2965 809 3018 ad
853 2964 1052 3029 turbas,
1081 2980 1193 3017 ecce
1226 2972 1383 3016 mater
1427 2964 1532 3033 ejus
1561 2972 1608 3017 et
1651 2966 1829 3032 fratres
1869 2965 2068 3019 stabant

493 3058 638 3128 foris,
662 3053 936 3126 quaerentes
966 3056 1100 3126 loqui
1127 3056 1192 3119 ei,
1219 3065 1348 3120 etc.,
1378 3069 1544 3124 usque
1573 3054 1640 3108 ad
1665 3054 1793 3108 illud
1820 3055 1908 3110 ubi
1954 3057 2063 3123 ait,

501 3147 808 3218 Quicumque
828 3148 959 3201 enim
999 3146 1166 3216 fecerit
1200 3147 1504 3200 voluntatem
1543 3144 1715 3200 Patris
1753 3148 1848 3200 mei
1895 3148 1982 3220 qui
2015 3149 2069 3203 in

495 3239 630 3294 ciebis
660 3249 750 3304 est,
778 3241 885 3310 ipse
928 3254 1064 3291 meus
1093 3238 1249 3306 frater
1275 3246 1320 3290 et
1344 3253 1486 3290 soror
1511 3245 1556 3289 et
1581 3245 1736 3291 mater
1757 3246 1826 3291 est
1854 3237 2065 3310 (Matth.

491 3345 544 3397 ι,
601 3329 825 3402 46ο50).
875 3329 988 3384 Iloc
1052 3329 1168 3383 siue
1227 3328 1390 3383 dubio
1447 3339 1832 3398 consequenter
1866 3342 2068 3401 gestum

497 3423 790 3493 intelligere
827 3422 1102 3477 debemus.
1155 3421 1415 3476 Prtemisit
1461 3422 1637 3487 enim,
1682 3439 1804 3478 cum
1857 3424 1924 3478 ad
1968 3423 2070 3479 boc

490 3513 808 3568 narrandum
839 3514 1119 3580 transiret,
1142 3513 1320 3567 Adhuc
1362 3529 1419 3567 eo
1459 3515 1685 3584 loquente
1725 3515 1792 3568 ad
1852 3517 2022 3570 turbas
2046 3532 2065 3571 :

490 3602 616 3673 quid
644 3613 724 3658 est
744 3612 942 3670 autem,
973 3603 1170 3668 Adhuc,
1220 3604 1321 3658 nisi
1368 3603 1494 3658 illud
1537 3604 1679 3673 quod
1721 3605 2069 3675 loquebatur?

492 3694 608 3750 Non
630 3697 768 3750 enim
795 3697 946 3763 dixit,
973 3696 1041 3751 Et
1062 3713 1126 3752 co
1151 3697 1399 3768 loquente
1425 3697 1490 3752 ad
1519 3697 1719 3763 turbas,
1747 3714 1871 3755 ecce
1903 3709 2071 3755 mater

493 3787 609 3856 ejus
637 3797 692 3842 et
716 3788 935 3855 fratres;
967 3789 1060 3844 sed
1086 3831 1100 3854 ,
1144 3791 1321 3842 Adhuc
1363 3807 1419 3843 eo
1459 3789 1684 3858 loquente
1720 3808 1733 3844 :
1780 3807 1897 3859 qua:
1949 3807 2068 3846 cum

491 3879 640 3945 dicit,
672 3882 812 3950 cogit
838 3881 1076 3952 intelligi,
1105 3881 1222 3935 haec
1245 3882 1526 3951 loquente,
1557 3899 1676 3952 quae
1723 3884 1966 3953 superius
1991 3884 2071 3938 in-

490 3971 721 4028 dicabat.
743 3973 869 4026 Nam
892 3983 947 4028 ct
965 3973 1170 4028 Marcus
1195 3982 1314 4044 post
1339 3974 1468 4028 illud
1494 3975 1634 4044 quod
1651 3975 1718 4029 de
1745 3975 2070 4046 blasphemia

495 4062 725 4132 Spiritus
749 4064 914 4118 sancti
945 4103 960 4129 ,
992 4064 1117 4132 quid
1137 4065 1390 4120 Dominus
1431 4065 1625 4120 dixerit
1649 4067 1856 4133 retulit,
1884 4067 1952 4121 Et
1991 4084 2073 4122 ve-

492 4156 639 4210 niunt
660 4198 675 4223 ,
707 4157 892 4224 inquit,
918 4166 1077 4211 mater
1101 4159 1207 4228 ejus
1235 4165 1279 4211 et
1301 4158 1480 4226 fratres
1502 4157 1691 4228 (Marc.
1719 4175 1796 4226 ιιι,
1831 4161 2023 4230 51-55)
2053 4177 2066 4213 :

497 4247 871 4316 praetermissis
922 4246 1258 4316 quibusdam,
1290 4248 1494 4318 qumfin
1525 4248 1711 4303 eodem
1759 4258 1904 4303 textu
1953 4264 2070 4304 ser-

497 4338 672 4393 monis
700 4338 905 4392 Domini
925 4347 979 4393 et
1006 4337 1282 4393 Matthaeus
1307 4339 1562 4408 prolixius
1585 4339 1787 4406 Marco,
1815 4349 1870 4395 et
1897 4341 2068 4396 Lucas

492 4431 749 4501 prolixius
769 4431 1014 4485 Mattbaco
1037 4439 1348 4501 posuerunt.
1377 4431 1545 4486 Lucas
1565 4441 1742 4486 autem
1783 4448 1890 4486 non
1912 4433 2070 4504 hujus

491 4519 571 4575 rei
595 4532 756 4590 gesta:
776 4521 1016 4576 ordinem
1047 4522 1244 4584 tenuit,
1276 4521 1368 4576 sed
1397 4523 1786 4591 prmoccupavit
1839 4523 1968 4590 hoc,
2017 4533 2072 4579 et

491 4612 824 4668 recordatum
863 4623 986 4669 ante
1013 4614 1263 4668 narravit.
1298 4615 1532 4684 Denique
1562 4615 1664 4669 hoc
1709 4616 1786 4670 sic
1833 4617 2070 4686 interpo-

491 4705 619 4768 suit,
651 4715 708 4759 ut
729 4707 957 4760 solutum
997 4716 1245 4775 appareat
1285 4721 1315 4760 a
1354 4721 1493 4762 nexu
1530 4714 1584 4760 et
1635 4709 1968 4777 superiorum
2017 4717 2073 4764 et

493 4799 868 4866 posteriorum.
901 4783 1030 4853 Post
1055 4807 1498 4853 commemoratas
1523 4799 1664 4852 enim
1695 4799 1948 4868 quasdam
1981 4815 2072 4868 pa-

491 4891 703 4948 rabolas
727 4892 930 4946 Domini
953 4934 967 4958 ,
996 4892 1065 4945 ita
1092 4891 1190 4944 hoc
1215 4891 1281 4945 de
1306 4899 1474 4944 matre
1496 4898 1548 4944 et
1570 4889 1817 4945 fratribus
1839 4891 1953 4959 ejus
1989 4906 2073 4944 re-

495 4983 768 5038 cordatum
797 4983 1111 5053 interposuit
1140 5001 1154 5037 :
1189 4980 1440 5036 Venerunt
1468 4990 1634 5035 autem
1673 4981 1740 5033 ad
1779 4980 1960 5046 illum,
1993 4980 2073 5034 in-

493 5077 627 5147 quit,
647 5083 802 5128 mater
831 5085 875 5128 et
899 5075 1078 5144 fratres
1096 5076 1204 5145 ejus
1226 5090 1244 5128 :
1269 5082 1313 5126 et
1339 5089 1439 5124 non
1462 5081 1688 5140 poterant
1713 5071 1780 5123 ad
1797 5087 1908 5123 eum
1931 5071 2071 5125 adire

496 5181 606 5238 pra:
652 5167 796 5220 turba
839 5182 858 5219 :
895 5180 1000 5219 non
1025 5165 1296 5234 expressit
1316 5162 1528 5232 quando
1554 5162 1618 5216 ad
1658 5178 1778 5215 eum
1806 5162 2066 5216 venerint.

497 5259 703 5314 Rursus
731 5274 850 5313 cum
880 5267 934 5313 et
962 5257 1084 5312 hinc
1115 5257 1302 5310 transit
1325 5297 1340 5318 ,
1374 5255 1441 5309 ita
1469 5254 1733 5323 loquitur:
1763 5252 1976 5306 Factum
1997 5263 2073 5307 est

492 5361 680 5417 autem,
712 5349 906 5420 inquit,
938 5350 988 5402 in
1010 5365 1110 5402 una
1131 5348 1356 5412 dierum,
1389 5354 1435 5399 et
1470 5345 1578 5414 ipse
1596 5344 1816 5397 ascendit
1852 5344 1901 5397 in
1931 5345 2073 5398 navi-

491 5445 691 5507 culam,
721 5452 767 5496 et
791 5443 1022 5511 discipuli
1070 5443 1180 5506 eius
1235 5439 1397 5511 (Luc.
1446 5453 1570 5503 vm,
1623 5436 1828 5508 19-22).
1883 5437 1949 5491 Et
1988 5436 2074 5492 hic

496 5537 680 5606 utique
707 5550 826 5589 cum
849 5534 992 5597 dicit,
1019 5532 1236 5585 Factum
1253 5540 1321 5586 est
1341 5532 1392 5584 in
1423 5546 1525 5584 una
1549 5530 1772 5595 dierum,
1821 5530 1948 5583 satis
1989 5531 2071 5583 in-

497 5627 658 5690 dicat,
683 5642 790 5681 non
819 5639 1036 5680 necesse
1077 5639 1198 5680 esse
1234 5609 1449 5678 ut‘baec
1493 5623 1607 5678 dies
1651 5623 1969 5692 intelligatur
2021 5623 2073 5678 in

500 5734 602 5788 qua
631 5718 732 5772 hoc
755 5725 959 5786 gestum
989 5724 1090 5782 est,
1124 5716 1207 5770 vel
1233 5714 1322 5769 illa
1359 5731 1476 5785 qua:
1518 5715 1772 5770 continuo
1815 5715 2072 5783 sequitur.

495 5810 640 5866 Nihil
661 5811 838 5879 itaque
873 5807 1428 5878 habet-repugnantia:
1469 5823 1590 5862 cum
1625 5806 1832 5861 caneris
1870 5805 2077 5861 duobus

497 5899 642 5963 σιλοά
669 5900 946 5957 Mattbaeus
972 5899 1040 5956 de
1061 5907 1233 5955 matre
1266 5907 1322 5955 et
1346 5897 1594 5958 fratribus
1626 5895 1835 5954 Domini
1871 5909 2072 5980 narrat,

1297 461 1384 520 DE
1422 461 1773 521 CONSENSU
1813 411 2460 537 EVANGELIS'PARUM,
2496 468 2555 527 S.
2594 419 2958 529 AUGUSTINI

3619 481 3760 545 1120

2186 593 2358 648 neque
2379 581 2431 636 in
2456 581 2630 638 verbis
2655 584 2885 652 Domini,
2917 602 3089 659 neque
3114 588 3170 645 in
3209 589 3326 661 ipso
3363 593 3550 653 ordine
3578 613 3754 661 rerum

2185 680 2474 739 gestarum.

2181 758 2408 818 CAPUT
2447 763 2582 819 XLI.
2605 797 2678 808 —
2704 765 2852 832 Quod
2890 785 2954 823 ea:
2997 773 3228 828 navicula
3265 776 3418 831 turbis
3453 779 3649 836 locutus
3685 793 3760 838 est

2253 857 2316 910 de
2335 857 2425 911 illo
2447 860 2593 931 cujus
2619 859 2672 914 in
2711 863 3001 917 seminando
3043 865 3185 919 aliud
3217 869 3393 922 cecidit
3420 870 3473 924 in
3503 873 3600 938 via,
3626 883 3755 940 etc.,

2252 958 2299 1003 et
2325 950 2387 1004 de
2417 951 2506 1006 illo
2531 953 2613 1006 cui
2631 956 3027 1025 superseminata
3051 966 3167 1011 sunt
3190 960 3408 1028 zizania,
3436 973 3480 1016 et
3501 964 3562 1017 de
3597 983 3758 1036 grano

2195 1050 2204 1057 ‘
2251 1042 2464 1112 sinapis,
2494 1051 2540 1114 et
2561 1045 2624 1098 de
2645 1047 2922 1116 fermento;
2946 1057 2992 1101 et
3011 1049 3216 1118 quodin
3248 1052 3397 1106 domo
3427 1054 3621 1108 locutus
3661 1069 3754 1121 est,

2250 1135 2314 1189 de
2340 1137 2570 1190 thesauro
2596 1136 2884 1193 abscondito
2906 1139 2962 1194 in
2984 1155 3128 1210 agro,
3156 1151 3200 1195 et
3227 1142 3290 1196 de
3308 1147 3601 1215 margarita,
3631 1157 3673 1200 et
3697 1149 3761 1202 de

2249 1243 2434 1297 sagena
2474 1228 2626 1282 missa
2650 1229 2703 1282 in
2749 1246 2916 1296 mare,
2948 1240 2994 1285 et
3018 1231 3080 1284 de
3101 1235 3383 1303 proferente
3417 1235 3479 1289 de
3523 1237 3759 1293 thesauro

2251 1334 2378 1371 nova
2396 1327 2444 1371 et
2463 1329 2657 1384 vetera,
2688 1320 2936 1390 quomodo
2976 1319 3155 1376 Marco
3197 1334 3241 1377 et
3283 1323 3440 1379 Luca:
3487 1325 3758 1382 Matt/nens

2248 1411 2539 1476 consentiat,
2567 1411 2644 1465 vel
2670 1411 2722 1465 in
2747 1411 2824 1465 his
2849 1428 2962 1482 quia
2987 1429 3104 1467 cum
3127 1415 3217 1469 illo
3237 1416 3498 1485 dixerunt,
3531 1420 3606 1472 vel
3630 1436 3758 1473 nar-

2246 1503 2455 1556 rationis
2482 1504 2674 1558 ordine.

2245 1596 2334 1652 88.
2365 1595 2618 1668 Sequitur
2647 1599 2922 1655 Matthazus
2953 1617 2968 1654 :
3003 1599 3068 1656 In
3088 1601 3179 1656 illo
3205 1604 3287 1658 die
3308 1606 3479 1661 exiens
3505 1607 3654 1664 Iesus
3692 1611 3761 1664 de

2176 1689 2345 1755 domo,
2374 1690 2574 1745 sedebat
2593 1707 2737 1746 secus
2761 1709 2900 1747 mare
2929 1711 2948 1747 :
2976 1701 3022 1747 et
3047 1706 3360 1767 congregati:
3381 1709 3496 1752 sunt
3529 1700 3597 1752 ad
3643 1718 3758 1754 cuni

2175 1780 2336 1835 turbae
2359 1783 2549 1848 mulae,
2582 1783 2653 1836 ita
2682 1793 2734 1836 ut
2758 1785 2811 1837 in
2840 1785 3124 1839 naviculam
3150 1789 3421 1843 ascendens
3443 1791 3634 1844 sederet
3662 1809 3681 1846 :
3708 1803 3760 1846 et

2175 1876 2338 1930 omnis
2367 1875 2514 1929 turba
2542 1878 2706 1931 stabat
2729 1878 2782 1931 in
2801 1878 2998 1944 littore;
3033 1889 3079 1934 et
3108 1879 3304 1936 locutus
3327 1891 3398 1936 est
3427 1884 3495 1936 eis
3519 1884 3675 1938 multa
3701 1886 3759 1938 in

2174 1966 2428 2037 parabolis
2453 1967 2621 2022 dicens
2645 2010 2659 2034 ,
2681 1976 2739 2025 et
2760 1979 2980 2036 caetera,
3029 1987 3197 2043 usque
3244 1973 3311 2028 ad
3343 1975 3468 2029 illud
3511 1976 3600 2031 ubi
3656 1978 3756 2045 ait,

2170 2056 2301 2113 Ideo
2326 2060 2487 2114 onmis
2514 2060 2675 2115 scriba
2696 2061 2869 2116 doctus
2897 2063 2949 2116 in
2975 2080 3128 2134 regno
3153 2066 3389 2120 ctelomm
3409 2109 3423 2135 ,
3459 2069 3637 2124 similis
3681 2079 3762 2125 est

2178 2150 2370 2204 homini
2398 2151 2782 2220 patrifamilias,
2807 2154 2892 2224 qui
2919 2156 3108 2224 profert
3145 2156 3207 2210 de
3229 2157 3461 2212 thesauro
3497 2177 3588 2214 suo
3625 2178 3760 2215 nova

2171 2254 2217 2298 et
2237 2254 2398 2298 vetera
2429 2244 2637 2316 (Matth.
2663 2261 2776 2310 xm,
2805 2245 2983 2316 1-52).
3017 2247 3143 2302 Post
3163 2248 3291 2303 illud
3320 2250 3460 2320 quod
3481 2261 3757 2308 narratum

2172 2345 2254 2392 est
2279 2337 2344 2392 de
2374 2345 2541 2392 matre
2563 2347 2616 2393 et
2645 2336 2900 2395 fratribus
2929 2340 3176 2405 Domini,
3205 2339 3308 2397 hoc
3360 2343 3613 2398 continuo
3656 2360 3756 2416 ge-

2172 2442 2310 2487 stum
2338 2448 2479 2499 esse,
2512 2445 2566 2489 et
2586 2450 2707 2490 eum
2737 2435 2978 2492 ordinem
3005 2437 3307 2492 Mattbacum
3325 2440 3482 2493 etiam
3526 2439 3580 2494 in
3629 2454 3759 2494 nar-

2171 2525 2338 2580 rando
2363 2526 2615 2591 tenuisse,
2633 2542 2694 2581 ea
2722 2543 2808 2582 res
2839 2527 3088 2592 insinuat,
3117 2530 3236 2598 quia
3257 2544 3378 2585 cum
3403 2531 3547 2586 illinc
3573 2539 3757 2586 trans-

2172 2617 2302 2683 iret,
2349 2617 2421 2671 ita
2471 2620 2740 2672 contexuit
2765 2627 2822 2672 ut
2843 2619 3081 2686 diceret,
3113 2618 3179 2673 In
3216 2621 3306 2675 illo
3343 2621 3425 2675 die
3446 2623 3616 2675 exiens
3661 2619 3760 2675 Je-

2171 2725 2257 2762 sus
2285 2708 2348 2762 de
2373 2709 2542 2775 domo,
2571 2709 2768 2762 sedebat
2796 2725 2939 2763 secus
2959 2726 3116 2776 mare,
3149 2719 3194 2764 et
3219 2721 3532 2782 congregata:
3554 2720 3670 2764 sunt
3683 2711 3758 2764 ad

2170 2818 2285 2855 eum
2318 2802 2476 2855 turbae
2499 2802 2688 2855 mulae.
2717 2801 2848 2856 Cum
2882 2802 3023 2856 enim
3063 2803 3228 2870 dicit,
3263 2802 3330 2856 In
3373 2803 3462 2858 illo
3494 2805 3574 2856 die
3627 2802 3757 2874 (nisi

2172 2892 2311 2948 forte
2350 2893 2483 2957 dies,
2530 2907 2682 2946 more
2720 2892 3150 2962 Scripturarum,
3189 2903 3397 2964 tempus
3445 2893 3754 2964 signiﬁcet),

2173 2989 2302 3042 satis
2333 2989 2528 3042 indicat
2555 2997 2645 3042 aut
2673 2987 2775 3042 hoc
2794 2997 3184 3058 consequenter
3207 2995 3412 3059 gestum
3439 3028 3452 3052 ,
3497 2997 3590 3042 aut
3641 3003 3756 3043 non

2173 3079 2338 3134 multa
2380 3078 2642 3148 interponi
2686 3080 2953 3148 potuisse;
3000 3078 3231 3133 maxime
3276 3078 3396 3148 quia
3439 3088 3492 3132 et
3545 3078 3761 3133 Marcus

2173 3185 2294 3226 eum
2325 3170 2561 3225 ordinem
2597 3178 2740 3225 tenet
2768 3169 2955 3242 (Marc.
2990 3185 3066 3236 ιν,
3103 3170 3254 3240 1-54)
3299 3187 3312 3223 :
3357 3169 3526 3224 Lucas
3565 3178 3750 3225 autem

2174 3271 2294 3332 post
2318 3261 2446 3316 illud
2483 3261 2622 3331 quod
2652 3270 2832 3315 narrat
2853 3261 2921 3316 de
2942 3268 3112 3316 matre
3139 3269 3192 3316 et
3221 3260 3473 3315 fratribus
3517 3260 3756 3326 Domini,

2174 3354 2230 3408 in
2253 3353 2394 3408 aliud
2417 3355 2623 3417 transit,
2657 3370 2753 3408 nec
2783 3369 2846 3409 eo
2871 3354 3092 3409 transitu
3113 3354 3495 3409 connexionem
3522 3354 3758 3430 aliquam

2175 3447 2317 3510 facit,
2346 3463 2447 3517 qua
2470 3447 2591 3501 huic
2619 3448 2792 3502 ordini
2827 3463 3120 3518 repugnare
3156 3447 3397 3503 videatur
3424 3445 3586 3520 (Luc.
3625 3463 3755 3515 vni,

2174 3538 2289 3607 22).
2317 3538 2563 3592 Omnium
2601 3553 2728 3608 ergo
2775 3538 2965 3592 horum
2993 3554 3112 3608 qua:
3149 3539 3433 3593 Mattheus
3473 3539 3758 3593 Dominum

2177 3629 2412 3683 locutum
2438 3644 2559 3684 esse
2584 3629 2854 3693 narravit,
2878 3645 2995 3698 quas
3024 3643 3144 3684 cum
3163 3630 3251 3683 illo
3277 3629 3526 3686 dixerunt
3551 3629 3764 3684 Marcus

2177 3730 2231 3775 et
2259 3720 2447 3785 Lucas,
2478 3737 2582 3775 non
2610 3721 2809 3775 habent
2837 3721 3199 3792 repugnantia:
3225 3721 3609 3792 qurestioncm;
3637 3736 3761 3791 qua:

2176 3821 2353 3866 autem
2383 3814 2496 3881 ipse
2521 3813 2666 3866 solus
2692 3812 2864 3878 dixit,
2911 3813 3079 3867 multo
3105 3814 3272 3884 magis
3297 3814 3412 3870 sine
3443 3824 3763 3869 controver-

2177 3903 2254 3957 sia
2287 3912 2409 3959 sunt
2441 3921 2456 3956 :
2503 3918 2605 3958 nec
2629 3905 2697 3974 (in
2723 3904 2839 3973 ipso
2868 3903 3074 3970 ordine,
3105 3905 3344 3974 quamvis
3372 3905 3642 3975 aliquanto
3677 3903 3766 3959 di-

2177 4010 2388 4050 vcrsum
2413 3995 2550 4050 alius
2578 3995 2739 4049 alium
2771 4003 2976 4061 teneat,
3008 3995 3198 4065 partim
3244 4006 3508 4066 gestarum
3556 4010 3758 4063 rerum,

2179 4088 2372 4158 partim
2402 4087 2786 4142 recordationis
2807 4101 2938 4154 suae,
2965 4086 3118 4142 video
3143 4087 3270 4157 quid
3307 4087 3392 4142 vel
3419 4087 3505 4142 cui
3531 4088 3761 4158 quisque

2177 4177 2506 4234 adversetur.

2181 4269 2404 4325 CAPUT
2448 4269 2606 4324 LXII.
2645 4299 2718 4310 —-
2763 4270 2913 4335 Quod
2963 4271 3094 4324 venit
3133 4271 3188 4324 in
3234 4271 3451 4342 patriam
3493 4287 3655 4335 suam,
3711 4281 3761 4325 et

2249 4360 2559 4414 mirabantur
2581 4361 2877 4425 doctrinam,
2897 4377 3009 4414 cum
3035 4378 3190 4432 genus
3215 4362 3327 4431 ejus
3352 4370 3760 4416 contemnerent:

2249 4451 2496 4522 quomodo
2557 4450 2832 4504 consentiat
2881 4451 3061 4505 Marco
3117 4460 3162 4506 et
3226 4450 3378 4506 Lucas
3440 4451 3716 4507 Mattheus
3737 4493 3757 4521 ,

2250 4544 2467 4599 maxime
2512 4551 2680 4598 utrum
2723 4546 2966 4600 narrandi
3023 4547 3146 4600 ordo
3196 4545 3325 4600 nihil
3375 4547 3522 4600 alteri
3568 4546 3752 4600 aduer-

2246 4645 2402 4692 setur.
2461 4643 2464 4646 ’

2251 4731 2342 4787 89.
2371 4731 2621 4800 Sequitur
2648 4744 2776 4801 ergo
2791 4728 3068 4784 Matthaeus
3094 4747 3108 4783 :
3135 4729 3199 4784 Et
3217 4734 3407 4800 factum
3423 4738 3494 4784 est
3513 4746 3624 4784 cum
3637 4746 3758 4783 con-

2177 4831 2471 4878 summasset
2496 4822 2647 4876 Iesus
2676 4820 2944 4891 parabolas
2967 4821 3090 4875 istas
3111 4862 3124 4886 ,
3165 4822 3363 4876 transiit
3397 4822 3516 4875 inde
3536 4837 3555 4876 :
3583 4831 3630 4875 et
3675 4838 3757 4876 ve-

2178 4913 2319 4966 niens
2343 4913 2395 4965 in
2430 4914 2646 4983 patriam
2677 4929 2848 4979 suam,
2879 4912 3086 4966 docebat
3129 4929 3211 4967 eos
3255 4913 3308 4965 in
3350 4912 3620 4983 synagogis
3669 4929 3756 4983 eo-

2179 5021 2294 5057 rum
2316 5005 2356 5070 ί,
2377 5014 2502 5068 etc.,
2523 5020 2693 5074 usque
2718 5003 2784 5058 ad
2813 5004 2940 5059 illud
2969 5004 3058 5059 ubi
3084 5004 3175 5070 ait,
3208 5003 3274 5056 Et
3301 5021 3399 5058 non
3423 5004 3540 5074 fecit
3562 5003 3631 5058 ibi
3655 5005 3757 5057 vir-

2181 5103 2306 5149 tutes
2347 5096 2532 5150 multas
2579 5105 2785 5166 propter
2830 5096 3223 5149 incredulitatem
3270 5095 3476 5149 illorum
3529 5093 3755 5168 (Matth.

2181 5206 2299 5256 xm,
2329 5191 2540 5264 55-58).
2573 5193 2618 5245 A
2644 5192 2921 5262 superiore
2964 5209 3213 5249 sermone
3262 5195 3630 5264 parabolarum
3683 5195 3760 5250 sic

2181 5282 2394 5346 transit,
2427 5291 2484 5336 ut
2508 5297 2614 5338 non
2646 5283 2893 5338 ostendat
2923 5287 3297 5355 consequentis
3337 5285 3538 5340 ordinis
3568 5301 3758 5342 ncces-

2183 5376 2392 5430 sitatem
2428 5393 2440 5428 :
2478 5377 2771 5446 praesertim
2817 5377 2944 5447 quia
2971 5377 3176 5432 Marcus
3205 5378 3274 5432 ab
3313 5378 3428 5433 istis
3468 5379 3758 5450 parabolis,

2187 5482 2295 5522 non
2323 5468 2376 5522 in
2402 5469 2543 5538 quod
2574 5469 2674 5523 iste
2697 5510 2712 5536 ,
2745 5468 2838 5523 sed
2870 5469 2921 5522 in
2952 5468 3095 5523 aliud
3122 5469 3341 5523 tendens
3365 5510 3378 5534 ,
3424 5469 3476 5522 in
3523 5467 3664 5538 quod
3707 5479 3758 5523 et

2184 5562 2356 5616 Lucas
2383 5561 2454 5614 ita
2497 5561 2767 5615 contexuit
2796 5562 3185 5626 narrationem,
3227 5569 3284 5614 ut
3319 5559 3624 5614 credibilius
3670 5573 3760 5613 os-

2184 5653 2432 5708 tendatur
2452 5652 2553 5707 boc
2577 5667 2694 5707 esse
2725 5653 2900 5721 potius
2921 5660 3305 5721 consequenter
3329 5659 3532 5721 gestum
3559 5693 3574 5717 ,
3620 5650 3758 5721 quod

2187 5744 2291 5814 ipsi
2317 5743 2422 5799 duo
2446 5745 2818 5800 continuanter
2849 5744 3169 5815 adjungunt,
3200 5743 3267 5798 de
3293 5743 3410 5797 navi
3459 5743 3664 5804 scilicet
3707 5745 3760 5800 in

2245 5884 2269 5956 γί
2292 5890 2400 5935 Ilss.
2420 5889 2541 5946 tres,
2560 5883 2612 5936 in
2632 5894 2874 5947 synagoga
2905 5895 3070 5934 eorum
3093 5895 3109 5932 :
3135 5884 3275 5946 juxta
3303 5895 3517 5948 gruum
3548 5889 3756 5941 textum.
