4082 6494
397 438 531 503 1121

394 572 501 628 qua
527 553 826 612 dormiebat
851 552 1005 611 Iesus
1024 596 1041 623 ,
1071 560 1126 610 et
1144 552 1210 611 de
1234 554 1324 610 illo
1344 553 1599 610 miraculo
1623 553 1969 623 expulsornm

394 647 777 702 dzemoniorum
807 646 945 716 apud
975 646 1273 702 Gerasenos
1303 646 1491 717 (Marc,
1538 662 1614 711 iv,
1661 647 1729 702 55
1753 662 1768 711 ;
1792 662 1847 711 v,
1879 647 1967 713 17,

394 748 440 792 ct
463 737 589 792 Luc.
619 736 967 809 vui,2‘2-57),
996 754 1113 808 quae
1138 738 1241 792 duo
1277 738 1553 793 Matthaeus
1587 737 1696 807 jam
1727 738 1971 807 superius

396 832 637 887 recolens
658 830 973 900 interposuit
1001 829 1211 902 (Matth.
1238 846 1365 897 vni,
1393 829 1611 899 25-54).
1656 829 1804 885 Nunc
1846 844 1972 900 ergo

394 938 513 992 qua:
534 922 585 975 in
607 921 774 991 patria
800 936 893 975 sua
924 919 1181 975 Dominus
1226 919 1416 975 dixerit
1448 919 1534 975 vel
1570 919 1620 974 ei
1651 920 1790 974 dicta
1824 919 1931 973 sint
1954 960 1969 985 ,

390 1013 665 1067 videamus
692 1022 870 1066 utrum
891 1026 1011 1066 cum
1037 1012 1153 1066 aliis
1178 1010 1385 1065 duobus
1407 1010 1583 1065 Marco
1604 1020 1657 1064 et
1683 1011 1821 1064 Luca
1842 1024 1971 1064 con-

391 1102 632 1158 cordent.
665 1101 798 1156 Nam
825 1102 1057 1157 Joannes
1084 1102 1239 1171 longe
1269 1101 1322 1155 in
1352 1101 1577 1156 diversis
1607 1110 1659 1156 et
1699 1100 1972 1156 dissimili-

391 1193 491 1248 bus
538 1193 855 1247 narrationis
906 1209 1016 1248 sua:
1059 1193 1189 1247 locis
1232 1192 1315 1245 vel
1364 1191 1503 1246 dicta
1559 1206 1677 1247 esse
1745 1193 1972 1248 Domino

391 1286 517 1339 talia
548 1283 724 1355 (Joan.
756 1300 830 1348 vi,
859 1284 949 1355 42)
969 1325 984 1352 ,
1024 1283 1109 1338 vel
1137 1298 1257 1338 eum
1300 1282 1498 1338 dixisse
1548 1292 1931 1338 commemorat
1952 1322 1969 1351 ,

389 1377 568 1447 qualia
598 1376 699 1432 hoc
727 1376 845 1431 loco
867 1384 975 1431 tres
995 1376 1176 1430 caeteri
1205 1374 1584 1429 meminerunt.

463 1469 552 1525 90.
577 1469 646 1523 Et
668 1468 873 1524 Marcus
920 1467 1134 1538 quidem
1165 1465 1349 1522 eadem
1383 1481 1548 1536 prope
1588 1474 1972 1522 commemorat

390 1560 480 1616 hic
506 1561 682 1616 omnia
708 1575 828 1631 quae
850 1558 1149 1626 Matthteus,
1180 1557 1280 1612 nisi
1303 1556 1446 1613 quod
1462 1557 1743 1612 Dominum
1767 1557 1969 1613 fabrum

389 1662 442 1708 et
466 1652 643 1707 Maria:
671 1652 833 1707 (ilium
873 1651 1001 1707 dicit
1032 1665 1061 1703 a
1100 1649 1304 1704 civibus
1354 1648 1463 1703 suis
1514 1647 1711 1703 dictum
1760 1647 1969 1719 (Marc.

389 1762 463 1813 γι,
494 1746 635 1817 1-6),
667 1760 794 1811 non,
822 1744 959 1799 sicut
982 1741 1277 1807 Matthacus,
1317 1740 1453 1795 fabri
1490 1740 1673 1795 lilium.
1717 1740 1827 1795 Nec
1868 1741 1969 1795 mi-

389 1837 615 1893 randum
637 1849 739 1903 est,
769 1852 888 1891 cum
918 1844 1203 1905 utrumque
1229 1833 1333 1888 dici
1363 1834 1593 1903 potuerit
1626 1848 1725 1889 :eo
1750 1833 1891 1887 enim
1916 1840 1972 1888 et

390 1929 598 1985 fabrum
642 1928 965 1995 credebant,
1015 1942 1120 1998 quo
1164 1925 1296 1981 fabri
1336 1924 1521 1981 filium.
1572 1926 1742 1981 Lucas
1792 1933 1969 1981 autem

390 2022 632 2077 eamdem
659 2037 773 2077 rem
793 2002 1177 2092 gestam'latius
1195 2018 1420 2085 indicat,
1449 2026 1503 2072 et
1528 2018 1679 2087 plura
1708 2017 1780 2073 ibi
1824 2032 1971 2072 com-

391 2124 692 2181 memorat;
724 2130 822 2169 nec
850 2114 1005 2183 longe
1035 2121 1154 2182 post
1192 2111 1513 2181 baptismum
1539 2119 1593 2165 et
1624 2108 1970 2164 tentationem

389 2208 506 2278 ejus
531 2208 634 2261 hoc
660 2206 864 2270 inserit,
894 2204 1008 2259 sine
1032 2202 1192 2258 dubio
1218 2216 1597 2273 przeoccupans
1623 2200 1763 2271 quod
1790 2201 1971 2256 multis

389 2300 552 2355 rebus
578 2296 903 2367 interpositis
933 2303 1113 2365 postea
1140 2302 1349 2365 gestum
1391 2300 1473 2347 est
1513 2307 1529 2349 :
1578 2291 1719 2347 unde
1745 2291 1971 2361 quisque

390 2390 565 2461 possit
593 2389 873 2444 advertere
892 2428 906 2453 ,
937 2385 1077 2456 quod
1109 2385 1230 2440 huic
1259 2394 1365 2439 tam
1409 2398 1613 2453 magnae
1654 2382 1932 2453 quaestioni
1952 2422 1969 2449 ,

389 2497 550 2553 quam
581 2481 648 2536 de
671 2494 938 2535 consensu
974 2478 1434 2548 Evangelistarum
1485 2474 1817 2531 enodandam
1859 2476 1970 2531 Deo

389 2574 672 2644 adjuvante
702 2572 1067 2642 suscepimus,
1114 2568 1402 2640 plurimum
1458 2568 1819 2624 necessarium
1856 2575 1967 2634 est,

389 2681 496 2721 non
542 2665 839 2721 nescientes
872 2661 1070 2732 aliquid
1102 2676 1197 2717 eos
1248 2660 1690 2733 praetermisisse,
1731 2669 1821 2715 aut
1876 2674 1971 2715 ne-

390 2757 616 2811 scientes
650 2754 1092 2826 quemadmodum
1120 2769 1179 2809 se
1208 2753 1339 2808 ordo
1363 2768 1542 2808 rerum
1572 2761 1837 2823 gestarum
1869 2752 1968 2808 ha-

388 2849 571 2916 beret,
600 2849 765 2903 alium
813 2848 990 2919 potius
1032 2846 1274 2903 ordinem
1307 2862 1418 2902 suae
1450 2847 1835 2902 recordationis
1883 2854 1968 2902 te-

389 2940 608 3006 nuisse;
640 2939 779 3010 quod
809 2939 931 2994 hinc
959 2937 1355 2993 evidentissime
1382 2937 1600 3008 intelligi
1628 2945 1821 3006 potest,
1848 2937 1970 3006 quia

390 3029 560 3085 Lucas
602 3038 885 3099 antequam
921 3029 1117 3098 aliquid
1159 3037 1401 3083 narraret
1442 3028 1723 3083 Dominum
1779 3028 1970 3084 fecisse

388 3121 776 3191 Capharnaum,
806 3122 1197 3191 praeoccupavit
1218 3121 1358 3176 hunc
1382 3122 1554 3176 locum
1577 3161 1593 3188 ,
1626 3137 1783 3192 quem
1826 3137 1969 3178 nunc

386 3211 807 3276 consideramus,
836 3212 927 3267 ubi
947 3212 1091 3268 cives
1121 3212 1237 3282 ejus
1263 3221 1317 3268 et
1345 3211 1635 3282 potentiam
1673 3214 1881 3268 virtutis
1914 3215 1967 3270 in

386 3315 452 3357 eo
476 3302 782 3372 stupebant,
816 3311 868 3358 et
897 3303 1278 3372 ignobilitatem
1308 3303 1517 3374 generis
1538 3306 1966 3361 contemnebant.

386 3390 518 3448 Nam
550 3393 652 3449 hoc
678 3411 798 3449 eum
836 3394 963 3449 dicit
990 3396 1068 3449 eis
1101 3394 1331 3461 dixisse,
1365 3394 1549 3466 Utique
1583 3396 1757 3451 dicetis
1798 3397 1923 3451 mihi
1948 3416 1969 3453 :

388 3485 601 3553 Medica,
632 3504 755 3541 cura
784 3488 997 3558 teipsum
1025 3503 1043 3540 :
1068 3495 1259 3558 quanta
1287 3486 1569 3542 audivimus
1596 3492 1730 3559 facta
1770 3488 1824 3543 in
1862 3488 1967 3544 Ca-

386 3578 703 3648 pharnaum,
733 3579 815 3649 fac
853 3588 896 3632 et
927 3579 1007 3631 hic
1038 3579 1093 3631 in
1136 3578 1300 3648 patria
1343 3588 1467 3645 tua;
1506 3594 1625 3634 cum
1677 3580 1967 3636 secundum

388 3669 627 3738 ejusdem
655 3670 820 3739 ipsius
846 3670 1002 3725 Lucro
1030 3670 1385 3726 narrationem
1413 3670 1545 3725 nihil
1566 3669 1739 3727 adhuc
1764 3672 1969 3743 legatur

386 3760 577 3818 fecisse
602 3760 992 3831 Capharnaum.
1024 3760 1177 3828 Quod
1203 3761 1323 3831 quia
1350 3761 1564 3832 longum
1608 3777 1713 3817 non
1764 3772 1877 3829 est,
1915 3772 1969 3819 et

385 3854 695 3911 facillimum
722 3864 805 3911 est
848 3865 901 3911 et
927 3854 1381 3925 pernecessarium
1402 3897 1415 3921 ,
1448 3863 1613 3910 totum
1645 3855 1965 3926 inserimus,

385 3946 527 4001 unde
550 3948 616 4003 ad
642 3946 743 4002 hoc
765 3946 1087 4001 narrandum
1110 3955 1165 4002 et
1191 3947 1457 4017 quomodo
1480 3949 1704 4003 venerit.
1744 3949 1967 4004 Postea-

386 4052 543 4106 quam
570 4038 888 4109 baptizatum
914 4046 969 4091 et
996 4045 1250 4091 tentatum
1280 4037 1559 4092 Dominum
1589 4038 1860 4103 indicavit,
1894 4039 1968 4094 ita

385 4128 626 4197 sequitur
657 4145 671 4182 :
700 4146 717 4178 ι
750 4128 816 4183 Et
842 4135 1205 4181 consummata
1222 4127 1366 4181 omni
1394 4129 1699 4196 tentatione,
1723 4129 1967 4187 diabolus

386 4220 607 4275 recessit
635 4220 701 4273 ab
740 4220 829 4275 illo
871 4234 1038 4289 usque
1075 4218 1142 4271 ad
1191 4226 1417 4287 tempus.
1460 4219 1527 4273 Et
1565 4236 1840 4291 regressus
1883 4230 1967 4277 est

388 4312 544 4367 Jesus
572 4313 624 4366 in
666 4313 859 4367 virtute
888 4310 1114 4381 Spiritus
1141 4309 1195 4364 in
1226 4309 1495 4365 Galilaeam
1528 4328 1540 4365 :
1570 4320 1623 4366 et
1664 4312 1801 4367 fama
1837 4314 1966 4370 exiit

384 4419 481 4474 per
501 4406 802 4459 universam
834 4403 1103 4472 regionem
1130 4402 1195 4456 de
1233 4402 1343 4456 illo.
1394 4402 1459 4456 Et
1498 4403 1611 4473 ipse
1639 4404 1867 4460 docebat
1912 4406 1965 4459 in

383 4498 663 4568 synagogis
693 4511 873 4552 eorum
897 4539 909 4562 ,
932 4504 986 4550 et
1015 4494 1451 4566 magnilicabatur
1491 4496 1557 4551 ab
1603 4498 1869 4552 omnibus.
1897 4497 1966 4552 Et

381 4590 529 4644 venit
567 4588 864 4653 Nazaretli,
914 4587 1002 4642 ubi
1042 4596 1156 4641 erat
1202 4587 1462 4653 nutritus,
1507 4596 1560 4641 ct
1607 4588 1822 4643 intravit
1875 4604 1964 4644 se-

381 4680 615 4737 cundum
651 4678 1091 4735 consuetudinem
1119 4692 1269 4731 suam
1297 4677 1384 4732 die
1409 4678 1615 4733 sabbati
1642 4680 1693 4733 in
1737 4695 1965 4751 synago-

379 4790 523 4845 gam,
553 4782 606 4829 et
625 4772 856 4828 surrexit
883 4771 1080 4840 legere.
1112 4770 1178 4823 Et
1202 4769 1428 4824 traditus
1453 4778 1537 4825 est
1561 4771 1635 4825 illi
1678 4772 1811 4828 liber
1840 4789 1965 4843 pro-

379 4864 556 4933 pheta:
580 4864 747 4921 Isaize.
782 4863 849 4917 Et
875 4870 930 4917 ut
963 4859 1421 4928 revolvitlibrum,
1445 4862 1646 4917 invenit
1673 4864 1845 4918 locum
1874 4866 1962 4921 ubi

379 4958 636 5027 scriptum
666 4965 782 5012 erat
812 4973 826 5011 :
854 4954 1079 5025 Spiritus
1124 4954 1330 5011 Domini
1375 4969 1535 5024 super
1567 4970 1688 5021 me;
1744 4966 1963 5028 propter

380 5050 521 5119 quod
553 5050 705 5103 unxit
728 5065 812 5104 me
838 5094 851 5117 ,
882 5051 1244 5121 evangelizare
1287 5046 1607 5119 pauperibus
1651 5048 1795 5102 misit
1834 5063 1920 5103 me
1941 5089 1958 5116 ,

378 5142 673 5212 praedicare
691 5143 913 5213 captivis
942 5146 1308 5200 remissionem
1330 5185 1344 5209 ,
1374 5150 1429 5197 et
1452 5141 1609 5197 caecis
1627 5141 1827 5207 visum,
1875 5142 1961 5197 di-

378 5232 590 5288 mittere
613 5233 912 5291 confractos
938 5235 991 5291 in
1014 5236 1379 5291 remissionem
1400 5276 1413 5300 ,
1436 5233 1722 5305 praedicare
1765 5250 1962 5290 annum

380 5326 590 5381 Domini
620 5337 898 5397 acceptum
920 5338 973 5384 et
1001 5329 1139 5383 diem
1178 5327 1561 5383 retributionis.
1592 5327 1661 5381 Et
1700 5343 1821 5382 cum
1863 5328 1962 5398 pli-

378 5427 553 5475 casset
580 5419 793 5484 librum,
824 5419 1054 5475 reddidit
1081 5419 1344 5485 ministro,
1375 5426 1428 5474 et
1456 5417 1611 5473 sedit.
1630 5418 1699 5472 Et
1723 5420 1959 5473 omnium

378 5509 436 5564 in
478 5526 743 5582 synagoga
773 5512 911 5567 oculi
946 5520 1098 5567 erant
1127 5509 1462 5565 intendentes
1491 5510 1543 5564 in
1590 5524 1731 5564 eum.
1786 5508 1962 5580 Coepit

378 5610 555 5658 autem
585 5603 765 5658 dicere
801 5604 867 5658 ad
900 5603 1053 5668 illos,
1081 5602 1213 5667 Quia
1258 5601 1416 5656 hodie
1451 5603 1662 5672 impleta
1714 5613 1796 5657 est
1844 5603 1960 5661 hazc

377 5694 639 5763 scriptura
667 5696 719 5749 in
750 5695 966 5749 auribus
998 5693 1209 5747 vestris.
1254 5693 1318 5747 Et
1357 5708 1543 5749 omnes
1594 5694 1959 5753 testimonium

377 5787 457 5843 illi
483 5787 700 5855 dabant,
730 5797 783 5843 et
810 5784 1136 5841 mirabantur
1166 5787 1221 5842 in
1250 5786 1429 5843 verbis
1454 5787 1653 5858 gratiae,
1678 5803 1797 5858 qum
1831 5804 1958 5859 pro-

376 5880 645 5943 cedebant
669 5879 740 5943 de
762 5895 858 5942 ore
882 5880 1079 5958 ipsius,
1100 5880 1446 5980 etdicebant.
1474 5897 1489 5938 :
1537 5880 1725 5943 Nonne
1753 5883 1841 5944 hic
1878 5892 1963 5947 est

1676 435 1879 496 LIBER
1918 408 2292 497 SECUNDUS.

3513 450 3649 510 “‘12

2083 553 2225 611 ﬁlius
2253 555 2488 626 Ioseph?
2524 556 2589 612 Et
2628 558 2701 612 ait
2724 557 2827 614 illis
2849 601 2865 625 ,
2896 557 3089 632 Utique
3132 561 3318 619 dicetis
3349 564 3476 619 mihi
3510 565 3650 623 hanc

2080 646 2477 703 similitudinem
2522 665 2535 701 :
2572 649 2802 717 Medice,
2835 666 2959 706 cura
3002 654 3249 724 teipsum.
3296 655 3495 723 Quanta
3550 674 3650 712 au-

2081 735 2307 793 divimus
2338 739 2471 794 facta
2494 741 2544 795 in
2570 740 2959 812 Capharnaum,
2990 745 3076 802 fac
3096 757 3148 803 et
3175 747 3263 803 hic
3288 750 3338 803 in
3360 750 3527 818 patria
3560 761 3646 805 tua

2080 826 2230 896 (Luc.
2277 847 2348 897 ιν,
2398 832 2609 902 15-25),
2657 844 2710 889 et
2755 846 2967 904 caetera,
3013 838 3183 894 donec
3225 848 3439 910 peragat
3481 849 3651 897 totum

2079 917 2253 987 ipsum
2284 923 2603 978 narrationis
2630 939 2740 980 sua:
2765 926 2956 983 locum.
3006 930 3139 996 Quid
3168 946 3294 1001 ergo
3335 932 3649 1000 evidentius,

2079 1023 2237 1078 quam
2272 1011 2375 1068 hoc
2415 1029 2537 1068 eum
2568 1015 2821 1071 scientem
2872 1034 3269 1090 prmoccnpassc
3308 1024 3652 1090 narrandum,

2082 1115 2203 1156 cum
2234 1105 2413 1175 utique
2440 1107 2547 1176 jam
2579 1124 2764 1180 magna
2795 1111 2861 1165 ab
2887 1112 2976 1165 illo
3021 1113 3071 1166 in
3103 1113 3469 1185 Capliarnaum
3516 1116 3652 1172 facta

2078 1192 2242 1249 fuisse
2271 1206 2323 1249 et
2346 1196 2457 1266 ipse
2488 1201 2731 1267 noverit,
2760 1211 2815 1257 et
2852 1203 2963 1271 ipse
2990 1216 3403 1273 commemoret,
3454 1196 3570 1278 qua:
3597 1226 3654 1266 so

2077 1284 2312 1339 nondum
2340 1302 2583 1344 narrasse
2609 1291 2789 1361 utique
2817 1292 2958 1347 scit?
2986 1293 3166 1364 Neque
3189 1296 3331 1351 enim
3357 1305 3558 1351 tantum
3586 1299 3652 1353 ab

2079 1377 2194 1448 ejus
2215 1379 2476 1449 baptismo
2506 1398 2813 1454 progressus
2843 1394 2924 1440 est
2945 1426 2961 1452 ,
2992 1395 3047 1441 ut
3072 1386 3265 1442 oblitus
3290 1398 3499 1458 putetur
3521 1407 3655 1445 non-

2079 1468 2204 1523 dum
2231 1485 2290 1525 se
2314 1471 2510 1541 aliquid
2536 1488 2983 1531 commemorasse
3011 1476 3079 1532 de
3109 1478 3172 1533 iis
3196 1494 3313 1548 quae
3339 1480 3390 1533 in
3413 1480 3653 1551 Caphar-

2078 1576 2237 1616 naum
2258 1572 2404 1633 gesta
2436 1564 2643 1620 fuerant
2675 1583 2688 1620 :
2718 1568 2875 1623 modo
2906 1569 3047 1624 enim
3113 1570 3273 1642 coepit
3320 1580 3438 1642 post
3480 1573 3654 1644 bapti-

2075 1668 2248 1707 smum
2280 1655 2473 1725 aliquid
2502 1671 2720 1713 narrare
2747 1658 2813 1714 de
2842 1660 3085 1715 Domino.

2075 1740 2301 1798 CAPUT
2342 1743 2519 1799 XLIII.
2550 1776 2623 1785 —
2650 1748 3082 1813 Quemadmodum
3122 1752 3253 1805 inter
3281 1770 3334 1807 se
3360 1756 3657 1809 conveniant

2148 1830 2421 1889 Matthteus
2441 1876 2455 1901 ,
2490 1835 2697 1891 Marcus
2724 1848 2770 1892 et
2795 1837 2960 1894 Lucas
3002 1841 3064 1895 de
3105 1841 3263 1897 verbis
3296 1842 3511 1898 Herodis
3539 1861 3654 1899 cum

2146 1924 2367 1979 audisset
2395 1927 2457 1980 de
2481 1927 2792 1984 mirabilibus
2816 1929 3052 2001 Domini,
3080 1934 3156 1987 vel
3176 1933 3238 1988 de
3260 1934 3369 2004 ipso
3406 1937 3656 1990 narratio—

2147 2015 2295 2069 tionis
2323 2015 2515 2071 ordine.
3610 2040 3613 2041 '

2146 2104 2235 2160 9i.
2268 2107 2518 2177 Sequitur
2541 2107 2818 2189 Matthzeus
2851 2128 2862 2163 :
2895 2109 2961 2165 In
2986 2111 3075 2165 illo
3096 2121 3313 2183 tempore
3336 2115 3527 2168 audivit
3552 2114 3657 2169 He.

2074 2196 2221 2249 rodes
2245 2196 2494 2251 tetrarcha
2520 2196 2711 2267 famam
2736 2198 2769 2251 J
2776 2215 2887 2266 esu,
2916 2209 2961 2253 et
2984 2201 3055 2253 ait
3086 2203 3252 2271 pueris
3276 2203 3380 2256 suis
3407 2219 3426 2257 :
3457 2202 3556 2257 Hic
3585 2213 3658 2257 est

2074 2288 2299 2345 Joannes
2329 2289 2589 2360 Baptista;
2628 2293 2735 2363 ipse
2760 2293 2975 2347 surrexit
3001 2310 3031 2346 a
3060 2295 3268 2348 mortuis
3287 2336 3302 2361 ,
3334 2305 3380 2349 et
3416 2295 3527 2349 ideo
3555 2297 3658 2349 vir-

2076 2388 2203 2435 tutes
2218 2391 2487 2452 operantur
2502 2383 2553 2435 in
2571 2399 2627 2437 eo
2645 2382 2853 2454 (Matth.
2878 2400 2993 2452 XIV,
3010 2385 3061 2450 1,
3075 2385 3153 2455 2).
3174 2385 3379 2441 Marcus
3401 2385 3500 2441 hoc
3520 2386 3658 2447 idem

2074 2480 2129 2529 et
2157 2473 2345 2528 eodem
2385 2474 2545 2528 modo
2584 2474 2744 2542 dicit,
2772 2475 2866 2531 sed
2895 2490 3000 2531 non
3025 2476 3216 2532 eodem
3244 2477 3431 2532 ordine
3466 2475 3657 2551 (Marc.

2072 2580 2147 2631 vr,
2174 2566 2374 2635 14-16).
2397 2566 2526 2621 Nam
2549 2574 2889 2638 posteaquam
2910 2568 3197 2640 discipulos
3221 2570 3474 2625 Dominus
3493 2571 3658 2639 misit,

2074 2656 2258 2712 dicens
2280 2657 2357 2712 eis
2383 2673 2452 2713 ne
2480 2658 2606 2729 quid
2636 2658 2801 2713 invia
2830 2660 3061 2727 ferrent,
3086 2661 3185 2714 nisi
3208 2662 3410 2732 virgam
3432 2670 3659 2731 tantum,

2074 2750 2360 2804 terminato
2387 2765 2452 2805 eo
2476 2766 2752 2818 sermone,
2781 2761 3034 2822 quantum
3062 2753 3128 2807 ab
3155 2754 3247 2808 illo
3275 2770 3658 2811 commemora.

2074 2846 2185 2894 tum
2212 2849 2328 2913 est,
2359 2842 2517 2896 etiam
2549 2841 2650 2897 hoc
2674 2842 2916 2912 subjecit,
2940 2844 3082 2898 nulla
3107 2853 3279 2900 tamen
3310 2845 3445 2901 facta
3473 2856 3658 2904 neces~

2074 2931 2249 2997 sitate,
2278 2946 2380 3003 qua
2412 2931 2512 2987 hoc
2534 2934 2692 2987 etiam
2723 2942 3111 3003 consequenter
3134 2944 3342 3006 gestum
3365 2953 3484 2993 esse
3507 2939 3658 2995 intel-

2076 3023 2237 3093 ligere
2272 3038 2585 3093 cogeremur
2613 3041 2627 3078 :
2660 3024 2796 3078 sicut
2837 3038 2937 3079 nec
2963 3024 3265 3093 Matthzeus;
3310 3026 3377 3081 In
3404 3029 3494 3083 illo
3518 3030 3658 3088 enim

2077 3123 2300 3185 tempore
2340 3115 2506 3181 dixit,
2540 3130 2643 3170 non
2666 3156 2682 3182 ,
2713 3115 2769 3169 In
2797 3115 2890 3169 illo
2916 3115 3032 3181 die,
3060 3117 3144 3172 vel
3188 3118 3316 3174 hora
3346 3136 3359 3172 :
3390 3120 3491 3176 nisi
3518 3123 3658 3192 quod

2073 3208 2280 3265 Marcus
2300 3225 2404 3263 non
2430 3209 2570 3280 quod
2594 3208 2837 3265 Herodes
2862 3210 3084 3277 dixerit,
3115 3211 3238 3280 sed],
3264 3212 3540 3283 Dicebant,
3570 3216 3656 3270 in-

2074 3302 2220 3372 quit,
2260 3304 2379 3372 quia
2410 3303 2634 3357 Joannes
2674 3301 2909 3371 Baptista
2948 3305 3164 3357 surrexit
3188 3322 3220 3358 a
3243 3308 3450 3361 mortuis
3480 3323 3498 3361 :
3529 3308 3658 3362 Mat.

2076 3392 2245 3445 thaeus
2281 3406 2409 3445 vero
2448 3391 2514 3446 de
2550 3392 2666 3462 ipso
2697 3391 2935 3458 Herode,
2966 3392 3081 3458 Ait,
3111 3394 3307 3464 inquit,
3340 3397 3506 3466 pueris
3534 3398 3658 3453 suis.

2073 3482 2244 3537 Lucas
2288 3482 2447 3536 etiam
2487 3498 2609 3536 cum
2653 3482 2902 3537 narrandi
2931 3482 3201 3549 ordinem,
3229 3500 3386 3555 quem
3415 3485 3657 3555 Marcus,

2075 3581 2285 3641 tenens,
2310 3589 2409 3629 nec
2437 3575 2551 3643 ipse
2576 3588 2703 3629 sane
2730 3574 2887 3629 etiam
2920 3590 3096 3629 rerum
3119 3584 3386 3645 gestarum
3408 3578 3656 3633 eumdem

2073 3668 2311 3724 ordinem
2345 3669 2505 3722 fuisse
2530 3667 2675 3722 credi
2696 3683 2911 3737 cogens,
2937 3668 3005 3721 ita
3034 3668 3134 3724 hoc
3164 3668 3304 3723 idem
3333 3684 3657 3725 commemo-

2071 3771 2155 3816 rat
2182 3780 2194 3815 :
2224 3761 2426 3814 Audiuit
2464 3768 2665 3827 autem,
2699 3760 2894 3830 inquit,
2930 3759 3153 3813 Herodes
3192 3761 3440 3814 tetrarclta
3486 3764 3656 3816 omnia
3686 3798 3693 3801 -

2070 3868 2183 3924 quae
2225 3853 2407 3922 ﬁebant
2442 3852 2503 3904 ab
2547 3867 2603 3905 eo
2624 3892 2638 3919 ,
2679 3860 2725 3905 et
2761 3852 3049 3917 haesitabat,
3092 3867 3149 3906 eo
3187 3854 3323 3921 quod
3354 3854 3605 3908 diceretur
3626 3872 3658 3911 a

2071 3947 2369 4018 quibusdam
2393 3948 2509 4013 quia
2545 3944 2768 3999 Joannes
2796 3945 3013 3999 surrexit
3036 3961 3067 3998 a
3093 3947 3301 4000 mortuis
3323 3963 3342 4011 ;
3391 3963 3422 4000 a
3450 3948 3657 4017 quibus-

2073 4038 2187 4091 dam
2218 4054 2358 4103 uero,
2408 4037 2523 4107 quia
2564 4035 2708 4090 Elias
2742 4037 3009 4106 apparuit;
3057 4036 3118 4089 ab
3162 4037 3276 4091 aliis
3318 4047 3514 4104 autem,
3542 4039 3658 4107 quia

2072 4130 2313 4202 prapheta
2343 4145 2474 4183 unus
2519 4128 2582 4181 de
2627 4128 2842 4196 antiquis
2880 4128 3116 4181 surrexit.
3165 4126 3234 4181 Et
3276 4129 3345 4181 ait
3387 4127 3656 4184 Herodes:

2069 4222 2321 4277 Joannem
2347 4238 2436 4294 ego
2463 4222 2740 4284 decollavi;
2782 4221 2893 4287 quis
2931 4229 3003 4274 est
3046 4229 3208 4272 autem
3241 4220 3331 4273 iste
3353 4220 3416 4272 de
3437 4236 3536 4290 quo
3565 4235 3655 4290 ego

2072 4316 2223 4369 audio
2253 4315 2415 4368 talia?
2441 4311 2508 4366 Et
2533 4312 2781 4383 quterebat
2809 4311 2972 4364 videre
2995 4327 3106 4363 eum
3135 4309 3280 4381 (Luc.
3314 4325 3405 4379 Ix,
3437 4309 3565 4381 7-9).
3594 4311 3654 4365 In

2071 4407 2153 4462 liis
2176 4406 2353 4461 verbis
2374 4405 2543 4459 Lucas
2562 4418 2774 4473 quoque
2794 4402 2971 4456 Marco
2992 4410 3291 4469 attestatur,
3314 4401 3379 4457 ad
3401 4402 3501 4457 hoc
3519 4402 3659 4457 dun-

2068 4505 2213 4551 taxat
2255 4495 2393 4566 quod
2437 4494 2525 4548 alii
2573 4493 2837 4557 dixerint,
2884 4507 2990 4547 non
3037 4492 3305 4559 Herodes,
3332 4492 3591 4548 Joannem
3620 4510 3652 4550 a

2068 4590 2293 4644 mortuis
2321 4587 2635 4642 surrexisse.
2683 4586 2788 4642 Sed
2815 4586 2936 4657 quia
2964 4585 3297 4641 haesitantem
3327 4602 3626 4643 commemo

2068 4682 2205 4737 ravit
2226 4679 2513 4749 Herodem,
2536 4678 2804 4748 verbaque
2829 4678 2944 4747 ejus
2970 4677 3040 4732 ita
3072 4686 3251 4748 postea
3274 4679 3451 4750 posuit
3478 4679 3653 4735 dicen-

2070 4776 2135 4831 tis
2154 4818 2169 4844 ,
2199 4774 2451 4829 Joannem
2493 4789 2583 4844 ego
2612 4771 2855 4826 decollavi
2870 4788 2890 4837 ;
2934 4772 3045 4841 quis
3069 4779 3143 4825 est
3166 4781 3334 4826 autem
3356 4772 3447 4827 iste
3472 4773 3533 4826 de
3554 4788 3652 4842 quo

2069 4868 2221 4922 audio
2251 4885 2339 4940 ego
2369 4866 2528 4921 talia?
2569 4845 2968 4936 intelligendum
2996 4872 3077 4920 est
3098 4874 3189 4919 aut
3216 4881 3335 4920 eum
3369 4875 3487 4936 post
3512 4865 3648 4920 hanc

2067 4959 2455 5014 haesitationem
2481 4956 2823 5013 conﬁrmasse
2849 4956 2903 5011 in
2928 4956 3105 5010 animo
3130 4969 3228 5009 suo
3252 4954 3392 5023 quod
3431 4955 3498 5009 ab
3536 4955 3654 5011 aliis

2067 5052 2361 5118 dicebatur,
2391 5066 2514 5107 cum
2538 5052 2611 5105 ait
2637 5050 2816 5121 pueris
2845 5049 2974 5115 suis,
2997 5049 3133 5103 sicut
3152 5047 3430 5101 Matthzeus
3453 5056 3653 5116 narrat,

2071 5144 2134 5199 Et
2159 5145 2228 5198 ait
2259 5145 2425 5215 pueris
2450 5144 2556 5198 suis
2584 5158 2603 5198 :
2638 5140 2736 5195 Hic
2760 5150 2833 5196 est
2857 5140 3082 5195 Joannes
3101 5138 3373 5209 Baptista;
3400 5140 3506 5211 ipse
3540 5157 3655 5194 sur-

2071 5239 2200 5293 rexit
2228 5256 2260 5293 a
2289 5238 2531 5305 mortuis,
2577 5245 2623 5292 et
2660 5236 2771 5290 ideo
2815 5236 3017 5289 virtutes
3061 5244 3333 5305 operantur
3355 5235 3407 5288 in
3432 5251 3488 5288 eo
3522 5251 3539 5288 :
3566 5244 3655 5293 aut

2067 5330 2137 5386 ita
2158 5328 2553 5403 pronuntianda
2573 5336 2697 5382 sunt
2716 5328 2829 5381 haec
2847 5326 3030 5392 verba,
3052 5333 3109 5380 ut.
3130 5320 3459 5381 haesitantem
3480 5325 3654 5389 adhuc

2069 5423 2323 5479 indicent.
2352 5422 2406 5477 Si
2437 5420 2580 5477 enim
2608 5420 2839 5485 diceret,
2871 5416 3259 5487 Numquidnam
3282 5416 3367 5471 hic
3386 5425 3500 5482 est,
3528 5425 3652 5481 aut,

2067 5516 2331 5587 Numquid
2373 5515 2509 5570 forte
2556 5514 2643 5569 hic
2687 5520 2770 5569 est
2815 5511 3047 5568 Joannes
3072 5510 3344 5580 Baptista?
3388 5525 3493 5564 non
3520 5524 3655 5578 opus

2068 5616 2211 5663 esset
2230 5607 2517 5662 admonere
2559 5604 2753 5675 aliquid
2782 5604 2849 5659 dc
2881 5603 3335 5673 pronuntiatione,
3363 5617 3467 5671 qua
3496 5601 3654 5656 dubi-

2071 5708 2186 5754 tans
2214 5708 2370 5769 atque
2398 5698 2652 5753 haesitans
2682 5696 3022 5767 intelligatur.
3052 5694 3203 5749 Nunc
3227 5694 3348 5763 quia
3378 5688 3463 5747 illa
3490 5693 3649 5749 verba

2070 5793 2280 5859 desunt,
2303 5802 2528 5862 utroque
2552 5791 2710 5847 modo
2738 5789 3065 5863 pronuntiari
3094 5795 3300 5859 potest;
3330 5794 3388 5841 ut
3411 5793 3503 5841 aut
3521 5801 3651 5842 con-

2068 5884 2337 5952 ﬁrmatum
2361 5899 2486 5945 eum
2523 5899 2591 5943 ex
2623 5883 2850 5941 aliorum
2875 5881 3052 5941 verbis
3070 5922 3086 5954 ,
3115 5879 3422 5939 credentem
3448 5878 3648 5942 dixisse
