2041 3236
237 189 307 222 “25

235 249 414 289 accipiamus;
437 252 483 283 aut
503 247 603 281 adhuc,
627 246 697 279 sicut
719 246 804 274 Lucas
827 249 1030 279 commemorat,

236 295 402 329 haesitantem
418 304 424 322 :
441 294 588 331 prcesertim
603 292 664 329 quia
678 296 705 326 et
719 292 838 325 MarCus,
851 292 895 327 qui
909 292 1031 328 superius

235 342 356 376 dixerat,
369 341 403 370 ab
416 342 475 373 aliis
489 341 572 371 fuisse
584 340 684 374 dictum
705 340 777 378 quod
797 339 914 371 Joannes
929 347 943 366 a
958 346 1031 372 mor-

236 388 288 418 tuis
309 388 471 424 resurrexit,
494 388 520 419 in
540 391 659 416 extremo
683 390 772 419 tamen
794 386 879 421 ipsum
899 385 1032 421 Herodem

234 433 335 464 dixisse
347 441 400 465 non
413 437 496 466 tacet,
521 433 602 465 Quem
613 440 659 468 ego
671 432 793 466 decolltttti
806 432 948 465 Joannem,
964 432 1004 460 Ιιὶε
1016 440 1032 459 a

236 480 342 513 mortuis
357 478 501 507 resurrexit.
518 478 582 511 Quae
596 478 658 505 item
669 477 750 507 verba
760 477 864 511 duobus
876 477 962 506 modis
973 485 1031 513 pro-

234 526 349 555 nuntiari
372 530 495 560 possunt,
513 529 541 554 ut
558 528 603 552 aut
615 524 814 558 conﬁrmantis,
828 529 872 552 aut
886 523 1032 556 dubitantis

234 571 425 606 intelligantur.
436 570 502 598 Cum
515 574 604 601 autem
616 570 700 598 Lucas
711 574 884 605 posteaquam
895 569 946 597 hoc
958 576 1032 602 corn-

235 618 409 651 memoravit,
425 617 452 645 in
465 617 536 649 aliud
552 621 685 649 transeat;
707 616 759 645 duo
772 616 832 651 isti,
853 616 990 644 Matthmus
1005 620 1033 644 et

234 663 339 696 Marcus
358 671 391 691 ex
414 663 463 693 hac
480 662 621 694 occasione
635 666 745 690 narrant
760 661 982 702 quemadmodum
997 661 1032 689 sit

234 708 268 739 ab
284 707 389 743 Herode
404 707 521 737 Joannes
534 707 648 735 occisus.

233 752 345 790 CAPUT
359 753 451 788 XLIV.
466 769 502 773 —
515 753 554 787 De
563 753 664 784 Joanne
676 753 785 787 incluso,
799 754 837 781 vel
850 753 924 781 etiam
936 753 1029 786 occiso,

388 808 437 835 quo
446 800 534 827 ordine
546 801 576 827 ab
591 800 630 827 his
645 799 723 827 tribus
737 804 868 828 narretur.

271 846 316 877 92.
337 845 463 884 Sequitur
484 853 548 881 ergo
570 845 726 878 Mattbacus,
751 850 779 873 et
801 845 865 880 dicit
886 854 892 872 :
916 845 1031 873 Herodes

235 893 303 927 enim
314 892 393 927 tenuit
404 891 549 925 Joannem,
564 896 586 918 et
599 891 713 927 alligavit
727 899 795 925 eum,
810 897 832 918 et
846 892 927 926 posuit
937 892 963 921 in
974 900 1031 918 car-

233 946 314 973 cerem
331 943 433 974 propter
463 937 651 970 Herodiadem,
667 945 772 964 uxorem
792 937 879 972 fratris
897 937 953 969 sui,
964 941 1028 970 etc.,

236 991 321 1018 usque
339 983 373 1010 ad
391 990 451 1010 eum
467 982 555 1009 locum
569 981 613 1008 ubi
627 982 679 1015 ait,
701 982 734 1008 Et
753 982 897 1009 accedentes
913 982 1031 1017 discipuli

234 1030 291 1065 ejus
300 1051 308 1063 ,
319 1030 428 1063 tulerunt
443 1038 535 1065 corpus
546 1030 566 1063 ‘,
581 1033 604 1057 et
618 1029 768 1064 sepelierunt
780 1028 845 1059 illud
853 1037 862 1062 ;
874 1033 896 1055 et
909 1028 1031 1060 venientes

234 1077 414 1109 nuntiaverunt
425 1075 489 1108 Iesu
501 1075 607 1111 (Matth.
624 1083 669 1103 xtv
679 1095 687 1108 ,
701 1075 791 1109 5-12).
811 1075 914 1103 Marcus
927 1075 978 1103 hoc
993 1076 1031 1105 si-

233 1124 336 1155 militer
348 1129 438 1154 narrat
458 1124 555 1159 (Marc.
570 1131 613 1156 vr,
628 1123 721 1159 17-29)
737 1132 743 1149 :
760 1123 845 1153 Lucas
865 1127 954 1155 autem
977 1130 1031 1152 non

233 1169 329 1201 audent
343 1169 436 1199 ordine
456 1169 482 1198 id
495 1170 660 1202 recordatur,
677 1169 724 1200 sed
742 1170 812 1197 circa
838 1170 922 1204 ipsum
942 1169 1031 1204 bapti-

234 1223 322 1246 unum
333 1223 387 1251 quo
393 1216 520 1246 Dominus
530 1216 677 1251 baptizatus
687 1220 736 1244 est.
748 1215 824 1243 Unde
832 1215 882 1243 hoc
896 1223 1032 1251 prreoecu-

234 1268 312 1297 passe
326 1262 482 1297 intelligitur
494 1266 521 1291 et
533 1263 590 1297 ipse
599 1270 631 1290 ex
646 1262 787 1290 occasione
798 1282 805 1295 ,
822 1266 850 1292 ut
863 1262 898 1290 ibi
910 1267 1032 1294 narraret

231 1307 305 1343 quod
323 1308 407 1339 multo
430 1313 489 1343 post
511 1307 609 1336 factum
629 1312 679 1337 est.
701 1308 768 1335 Cum
783 1308 853 1336 enim
867 1316 1032 1339 commemo-

233 1357 320 1385 rasset
333 1353 443 1384 Joannis
453 1353 533 1383 verba
543 1354 577 1384 de
588 1353 715 1387 Domino,
727 1353 799 1388 quod
812 1354 989 1384 ventilabrum
1004 1354 1031 1381 in

233 1406 315 1431 manu
329 1399 402 1434 ejus,
419 1403 446 1429 et
460 1399 596 1429 mundabit
618 1407 707 1429 aream
727 1406 818 1432 suam,
837 1398 970 1431 frumenta
984 1408 1030 1429 re-

234 1444 331 1476 condat
356 1444 382 1471 in
408 1444 532 1475 horreum
555 1452 651 1478 suum,
675 1444 765 1479 paleas
784 1449 873 1474 autem
892 1445 1032 1476 comburet

233 1489 289 1524 iuni
300 1489 507 1525 inexstinguibili
522 1498 530 1518 τ
545 1490 672 1519 continuo
683 1490 805 1525 subjecit,
816 1491 887 1525 quod
899 1499 951 1519 non
963 1499 1030 1520 con-

234 1534 310 1568 tittuo
322 1535 419 1566 factum
430 1543 489 1565 esse
502 1535 617 1564 Joannes
630 1536 791 1571 evangelista
804 1536 971 1573 apertissime
984 1545 1032 1567 ox—

235 1581 328 1617 ponit,
356 1589 417 1612 cum
446 1586 656 1616 commemorat,
684 1587 857 1618 posteaquam
882 1584 1031 1618 baptizatus

234 1633 306 1660 esset
318 1628 410 1663 Jesus,
425 1629 477 1659 isse
490 1629 565 1658 illum
585 1630 612 1658 in
632 1629 786 1662 Galilaeam.
801 1629 906 1665 quando
921 1630 982 1658 fecit
996 1630 1030 1659 de

233 1681 301 1711 aqua
315 1677 422 1709 viuutn;
445 1681 473 1704 et
493 1676 555 1705 inde
570 1681 630 1711 post
646 1684 789 1711 paucorum
804 1676 908 1705 dierum
930 1677 957 1705 in
977 1678 1029 1705 Ca-

234 1722 384 1758 pharnaum
400 1723 601 1756 habitationem,
614 1723 724 1750 rediisse
737 1723 770 1750 ad
784 1722 902 1751 Judmam
918 1727 1026 1757 terram,

234 1772 263 1796 α
282 1768 318 1796 ibi
337 1769 486 1804 baptizasse
511 1769 609 1796 multos
628 1769 699 1796 circa
711 1769 873 1801 Jordanem,
887 1773 1028 1804 antequam

232 1814 331 1843 missus
346 1819 417 1842 esset
428 1814 545 1842 Jtiannes
561 1814 587 1842 in
599 1821 734 1842 carcerem
751 1814 839 1851 (Joan.
853 1823 887 1848 ιι,
903 1816 928 1848 l,
943 1815 989 1848 19,
1005 1820 1029 1843 et

233 1866 281 1893 ιιι,
295 1859 402 1895 22-24).
413 1860 478 1894 Quis
491 1864 579 1888 autem
594 1866 646 1888 non
662 1864 751 1895 putet,
767 1861 812 1895 qui
824 1861 911 1889 minus
921 1862 930 1877 '
947 1861 972 1888 in
988 1862 1029 1889 his

233 1904 328 1938 litteris
340 1906 459 1934 eruditus
473 1911 531 1940 est,
544 1911 668 1941 tanquam
685 1911 743 1941 post
757 1907 804 1934 illa
818 1906 897 1935 verba
914 1906 948 1934 de
961 1915 1026 1936 ven-

232 1951 330 1983 tilabro
344 1956 371 1979 et
382 1952 416 1980 de
428 1960 488 1980 area
500 1951 625 1981 mundata
634 1972 642 1985 ,
657 1952 783 1980 continuo
793 1952 855 1980 sita
870 1952 972 1980 Joanne
986 1952 1028 1981 of-

231 1996 323 2025 fensus
337 1997 465 2030 Herodes,
477 2002 503 2025 et
517 2004 577 2025 eum
592 1997 619 2025 in
634 2004 768 2025 carcerem
780 1997 900 2025 miserit?
912 1997 970 2026 Non
981 2005 1029 2025 au-

233 2048 288 2072 tem
301 2044 352 2072 hoe
365 2043 458 2073 ordine
473 2044 522 2072 ista
537 2049 643 2072 narrata
665 2052 717 2079 quo
737 2049 810 2079 gesta
832 2048 912 2077 sunt,
926 2049 952 2076 et
966 2046 1028 2080 alibi

231 2090 286 2129 iam
301 2090 485 2126 probavimus,
501 2095 528 2118 et
541 2090 591 2118 hoc
606 2091 663 2125 ipso
677 2091 735 2118 loco
751 2098 803 2120 non
816 2091 926 2126 quilibet
940 2091 1025 2126 alius,

232 2138 280 2166 sed
292 2138 360 2165 idem
372 2138 456 2165 Lucas
470 2138 519 2165 hoc
534 2138 627 2172 probat
641 2137 716 2172 (Luc.
733 2145 776 2170 ιιι,
791 2137 896 2173 15-91).
913 2137 939 2166 Si
956 2138 1027 2167 enim

232 2188 293 2219 post
310 2183 389 2211 verba
403 2184 445 2211 illa
459 2188 584 2211 continuo
596 2183 711 2211 Joannes
731 2183 757 2211 in
779 2191 914 2213 carcerem
929 2184 1027 2212 missus

232 2234 290 2264 ost,
305 2229 439 2265 quomodo
450 2234 508 2265 post
522 2229 605 2264 ipsam
619 2229 900 2259 mnnucmoratimiem
915 2230 1026 2258 Joannis

231 2275 261 2303 in
284 2283 419 2303 carcerem
443 2276 516 2303 missi
539 2276 687 2311 baptizatus
706 2281 747 2304 cst
765 2277 860 2310 Jesus,
881 2278 1027 2307 secundum

233 2321 317 2356 ipsius
336 2321 415 2349 Luca:
436 2322 635 2350 narrationem?
648 2323 762 2351 Proinde
781 2324 948 2353 manifestum
969 2330 1026 2360 est,

234 2375 268 2396 ex
281 2368 419 2396 occasione
433 2368 598 2396 recordatum
615 2377 823 2405 pratoecupasse,
835 2376 861 2398 et
871 2376 932 2399 ante
944 2371 1027 2402 multa

233 2421 294 2450 qua;
317 2414 468 2449 priusquam
489 2413 583 2442 Joanni
607 2415 659 2444 hoc
680 2416 771 2449 item,
788 2421 862 2450 gesta
874 2422 1028 2446 narraturus

233 2465 310 2494 orat,
324 2460 375 2488 hoc
394 2465 606 2496 pmoccupatum
627 2462 652 2488 in
678 2470 725 2489 sua
751 2464 901 2491 narratione
922 2465 1028 2499 praemi-

233 2507 312 2535 sisse.
326 2507 380 2535 Sed
394 2515 444 2535 nec
458 2507 493 2535 illi
507 2507 560 2535 duo
573 2507 711 2536 Matthtnus
724 2513 750 2536 et
759 2508 868 2544 [Marcus
886 2518 918 2537 eo
937 2517 1026 2538 rerum

234 2553 329 2582 ordine
339 2553 372 2582 de
385 2553 485 2584 Joanne
501 2554 526 2581 in
540 2561 673 2581 carcerem
687 2554 768 2582 misso
780 2555 805 2583 in
814 2563 861 2583 sua
876 2556 1027 2584 narratione

235 2603 394 2635 posuerunt,
409 2607 462 2634 quo
476 2599 573 2627 factum
586 2604 696 2635 apparet
710 2600 790 2628 etiam
808 2601 833 2629 in
846 2609 939 2629 eorum
958 2602 1026 2630 scri-

234 2645 306 2680 ptis:
320 2652 381 2672 nam
399 2650 426 2672 et
445 2645 496 2679 ipsi
509 2645 648 2679 dixerunt,
663 2646 759 2674 tradito
771 2646 873 2675 Joanne
885 2647 1024 2678 Dominum

233 2690 288 2719 isse
300 2690 326 2718 in
341 2690 477 2719 Galilaeam
492 2690 597 2728 (Matth.
611 2699 645 2724 ιν,
668 2691 716 2724 12,
737 2696 760 2719 et
781 2692 863 2719 Marc.
879 2700 906 2727 ι,
923 2693 983 2728 id);
1000 2698 1026 2721 et

233 2741 294 2773 post
304 2737 387 2766 multa
400 2746 460 2774 quin
476 2738 538 2766 fecit
549 2736 578 2766 in
590 2738 697 2767 Galilzna
708 2759 715 2772 ,
731 2738 841 2767 veniunt
861 2739 893 2769 ad
914 2739 1025 2772 Herodis

261 2824 518 2862 ξέίὲἓὶνσοῖἳυσῇᾏ
531 2824 612 2862 me“:
624 2824 686 2862 εῖίείν
697 2830 712 2862 ἓ
722 2827 954 2862 Mss-suarm.
977 2858 982 2862 .

263 2858 273 2873 ²
285 2855 351 2887 Βιιὶιὶ
365 2855 412 2889 nisi
420 2855 555 2889 quintium,
579 2860 626 2889 etc.
634 2855 727 2889 abest,
740 2855 796 2889 nisi,
806 2862 820 2881 a
832 2855 884 2883 Mss.
897 2861 924 2883 ut
934 2858 965 2883 sit
976 2858 1023 2883 iste

228 2888 332 2916 census.
346 2887 402 2917 Quis
414 2887 508 2919 autem,
521 2889 540 2913 si
564 2887 643 2912 minus
653 2887 678 2913 in
695 2887 733 2912 bis
744 2887 833 2914 litteris
844 2889 953 2915 eruditus
968 2895 1020 2921 est,

222 2925 279 2959 φη
288 2924 367 2952 piunt.

626 187 669 216 DE
688 184 863 216 CONSENSU
883 185 1211 227 EVANGEIJSTABUM,
1230 185 1259 213 S.
1280 184 1462 215 AUGUSTIN]

1080 243 1289 277 admonitionem
1299 244 1340 272 vel
1350 243 1561 284 hresitationem,
1573 242 1643 282 quod
1656 244 1783 284 Joannes,
1792 253 1875 283 quem

1077 288 1219 318 decollavit
1228 311 1236 324 ,
1249 298 1264 317 a
1277 290 1389 318 mortuis
1403 277 1668 326 resurrexit-[dmum
1685 277 1749 325 xiv,
1798 277 1832 326 ἐ,
1848 297 1874 319 et

1078 334 1161 363 Marc.
1176 345 1202 364 vr
1213 357 1220 369 ,
1239 335 1348 373 14-16);
1362 341 1389 365 et
1399 344 1432 365 cx
1447 337 1497 365 hac
1508 337 1647 371 occasione
1662 342 1771 366 narrant
1783 339 1878 367 omnia

1077 390 1137 417 qua:
1150 382 1183 410 de
1196 382 1298 417 Joanne
1310 383 1477 419 contigerunt
1491 383 1593 419 incluso
1608 388 1634 411 et
1648 384 1748 412 occiso.

1077 427 1189 457 CAPUT
1208 429 1288 457 XLV.
1302 445 1338 450 -—-
1353 429 1392 457 Ad
1413 429 1563 460 miraculum
1583 429 1615 457 de
1638 430 1745 468 quinque
1765 430 1875 466 panibus

1106 483 1155 511 quo
1167 475 1254 503 ordine
1263 475 1294 507 ab
1304 475 1428 510 omnibus,
1440 480 1462 503 et
1472 476 1681 512 quemadmodum
1691 481 1791 504 centum
1802 477 1844 505 sit.

1112 521 1156 549 95.
1176 521 1301 558 Sequitur
1315 529 1378 558 ergo
1391 522 1547 556 Matthmus,
1561 530 1621 550 cum
1634 522 1745 550 dixisset
1764 523 1874 550 nuntia-

1077 572 1133 596 tum
1144 576 1203 596 esse
1216 568 1322 604 Cliristo
1333 568 1404 604 quod
1416 568 1532 601 Joannes
1545 569 1649 597 occisus
1659 569 1703 604 sit,
1719 574 1744 597 et
1761 570 1796 596 ita
1812 577 1875 596 nar-
1906 564 1910 567 ’

1077 613 1207 642 rationem
1221 615 1339 646 contexit
1354 623 1360 641 :
1378 615 1453 647 Quod
1465 623 1522 643 cum
1535 615 1662 649 audisset,
1677 615 1771 651 inquit,
1783 615 1872 648 Iesus,

1076 661 1174 687 secessit
1186 660 1245 687 inde
1258 661 1284 694 in
1298 661 1415 688 navicula
1428 662 1454 688 in
1468 661 1550 689 locum
1564 661 1688 695 desertum
1701 670 1822 689 seorsum.
1841 661 1875 688 Et

1076 713 1134 736 cum
1148 706 1275 733 audissent
1290 707 1382 740 turba,
1400 712 1491 735 secuta?
1501 712 1559 740 sunt
1572 715 1628 736 eum
1643 707 1770 743 pedestres
1785 708 1816 743 ιιι
1834 709 1873 735 ci-

1076 751 1202 780 vitatibus.
1227 751 1262 781 Et
1285 753 1370 781 exiens
1389 753 1450 786 vidit
1474 753 1573 780 turbam
1586 754 1706 787 multam,
1723 753 1875 788 antistes-tus

1076 803 1112 825 est
1125 798 1170 832 eis,
1183 803 1206 825 et
1216 799 1310 825 curavit
1322 798 1456 835 languidos
1470 808 1555 826 eorum
1574 799 1678 835 (Matth.
1692 807 1746 833 xtv,
1760 799 1803 832 15,
1816 799 1873 833 id).

1076 845 1134 879 Hoc
1154 845 1280 875 continuo
1301 850 1362 880 post
1383 845 1491 873 Joannis
1519 846 1668 879 passionem
1694 845 1794 872 factum
1813 852 1873 873 esse

1075 896 1276 923 commemorat.
1299 891 1375 919 Unde
1398 895 1458 927 post
1482 891 1551 923 haec,
1578 891 1644 918 facta
1664 895 1725 918 sunt
1747 891 1792 918 illa
1812 899 1871 926 qum

1076 937 1163 972 primo
1184 941 1289 971 narrata
1311 942 1389 970 sunt,
1414 937 1510 972 quibus
1534 942 1621 964 motus
1648 937 1764 964 llerodcs
1787 937 1872 969 dixit,

1075 982 1201 1014 Joannem
1223 992 1267 1019 ego
1291 983 1423 1011 decollari.
1450 982 1496 1010 Illa
1519 984 1589 1010 enim
1611 983 1759 1019 posteriora
1772 983 1873 1011 debent

1075 1029 1206 1065 intelligi,
1222 1037 1281 1065 qua":
1293 1029 1326 1057 ad
1339 1029 1472 1058 Herodem
1489 1029 1597 1064 pertulit
1611 1029 1689 1061 initia,
1707 1034 1734 1055 ut
1748 1036 1874 1055 movere-

1077 1079 1128 1109 tur,
1143 1079 1170 1102 et
1183 1075 1317 1104 haesitaret
1339 1076 1461 1111 quisnam
1477 1075 1526 1102 iste
1555 1083 1614 1102 esse
1637 1079 1745 1110 posset,
1770 1075 1803 1101 de
1818 1082 1872 1110 quo

1075 1122 1177 1155 audiret
1194 1122 1270 1156 talia,
1285 1130 1346 1153 cum
1367 1122 1495 1156 Joannem
1517 1122 1572 1156 ipse
1593 1122 1743 1149 occidisset.
1769 1121 1873 1148 Marcus

1075 1174 1165 1199 autem
1180 1175 1353 1206 posteaquam
1367 1170 1517 1206 passionem
1532 1168 1640 1196 Joannis
1655 1167 1781 1201 narravit,
1797 1175 1873 1195 com-

1075 1220 1206 1249 memorat
1218 1215 1362 1250 discipulos
1377 1215 1473 1247 missos
1488 1215 1600 1241 rediisse
1614 1214 1646 1240 ad
1662 1214 1752 1241 Jesum
1762 1234 1769 1246 ,
1788 1218 1813 1240 et
1826 1221 1872 1240 re-

1075 1262 1212 1295 nuntiasse
1232 1261 1270 1291 illi
1292 1262 1381 1289 omnia
1401 1270 1460 1297 qua:
1481 1265 1590 1296 egerant
1613 1265 1639 1289 ct
1664 1260 1825 1294 docuerant;
1846 1264 1874 1287 et

1075 1308 1216 1343 Dominum
1230 1308 1269 1336 eis
1291 1308 1371 1344 (quod
1388 1308 1444 1343 ipse
1459 1308 1532 1340 solus
1545 1306 1748 1341 commemorat)
1769 1305 1871 1333 dixisse

1076 1358 1105 1388 ut
1119 1354 1317 1390 requiescerent
1341 1353 1466 1389 pusillum
1489 1354 1516 1380 in
1540 1353 1661 1385 deserto,
1677 1357 1703 1380 et
1717 1351 1874 1380 ascendisse

1075 1407 1136 1428 cum
1158 1400 1196 1427 eis
1219 1400 1244 1427 in
1270 1407 1380 1432 navem,
1396 1404 1423 1426 et
1438 1399 1491 1426 isse
1508 1407 1513 1424 :
1532 1402 1558 1425 et
1574 1398 1664 1425 tut-bas
1685 1397 1736 1429 hoc
1752 1396 1873 1424 videntes

1077 1445 1239 1480 prmvenisse
1258 1453 1304 1472 eos
1326 1445 1405 1478 illuc;
1431 1452 1544 1480 quarum
1568 1444 1705 1477 misertum
1728 1443 1872 1477 Dominum

1075 1491 1199 1520 docuisse
1210 1492 1307 1525 multa;
1323 1495 1349 1518 et
1365 1491 1428 1521 liora
1439 1491 1494 1526 jam
1507 1491 1693 1526 progrediente
1703 1488 1802 1522 iactum
1811 1496 1873 1522 esse

1075 1541 1105 1572 ut
1118 1537 1151 1565 de
1163 1538 1280 1573 quinque
1302 1538 1414 1573 panibus
1427 1541 1453 1565 ct
1465 1537 1567 1565 duobus
1589 1537 1704 1572 piscibus
1718 1543 1812 1572 omnes
1826 1535 1871 1571 qui

1075 1583 1187 1612 aderant
1198 1588 1367 1618 pascerentur
1380 1582 1475 1618 (Marc.
1492 1591 1533 1616 vi,
1549 1583 1649 1616 50-44).
1664 1582 1739 1617 Quod
1753 1582 1871 1612 miracu-

1073 1628 1129 1659 lum
1142 1636 1236 1663 omnes
1254 1634 1366 1664 quatuor
1384 1628 1560 1664 Evangelistzn
1580 1632 1870 1657 commemoraverunt.

1074 1675 1159 1704 Lucas
1172 1676 1251 1709 etiam
1263 1675 1306 1711 qui
1318 1676 1372 1710 jam
1386 1676 1463 1711 longe
1477 1683 1555 1711 supra
1570 1675 1603 1702 de
1616 1675 1727 1703 Joannis
1746 1674 1872 1713 passione

1073 1726 1229 1755 narraverat
1244 1722 1319 1758 (Luc.
1335 1730 1380 1755 ιιι,
1393 1721 1439 1758 20)
1451 1742 1459 1755 ,
1473 1729 1505 1750 ex
1516 1722 1655 1749 occasione
1669 1729 1720 1757 qua
1739 1721 1870 1757 diximus,

1074 1778 1145 1802 nunc
1161 1775 1333 1806 posteaquam
1346 1770 1565 1803 commemoravit
1578 1770 1648 1797 illam
1663 1769 1776 1797 Herodis
1789 1768 1872 1805 haesi-

1074 1816 1201 1847 tationem
1214 1816 1248 1848 de
1261 1816 1373 1850 Domino
1387 1816 1509 1851 quisnam
1524 1820 1605 1850 esset,
1617 1815 1667 1843 hoe
1677 1815 1802 1847 continuo
1812 1814 1874 1849 sub-

1071 1861 1158 1897 jungit
1170 1862 1240 1897 quod
1255 1861 1375 1895 “arcus,
1392 1861 1419 1889 id
1429 1866 1485 1895 est.
1500 1861 1613 1892 rediisse
1622 1861 1656 1891 ad
1669 1861 1744 1888 illum
1757 1861 1875 1897 Aposto-

1073 1906 1113 1939 los
1124 1928 1132 1941 ,
1148 1911 1175 1937 et
1189 1915 1312 1939 narrasse
1327 1907 1363 1941 illi
1376 1915 1551 1942 quaecumque
1572 1908 1691 1940 fecerant
1701 1928 1709 1943 ,
1723 1911 1751 1940 et
1764 1914 1872 1942 assum-

1073 1954 1125 1990 ptis
1134 1954 1174 1982 eis
1188 1954 1331 1981 secessisse
1345 1953 1371 1985 in
1385 1953 1473 1986 locum
1486 1952 1642 1989 desertum,
1656 1958 1736 1989 atque
1748 1960 1781 1987 eo
1793 1960 1873 1984 secu-

1073 2004 1114 2030 tas
1133 1999 1238 2031 turbas,
1252 2003 1278 2027 et
1293 1999 1409 2027 locutum
1423 2006 1483 2027 esse
1496 1998 1531 2033 de
1548 2006 1630 2034 regno
1644 1999 1706 2033 Dei,
1722 2004 1749 2027 et
1763 2006 1810 2027 eos
1823 1998 1871 2034 qui

1072 2053 1136 2075 cura
1150 2046 1303 2081 indigebant
1324 2053 1434 2076 sanasse
1449 2054 1455 2072 :
1471 2050 1551 2080 atque
1565 2045 1627 2079 inde
1642 2045 1721 2080 etiam
1734 2046 1791 2082 ipse
1802 2046 1810 2060 ¹
1824 2043 1871 2077 die

1072 2093 1223 2123 declinante
1242 2096 1435 2120 commemorat
1447 2092 1604 2121 miraculum
1616 2092 1650 2125 de
1662 2092 1778 2128 quinque
1793 2091 1871 2127 pani-

1072 2139 1122 2169 bus
1137 2139 1235 2167 factum
1247 2137 1301 2175 (1d.
1317 2146 1361 2171 tx,
1378 2137 1486 2173 lO-i'l).

1107 2185 1151 2213 94.
1172 2184 1207 2212 At
1226 2191 1288 2212 vero
1311 2184 1441 2216 Joannes,
1465 2183 1510 2218 qui
1532 2184 1643 2211 multum
1666 2184 1699 2211 ab
1714 2184 1754 2212 eis
1778 2185 1866 2218 tribus

1072 2230 1252 2265 Evangelistis
1264 2237 1297 2257 eo
1309 2229 1400 2263 distat,
1416 2229 1476 2264 quia
1490 2229 1574 2264 magis
1586 2230 1611 2257 in
1622 2230 1791 2262 sermonibus
1800 2237 1870 2266 quos

1071 2277 1200 2305 Dominus
1216 2276 1307 2306 habuit
1320 2267 1485 2309 immoratur,
1498 2284 1577 2311 quam
1599 2276 1625 2303 in
1647 2275 1722 2305 iactis
1742 2284 1802 2312 quae
1817 2277 1870 2307 mi-

1070 2323 1189 2351 rabiliter
1197 2322 1269 2356 fecit,
1280 2327 1454 2358 posteaquam
1469 2322 1689 2350 commemoravit
1698 2330 1760 2350 eum
1775 2322 1868 2355 relicta

1069 2369 1161 2400 Judaea
1180 2370 1277 2399 abiisse
1291 2369 1385 2398 iterum
1403 2369 1429 2399 in
1440 2368 1593 2402 Galilatam,
1609 2369 1679 2404 quod
1692 2374 1755 2397 tunc
1767 2369 1869 2403 intelli-

1069 2416 1141 2452 gitur
1165 2416 1280 2450 factum,
1296 2423 1356 2444 eum
1376 2420 1403 2443 et
1423 2415 1468 2443 alii
1491 2415 1667 2451 Evangelistat
1690 2415 1782 2449 dicunt
1804 2423 1868 2448 eum

1069 2462 1171 2497 Joanne
1184 2463 1281 2490 tradito
1292 2462 1344 2493 isse
1360 2462 1386 2491 in
1399 2461 1536 2492 Galilzcam
1548 2469 1555 2494 ;
1577 2467 1749 2498 posteaquam
1763 2469 1827 2497 ergo
1840 2461 1867 2489 id

1070 2509 1290 2538 commemoravit
1312 2508 1446 2542 Joannes,
1461 2508 1488 2537 in
1504 2508 1617 2536 transitu
1630 2508 1688 2543 ejus
1709 2516 1757 2544 per
1774 2507 1868 2542 Sattia-

1069 2557 1137 2585 riam
1146 2556 1228 2584 multa
1236 2563 1294 2590 qua:
1305 2555 1409 2584 locutus
1417 2559 1458 2582 est
1468 2562 1500 2581 ex
1515 2554 1655 2582 omasione
1668 2553 1738 2584 illius
1747 2553 1867 2588 Samari-

1071 2606 1140 2630 tana:
1147 2609 1225 2636 quam
1236 2600 1334 2627 invenit
1342 2599 1374 2627 ad
1382 2604 1500 2635 puteum,
1510 2599 1627 2627 contexit
1636 2599 1780 2633 narrationi
1790 2607 1846 2634 suae
1858 2607 1866 2625 τ

1069 2652 1098 2676 et
1117 2651 1177 2682 post
1196 2646 1262 2674 dttos
1274 2646 1331 2675 dies
1344 2645 1410 2675 dicit
1424 2653 1485 2677 eum
1501 2645 1564 2673 inde
1579 2646 1661 2674 exiise
1675 2646 1702 2681 ip
1715 2645 1863 2679 Galilaeam,

1068 2693 1167 2722 deinde
1189 2692 1295 2723 Venisse
1308 2693 1333 2720 in
1347 2692 1420 2720 Cana
1432 2692 1561 2723 Galilann,
1578 2692 1622 2720 ubi
1638 2691 1737 2726 iecerat
1749 2691 1783 2719 de
1795 2698 1865 2728 aqua

1068 2741 1174 2774 vinum,
1198 2744 1225 2767 et
1244 2747 1352 2768 sanasse
1373 2739 1454 2768 (ilium
1467 2739 1551 2774 reguli
1562 2738 1700 2774 cujusdam
1715 2736 1805 2773 (Im.
1821 2745 1863 2773 tv,

1068 2788 1095 2821 δ,
1104 2787 1132 2821 5,
1140 2786 1244 2823 45-54).
1261 2787 1317 2814 Alia
1329 2793 1407 2819 vero,
1422 2793 1480 2821 qute
1494 2786 1568 2813 illum
1591 2785 1617 2816 in
1632 2785 1741 2817 Galilei!
1767 2784 1864 2817 fecisse

1067 2837 1149 2870 atque
1160 2833 1259 2860 dixisse
1276 2832 1320 2860 alii
1334 2830 1596 2863 dixerunt,Joannes
1611 2835 1699 2859 tacet:
1715 2829 1762 2859 sed
1777 2837 1860 2865 sane,

1102 2922 1111 2939 ⁸
1121 2925 1158 2949 Er.
1172 2925 1198 2947 et
1207 2924 1262 2954 unt.
1275 2919 1365 2955 ferunt,
1377 2925 1429 2953 ινφ
1439 2920 1489 2956 αρε.
1520 2922 1550 2951 It.
