4082 6476
290 647 741 719 Jcrcsolymis,et
763 645 958 705 iecisse
983 643 1053 699 ibi
1072 640 1385 703 miraculum
1411 638 1540 696 illud
1566 638 1633 696 de
1660 638 1875 695 homine

290 747 383 816 qui
414 743 625 814 triginta
654 750 777 803 octo
792 756 961 804 annos
985 737 1212 801 habebat
1235 736 1290 795 in
1311 735 1637 800 inﬁrmitate,
1658 749 1758 791 nec
1781 732 1881 789 ha-

291 838 456 895 bebat
494 835 765 900 hominem
803 848 836 893 a
868 848 975 903 quo
1010 832 1063 891 in
1104 829 1363 901 piscinam
1403 827 1779 898 deponeretur,
1820 825 1874 880 in

291 945 398 1001 qua
427 928 587 990 variis
613 924 1004 987 valetudinibus
1023 922 1201 983 allecti
1229 920 1581 986 sanabuntur;
1614 928 1669 975 et
1689 933 1754 975 ex
1777 917 1879 976 hac

291 1021 575 1081 occasione
615 1019 775 1077 multa
817 1033 940 1077 cum
983 1017 1219 1073 locutum
1262 1012 1429 1071 fuisse
1470 1019 1872 1069 commemorat.

291 1113 424 1174 Post
451 1114 565 1169 haec
590 1128 715 1171 eum
742 1111 868 1170 dicit
891 1109 1085 1165 abiisse
1113 1116 1258 1163 trans
1286 1121 1434 1162 mare
1463 1104 1713 1168 Galbae-.12,
1736 1102 1877 1173 quod

291 1217 377 1264 est
406 1204 703 1262 Tiberiadis
723 1243 737 1270 ,
766 1210 821 1258 et
864 1208 1101 1259 secutam
1145 1196 1541 1254 multitudinem
1583 1210 1829 1265 magnam
1858 1210 1873 1248 :

293 1297 488 1359 deinde
515 1296 711 1355 abiisse
730 1295 784 1352 in
808 1302 1067 1359 montem,
1095 1299 1151 1349 et
1176 1290 1251 1348 ibi
1271 1289 1474 1347 sedisse
1497 1302 1620 1347 cum
1647 1286 1879 1358 discipu-

295 1387 365 1447 lis
391 1389 532 1454 suis,
569 1387 815 1457 proximo
848 1384 1055 1442 Pascha
1096 1383 1183 1439 die
1224 1380 1363 1438 festo
1397 1380 1738 1437 Judzeorum:
1770 1390 1877 1436 tum

296 1478 487 1539 levatis
501 1479 670 1549 oculis
692 1487 746 1534 et
765 1478 879 1535 visa
896 1474 1235 1532 multitudine
1256 1474 1512 1539 maxima,
1533 1472 1743 1542 pavisse
1762 1488 1880 1528 eam

293 1568 366 1631 dc
390 1571 625 1640 quinque
661 1567 888 1639 panibus
927 1576 980 1625 et
1017 1566 1224 1624 duobus
1260 1564 1492 1636 piscibus
1520 1562 1694 1635 (loca.
1726 1577 1877 1627 v-vr,

297 1665 422 1737 £3);
449 1664 591 1736 quod
618 1671 673 1721 et
700 1662 879 1722 οπωτί
918 1660 1269 1731 Evangelistm
1295 1659 1495 1715 dicunt.
1529 1656 1607 1712 Ac
1636 1671 1729 1726 per
1758 1655 1880 1721 hoc,

298 1756 704 1827 praetermisisse
755 1754 905 1810 illum
937 1768 1036 1825 per
1062 1767 1181 1823 qua:
1208 1750 1285 1805 illi
1321 1748 1587 1805 narrando
1619 1747 1685 1803 ad
1729 1747 1882 1817 huius

296 1847 542 1911 miraculi
569 1844 1136 1905 commemorationem
1172 1849 1463 1905 venerunt,
1496 1849 1700 1896 certum
1753 1846 1833 1894 est
1866 1855 1880 1892 :

298 1950 665 2001 Verumtamen
717 1946 967 2007 tanquam
1003 1951 1065 1991 ex
1109 1934 1212 1991 alia
1254 1932 1574 1991 narrationis
1618 1932 1729 1995 via,
1761 1946 1883 1987 cum

300 2041 357 2091 αι
402 2033 478 2088 illi
519 2032 806 2089 tacuissent
851 2044 969 2100 quae
1014 2030 1113 2085 iste
1138 2028 1391 2093 dixisset,
1420 2025 1486 2082 ad
1516 2026 1616 2080 hoc
1659 2024 1887 2080 miracu-

303 2122 417 2183 lum
451 2123 519 2180 de
540 2123 776 2193 quinque
806 2120 1030 2192 panibus
1068 2126 1417 2175 occurrerunt
1454 2116 1555 2172 sibi
1577 2125 1631 2171 et
1656 2116 1731 2170 illi
1777 2124 1886 2170 tres

294 2216 391 2287 qui
430 2230 564 2285 pene
606 2215 804 2283 pariter
831 2212 1201 2278 ambulabant,
1238 2219 1292 2266 et
1321 2208 1421 2264 iste
1445 2207 1536 2278 qui
1581 2221 1886 2262 sermonum

303 2302 513 2369 {taurini
558 2305 665 2363 alta
711 2314 1025 2361 consectans
1049 2344 1063 2369 ,
1117 2318 1210 2373 per
1238 2302 1339 2357 alia
1365 2316 1483 2370 quae
1508 2299 1582 2354 illi
1613 2305 1888 2355 tacuerunt

294 2395 697 2459 drcumvclavit
754 2394 1146 2466 quodammodo
1179 2434 1197 2462 ,
1241 2402 1295 2449 et
1339 2392 1417 2448 eis
1456 2391 1523 2446 ad
1577 2389 1886 2445 miraculum

300 2489 370 2551 de
407 2490 637 2561 quinque
683 2490 904 2560 panibus
944 2487 1140 2558 pariter
1181 2482 1749 2549 commemorandum,
1784 2495 1886 2535 non

300 2586 472 2648 multo
521 2596 639 2656 post
661 2584 729 2641 ab
756 2584 836 2642 eis
875 2598 1059 2639 rursus
1100 2582 1155 2636 in
1192 2580 1381 2637 altiora
1411 2578 1759 2649 .revolaturus
1800 2588 1891 2629 oc-

300 2679 487 2739 currit.

303 2768 528 2831 CAPUT
574 2767 755 2827 XLVI.
776 2797 845 2813 —-.
863 2766 931 2823 In
949 2767 1060 2837 ipso
1084 2766 1147 2820 de
1172 2763 1391 2836 quinque
1416 2762 1628 2832 partibus
1648 2760 1891 2817 miraculo

376 2862 794 2933 quenadmodum
818 2863 950 2916 inter
975 2876 1028 2914 sc
1053 2875 1223 2915 ontnes
1253 2864 1468 2927 quatuor
1505 2856 1821 2913 conveniant.

378 2956 468 3015 95.
509 2955 758 3025 Sequitur
784 2969 910 3025 ergo
934 2952 1211 3009 Matth-ams
1232 2993 1245 3015 ,
1272 2960 1325 3007 et
1349 2950 1415 3005 ad
1442 2951 1612 3021 ipsum
1642 2949 1708 3004 dc
1740 2948 1894 3018 quin-

296 3058 413 3116 que
438 3046 658 3116 panibus
699 3046 894 3105 factum
933 3044 1293 3103 narrationem
1325 3058 1475 3100 suam
1501 3056 1567 3097 ex
1593 3041 1782 3099 ordine
1820 3042 1892 3097 ita

298 3135 552 3209 «perducit
577 3153 591 3192 :
629 3134 842 3209 Vespere
861 3144 1027 3193 autem
1056 3136 1190 3206 facto
1217 3142 1533 3193 accesserunt
1573 3134 1639 3187 ad
1674 3149 1787 3186 eum
1811 3130 1894 3185 di-

296 3232 493 3303 ωίρυιί
536 3232 647 3302 ejus
694 3227 1210 3288 dicentestliesarlus
1247 3236 1319 3286 est
1349 3227 1518 3293 locus,
1548 3235 1594 3280 et
1624 3226 1750 3278 hora
1784 3224 1896 3293 jam

304 3325 585 3398 preteriit;
628 3323 821 3379 dimitto
872 3320 1075 3385 turbas,
1102 3328 1156 3374 ut
1180 3329 1350 3374 euntes
1386 3319 1439 3372 in
1485 3314 1693 3372 castella
1730 3323 1897 3370 emant

306 3418 406 3475 sibi
440 3432 598 3478 escas.
622 3415 771 3471 Iesus
812 3422 975 3470 autem
1018 3412 1146 3468 dixit
1186 3412 1257 3466 eis
1279 3427 1298 3465 :
1321 3409 1442 3465 Non
1483 3410 1662 3464 habent
1698 3424 1899 3464 necesse

297 3507 421 3574 ire;
448 3509 563 3565 data
587 3507 690 3563 illis
719 3522 806 3563 vos
842 3504 1178 3570 manducare,
1211 3511 1344 3569 cte.,
1368 3516 1539 3571 usque
1560 3500 1629 3556 ad
1655 3498 1783 3559 illud
1807 3498 1897 3557 ubi

300 3602 414 3665 sit,
444 3599 862 3659 Mouducatttium
888 3606 1057 3654 autem
1086 3596 1180 3666 fuit
1215 3611 1455 3653 numerus
1494 3594 1710 3665 quinque
1737 3593 1899 3647 millia

302 3690 562 3758 uirorum,
594 3690 811 3760 acceptis
852 3687 1142 3746 mlieribus
1184 3696 1230 3741 et
1271 3686 1495 3757 parvulis
1525 3684 1747 3756 (Matth.
1787 3700 1896 3752 xiv,

306 3781 530 3851 15—21).
574 3780 685 3841 Hoc
732 3794 859 3850 ergo
902 3778 1215 3836 miraculum
1260 3777 1402 3847 quod
1445 3791 1632 3833 omnes
1674 3785 1901 3847 quatuor

304 3870 660 3941 'Evanaclisuc
685 3878 1105 3931 commemorent
1133 3866 1324 3937 (Marc.
1353 3883 1403 3924 vr
1423 3908 1437 3933 ,
1466 3868 1636 3924 iit-tl
1657 3908 1673 3934 ,
1701 3876 1746 3921 et
1770 3865 1897 3921 Luc.

311 3961 636 4037 [mu-17),
663 3972 716 4019 et
762 3971 1011 4032 putantur
1054 3961 1193 4019 inter
1240 3974 1300 4014 se
1346 3958 1544 4028 aliquid
1573 3958 1896 4028 discrepare,

304 4054 758 4118 considerandum
783 4066 943 4124 atque
963 4052 1297 4109 tractandum
1319 4059 1421 4119 est,
1452 4059 1509 4107 ut
1526 4066 1590 4106 ex
1620 4050 1721 4106 hoc
1741 4051 1901 4106 etiam

306 4148 386 4209 ad
407 4156 599 4218 crater;
626 4147 820 4203 similia
854 4146 1061 4217 regula:
1099 4145 1427 4205 locutionum
1461 4143 1753 4206 discantur,
1783 4144 1900 4213 qui-

304 4240 418 4299 ‘hus
443 4251 550 4299 tam
574 4238 801 4297 diversis
826 4238 1013 4296 eadem
1046 4246 1221 4294 tunen
1248 4237 1512 4293 sententia
1542 4238 1817 4304 retinetur,
1848 4245 1902 4292 et

316 4330 503 4389 eadem
534 4346 713 4389 rerum
738 4331 937 4391 veritas
979 4329 1293 4387 custoditur.
1344 4330 1413 4385 Et
1455 4330 1748 4385 inchoanda
1786 4329 1903 4401 qui-

302 4423 442 4483 dem
473 4433 555 4481 est
572 4423 947 4488 consideratio,
976 4438 1083 4478 non
1111 4437 1141 4476 ι
1165 4421 1413 4477 Μίιιιιιωο
1432 4421 1728 4477 secundum
1759 4420 1902 4475 ordi-

308 4531 444 4577 ﬂem
471 4516 924 4587 Evurgelistarum
948 4556 965 4583 ,
992 4514 1086 4570 sed
1106 4530 1138 4569 a
1158 4514 1363 4570 Joanne
1391 4514 1593 4584 potius,
1627 4530 1655 4568 a
1686 4530 1790 4584 quo
1832 4514 1901 4568 ita

315 4623 569 4679 expressa
598 4619 678 4664 est
707 4609 804 4664 ista
842 4610 1103 4676 narratio,
1131 4617 1189 4664 ut
1230 4610 1391 4664 etiam
1426 4609 1637 4665 nomina
1665 4608 1900 4679 discipu-

310 4700 497 4761 lorum
521 4700 740 4767 diceret,
769 4715 887 4756 cum
914 4702 1106 4771 quibus
1136 4701 1204 4756 de
1228 4702 1329 4756 hac
1350 4716 1412 4756 re
1442 4702 1649 4756 locutus
1677 4709 1759 4755 est
1788 4700 1900 4756 Do-

308 4791 517 4851 minus.
566 4791 638 4849 Ita
683 4791 825 4849 enim
867 4792 995 4848 dicit
1018 4809 1031 4845 :
1056 4791 1181 4846 Cum
1230 4792 1532 4847 sublevasset
1572 4808 1690 4864 ergo
1733 4792 1903 4849 oculos

306 4883 492 4953 Jecur,
522 4895 567 4943 et
594 4887 794 4941 vidisset
823 4886 940 4956 quia
969 4884 1234 4940 multitudo
1262 4886 1485 4939 maxima
1504 4886 1636 4940 venit
1664 4885 1732 4938 ad
1756 4901 1867 4941 eum
1886 4926 1899 4951 ι

314 4980 442 5036 dicit
466 4980 533 5037 sd
553 4978 855 5051 Philippum
878 4995 895 5033 :
921 4978 1067 5034 Unde
1092 4995 1312 5034 amemus
1344 4994 1496 5049 panes
1524 4988 1578 5032 ut
1604 4979 1907 5033 manducent

319 5073 415 5131 hi?
440 5072 553 5130 Hoc
582 5082 746 5128 autem
779 5073 971 5127 dicebat
995 5081 1189 5127 tentatas
1230 5089 1381 5138 eum;
1406 5072 1513 5143 ipse
1556 5072 1687 5126 enim
1724 5071 1906 5126 sciebat

314 5167 444 5238 quid
480 5177 606 5224 esset
647 5171 890 5239 facturn.
922 5166 1201 5237 Respondit
1230 5167 1274 5220 ei
1305 5166 1575 5237 Philippus
1601 5182 1619 5221 :
1646 5165 1906 5219 Ducento-

316 5276 438 5315 σωκ
460 5261 781 5317 denariorum
808 5277 962 5332 partes
988 5278 1086 5316 non
1114 5260 1361 5331 sufﬁciunt
1384 5260 1472 5323 eis,
1496 5269 1550 5313 ut
1570 5258 1909 5328 unusquisque

314 5354 579 5411 modicum
599 5355 720 5425 quid
744 5354 981 5424 accipiat.
1013 5353 1147 5406 Dicit
1174 5354 1218 5406 ei
1244 5369 1372 5406 unus
1398 5368 1459 5405 ex
1488 5352 1747 5421 discipulis
1774 5350 1904 5421 ejus,

321 5444 553 5504 Andreas
572 5450 727 5518 frater
759 5446 985 5501 Simonis
1016 5445 1156 5499 Petri
1179 5462 1197 5499 :
1228 5444 1321 5498 Est
1350 5460 1475 5515 puer
1513 5459 1641 5497 unus
1683 5443 1764 5496 hic
1785 5483 1800 5509 ,
1823 5442 1910 5511 qui

320 5538 470 5594 labet
493 5540 713 5610 quinque
740 5556 895 5610 panes
922 5539 1221 5593 hordeaceos
1247 5548 1292 5593 et
1318 5538 1443 5592 duos
1467 5539 1661 5608 pisces;
1690 5535 1778 5591 sed
1803 5536 1910 5592 haec

322 5631 445 5704 quid
465 5641 581 5685 sunt
600 5632 729 5685 inter
749 5641 913 5685 tantos
932 5633 957 5685 ?
978 5630 1119 5684 Dixit
1145 5648 1257 5701 ergo
1277 5629 1308 5683 J
1316 5647 1427 5684 esus
1448 5646 1466 5683 :
1490 5628 1667 5683 Facile
1686 5629 1911 5685 homines

323 5722 651 5779 discumbere.
696 5721 823 5777 Erat
851 5733 1013 5776 autem
1046 5727 1216 5794 fenum
1261 5723 1474 5777 multum
1498 5721 1549 5777 in
1572 5723 1910 5779 loco:discu—

318 5815 534 5881 δυσηνιι
554 5832 675 5888 ει·σο
704 5817 797 5877 υίτὶ
832 5833 1038 5876 numero
1074 5816 1221 5887 quasi
1256 5818 1472 5889 quinque
1496 5817 1674 5872 millia.
1707 5817 1911 5886 Accepit

285 553 433 629 quod
460 552 541 614 illi
566 556 866 615 uesanos.
890 547 1021 609 dicit
1045 545 1354 607 ascendisse
1375 558 1499 605 cum
1536 543 1589 603 in
1614 543 1703 604 die
1736 544 1871 603 Sesto
1982 545 2597 601 australibus:le
2610 555 2729 602 alea:
2747 547 3216 622 piscibusquantum
3236 554 3562 612 volebant!”

1979 647 2143 693 autem
2176 638 2371 710 impleti
2400 650 2545 706 sunt,
2587 639 2713 695 dixit
2745 641 3005 714 discipulis
3026 645 3169 701 suis:
3198 646 3427 719 Colligite
3449 664 3560 719 qua

1978 735 2337 804 superaverunt
2351 738 2651 806 fatigatam,
2675 752 2737 790 ne
2765 747 2985 807 pereant.
3007 736 3321 812 Collegerunl
3350 758 3488 813 ergo,
3514 752 3560 798 et

1979 824 2306 895 impleverunt
2333 826 2594 881 duodecim
2618 827 2858 905 cophinos
2886 831 3280 901 fragmentorum
3317 849 3380 887 ea!
3417 833 3563 904 quiin-

1980 919 2075 987 qite
2116 917 2328 988 panibus
2353 918 2639 975 hordeaceis
2657 962 2671 987 ,
2704 936 2814 991 quis
2836 924 3186 992 superfuerunt
3211 924 3289 980 his
3313 926 3397 996 qui
3420 944 3563 981 man-

1981 1010 2283 1065 ditcauerant
2310 1010 2484 1083 (Joan.
2512 1028 2581 1076 vr,
2611 1013 2694 1066 5-l
2706 1012 2781 1083 3).
3604 1016 3625 1034 '

2054 1105 2141 1161 96.
2158 1104 2272 1160 Non
2295 1105 2382 1160 hie
2401 1106 2653 1175 quaeritur
2678 1106 2818 1177 quod
2849 1106 2948 1162 iste
2972 1107 3123 1175 dixit,
3151 1110 3447 1180 cujusmodi
3470 1125 3557 1167 es-

1984 1205 2104 1253 sent
2152 1212 2351 1267 panes;
2379 1197 2703 1254 bordeaceos
2728 1199 2869 1253 enim
2900 1198 3064 1256 fuisse
3093 1217 3197 1256 non
3219 1202 3399 1269 tacuit,
3419 1203 3560 1273 quod

1984 1293 2161 1348 caeteri
2187 1301 2461 1347 tacuerunt
2485 1311 2498 1347 :
2524 1308 2693 1363 neque
2728 1292 2830 1348 hoc
2857 1293 3127 1364 quaeritur,
3160 1296 3301 1366 quod
3330 1298 3431 1353 iste
3456 1312 3563 1353 non

1984 1382 2136 1449 dixit,
2166 1381 2325 1438 fuisse
2352 1384 2422 1438 ibi
2452 1384 2610 1438 etiam
2638 1392 2829 1454 praeter
2858 1385 3089 1457 quinque
3115 1387 3277 1444 millia
3303 1388 3559 1456 virorum,

1984 1476 2235 1533 mulieres
2262 1484 2315 1530 et
2346 1476 2613 1545 parvulos,
2640 1475 2780 1547 quod
2806 1475 2932 1532 dicit
2950 1477 3242 1534 Matthmus.
3266 1480 3331 1535 Et
3349 1482 3565 1538 omnino

1980 1564 2091 1636 jam
2116 1576 2317 1623 certum
2347 1582 2467 1622 esse
2488 1566 2663 1633 debet,
2693 1577 2746 1623 et
2768 1569 3073 1639 regulariter
3104 1572 3270 1626 teneri
3292 1572 3344 1626 in
3374 1573 3566 1629 talibus

1986 1659 2385 1728 qumstionibus,
2420 1660 2687 1715 neminem
2718 1661 2919 1716 moveri
2949 1670 3214 1731 oportere,
3233 1677 3351 1718 cum
3376 1662 3443 1718 ab
3462 1664 3567 1720 alio

1986 1751 2179 1808 dicitur
2202 1753 2341 1823 quod
2369 1752 2437 1807 ab
2456 1754 2560 1808 alio
2588 1754 3026 1825 praetermittitur.
3047 1755 3150 1810 Sed
3174 1757 3428 1826 ancritur
3446 1772 3570 1827 quo-
3677 1740 3701 1759 ⁸

1986 1845 2149 1899 modo
2173 1860 2233 1899 ea
2261 1860 2378 1915 qum
2404 1844 2670 1912 dixerunt,
2698 1861 2818 1901 vera
2845 1846 2950 1900 sint
2981 1847 3179 1914 omnia,
3213 1863 3278 1903 ne
3303 1849 3567 1904 narratio-

1988 1951 2112 1993 nem
2150 1936 2367 1992 alterius
2406 1952 2629 1991 narrans
2670 1936 2810 1991 aliud
2852 1937 2989 1992 alter
3034 1937 3295 1993 t-.cludat.
3334 1937 3389 1994 Si
3426 1940 3568 1994 enim

1990 2028 2272 2094 Dominus,
2304 2028 2593 2082 secundum
2623 2027 2979 2083 narrationem
3007 2026 3243 2095 Joannis,
3273 2030 3568 2100 prospectis

1988 2120 2179 2187 turbis,
2201 2119 2447 2189 quaesivit
2473 2136 2501 2173 a
2532 2118 2803 2188 Philippo,
2846 2126 3055 2174 tentans
3098 2135 3252 2187 cum,
3286 2121 3427 2176 unde
3467 2121 3571 2177 illis

1990 2224 2129 2267 escae
2154 2209 2268 2265 dari
2290 2218 2537 2279 possent;
2561 2216 2737 2279 potest
2758 2225 2970 2267 movere
2989 2212 3254 2282 quomodo
3274 2213 3343 2267 sit
3365 2228 3568 2283 verum,

1989 2303 2129 2375 quod
2147 2303 2233 2357 alii
2254 2310 2618 2370 narraverunt,
2643 2304 2785 2373 prius
2804 2304 3001 2369 dixisse
3018 2304 3242 2360 Domino
3260 2305 3569 2378 discipulos,

1990 2404 2047 2451 ut
2071 2395 2357 2451 dimitteret
2380 2396 2579 2462 turbas,
2610 2413 2714 2467 quo
2735 2407 2950 2466 possent
2986 2398 3085 2453 sibi
3124 2399 3373 2455 alimenta
3394 2416 3575 2458 emere

1992 2488 2059 2544 de
2100 2488 2353 2558 proximis
2396 2488 2567 2544 locis:
2596 2490 2786 2559 quibus
2826 2490 2915 2546 ille
2963 2489 3238 2561 respondit
3280 2493 3572 2550 secundum

1992 2578 2294 2633 Matthmum
2321 2621 2335 2646 ,
2363 2577 2483 2633 Non
2510 2579 2691 2634 habent
2720 2598 2917 2636 necesse
2946 2584 3056 2647 ire;
3085 2584 3201 2637 date
3224 2585 3293 2639 eis
3321 2601 3406 2639 vos
3430 2602 3576 2642 man-

1993 2672 2198 2725 ducare.
2230 2672 2327 2726 Cui
2353 2673 2509 2727 etiam
2546 2672 2750 2729 Marcus
2776 2673 3052 2745 Lucasque
3077 2677 3435 2744 consentiunt,
3460 2686 3578 2734 tan.-

1995 2773 2107 2820 tum
2133 2765 2233 2821 hoc
2260 2766 2722 2835 praetermittentes
2744 2768 2884 2838 quod
2912 2769 3004 2837 ait,
3026 2768 3145 2824 Non
3173 2770 3353 2825 habent
3380 2788 3577 2828 necesse

1992 2858 2086 2913 ire.
2134 2857 2445 2929 lntelligitur
2484 2874 2609 2930 ergo
2651 2869 2772 2930 post
2811 2860 2924 2916 haec
2972 2862 3131 2917 verba
3171 2863 3452 2918 Dominum
3490 2863 3576 2923 ln-

1995 2950 2235 3020 spexisse
2260 2950 2667 3016 multitudinem,
2692 2958 2744 3005 et
2768 2951 2967 3009 dixisse
2992 2951 3237 3024 Philippo
3256 2954 3395 3025 quod
3411 2953 3546 3010 Joan
3567 2982 3579 2995 -

1996 3058 2093 3098 ncs
2113 3050 2515 3109 commemorat,
2548 3042 2633 3097 isti
2660 3050 2837 3098 autem
2871 3046 3343 3115 prmtermiserunt.
3374 3044 3576 3104 Deinde

1996 3135 2138 3206 quod
2169 3135 2440 3205 Philippus
2469 3135 2607 3204 apud
2630 3134 2888 3191 Joannem
2913 3137 3188 3206 respondit
3205 3178 3220 3204 ,
3250 3138 3349 3193 hoc
3373 3137 3577 3195 Marcus

1998 3241 2030 3281 a
2057 3225 2328 3297 discipulis
2356 3241 2670 3298 responsum
2697 3241 2815 3282 esse
2840 3236 3248 3295 commemorat,
3279 3228 3465 3286 volens
3498 3230 3570 3286 in-

1999 3320 2159 3390 telligi
2185 3320 2285 3373 hoc
2312 3335 2376 3375 ex
2406 3336 2497 3374 ore
2521 3329 2832 3375 cxterorum
2861 3319 3160 3391 Philippum
3197 3321 3534 3392 respondisse
3562 3340 3577 3378 :

2000 3427 2298 3483 quanquam
2320 3420 2373 3467 et
2403 3412 2656 3482 pluralem
2699 3428 2978 3468 numerum
3002 3428 3101 3485 pro
3126 3414 3378 3484 singulari
3412 3415 3579 3471 usita-

1999 3504 2206 3560 tissime
2253 3518 2449 3573 ponere
2494 3512 2795 3573 potuerunt.
2823 3503 2974 3571 Quod
3001 3521 3128 3577 ergo
3170 3505 3244 3561 ait
3284 3506 3577 3577 Philippus,

2001 3595 2343 3650 Ducentornm
2381 3596 2699 3650 denariorum
2741 3613 2894 3666 panes
2942 3614 3043 3651 non
3087 3598 3336 3668 sufﬁciunt
3382 3600 3485 3666 eis,
3528 3609 3581 3653 ut

2001 3690 2340 3761 unusquisque
2382 3692 2632 3744 modicum
2672 3689 2795 3759 quid
2830 3689 3081 3759 accipiat;
3122 3692 3225 3746 hoc
3259 3701 3341 3747 est
3380 3691 3578 3759 dicere,

2004 3780 2144 3851 quod
2167 3781 2241 3834 ait
2270 3782 2497 3848 Marcus,
2530 3780 2721 3834 Euntes
2745 3796 2965 3834 ememus
2994 3780 3222 3835 ducentis
3248 3781 3467 3835 denariis
3491 3798 3584 3853 pa-

1996 3886 2111 3938 nes,
2144 3881 2191 3923 et
2217 3871 2447 3924 dabimus
2471 3871 2539 3924 eis
2565 3869 2887 3924 manducare.
2932 3867 3083 3936 Quod
3130 3878 3305 3925 autem
3345 3885 3583 3926 comme-

2004 3970 2176 4015 morat
2206 3961 2346 4016 idem
2368 3960 2575 4015 Marcus
2603 3945 2813 4015 dixisse.
2828 3959 3130 4027 Dominum,
3159 3960 3293 4026 Quot
3328 3977 3480 4028 panes
3500 3960 3585 4027 ha-

1998 4052 2167 4107 betis?
2194 4052 2645 4123 praetermiserunt
2681 4052 2880 4107 caeteri.
2927 4052 3078 4120 Quod
3121 4060 3300 4107 autem
3346 4052 3585 4109 Andreas

2005 4145 2144 4215 apud
2165 4145 2424 4200 Joannem
2445 4143 2511 4199 de
2538 4143 2772 4215 quinque
2796 4144 3018 4214 panibus
3043 4153 3098 4199 et
3121 4143 3327 4198 duobus
3354 4143 3584 4213 piscibus

2006 4238 2302 4308 suggessit,
2335 4237 2435 4292 hoc
2463 4236 2639 4292 caeteri
2668 4236 2922 4305 pluralem
2968 4249 3246 4289 numerum
3276 4249 3371 4303 pro
3403 4233 3586 4305 singu-

2005 4329 2102 4384 lari
2130 4338 2407 4399 ponentes,
2436 4344 2502 4383 ex
2529 4328 2908 4397 discipulorum
2932 4339 3155 4394 persona
3181 4324 3495 4379 retulerunt.
3522 4322 3587 4379 Et

2003 4423 2176 4480 Lucas
2200 4423 2411 4494 quidem
2439 4419 2839 4491 reSponsionem
2862 4417 3091 4487 Philippi
3113 4426 3167 4472 et
3186 4417 3586 4486 restionsionem

2005 4518 2235 4573 Androm
2276 4518 2326 4570 in
2357 4530 2513 4570 unam
2544 4512 2863 4569 sententiam
2892 4510 3247 4565 constrinxit:
3275 4508 3415 4580 quod
3444 4508 3588 4565 enim

2005 4610 2097 4676 ait,
2132 4607 2252 4663 Non
2281 4619 2394 4663 sunt
2420 4608 2560 4662 nobis
2604 4604 2720 4678 plus
2757 4621 2909 4677 quam
2950 4605 3165 4676 quinque
3201 4620 3356 4675 panes
3400 4612 3448 4659 et
3488 4602 3589 4657 duo

2006 4704 2199 4773 pisces,
2223 4701 2447 4757 Androm
2474 4699 2654 4755 retulit
2677 4698 3077 4769 responsionem
3107 4715 3119 4750 :
3149 4694 3290 4767 quod
3322 4711 3448 4752 vero
3489 4694 3587 4750 ad-

1987 4793 2215 4865 ljunxit,
2263 4792 2382 4847 Nisi
2423 4794 2552 4863 forte
2589 4809 2679 4847 nos
2717 4807 2888 4846 camus
2911 4832 2926 4859 ,
2969 4800 3016 4845 et
3056 4806 3283 4845 emamus
3313 4789 3366 4843 in
3394 4805 3589 4844 onmem

1990 4873 2140 4941 hanc
2169 4884 2365 4940 turbam
2391 4901 2528 4941 escas
2548 4927 2562 4952 ,
2592 4878 2805 4939 videtur
2832 4883 2898 4938 ad
2926 4883 3328 4953 responsionem
3360 4879 3588 4949 Philippi

2008 4978 2309 5049 pertinere;
2332 4975 2433 5032 nisi
2454 4975 2595 5047 quod
2616 4976 2684 5031 de
2704 4974 2946 5031 ducentis
2967 4973 3200 5030 denariis
3219 4972 3411 5027 tacuit:
3434 4986 3594 5042 quan-

2009 5087 2165 5143 quam
2197 5078 2250 5125 et
2279 5072 2329 5125 in
2361 5070 2527 5141 ipsius
2554 5069 2781 5125 Andreae
2808 5069 3070 5124 sententia
3095 5073 3269 5137 potest
3301 5065 3404 5122 hoc
3441 5064 3590 5120 intel-

2010 5165 2119 5237 ligi.
2144 5166 2276 5220 Cum
2310 5163 2451 5219 enim
2476 5163 2697 5243 dixisset
2715 5203 2729 5229 ,
2755 5160 2847 5216 Est
2875 5177 2998 5231 puer
3026 5175 3156 5214 unus
3183 5158 3293 5226 hic,
3328 5157 3413 5229 qui
3452 5156 3595 5209 habet

2011 5259 2228 5331 quinque
2280 5275 2434 5330 panes
2489 5257 2824 5325 hordeaceos,
2868 5265 2914 5310 et
2952 5255 3077 5310 duos
3122 5254 3317 5325 pisces;
3354 5251 3596 5323 adjunxit

2012 5353 2171 5408 etiam
2197 5352 2331 5422 ipsc,
2358 5352 2462 5407 Sed
2482 5351 2588 5406 haec
2615 5350 2735 5420 quid
2760 5358 2877 5404 sunt
2900 5349 3029 5404 inter
3054 5349 3259 5403 tantos?
3284 5348 3385 5402 hoc
3413 5354 3493 5401 est
3512 5343 3594 5400 di—

2013 5460 2154 5511 cere,
2191 5442 2309 5498 Nisi
2334 5444 2464 5514 forte
2487 5460 2578 5498 nos
2605 5458 2777 5499 eamus
2794 5484 2809 5509 ,
2841 5450 2888 5497 et
2913 5457 3136 5497 eruamus
3163 5441 3217 5495 in
3245 5455 3442 5497 omnem
3467 5438 3597 5492 hanc

2014 5539 2209 5593 turbam
2234 5552 2391 5591 escas.

2084 5633 2175 5688 97.
2220 5630 2299 5686 Ex
2337 5646 2438 5701 qua
2487 5630 2731 5685 universa
2776 5630 3028 5685 varietate
3071 5628 3379 5696 verborum,
3415 5640 3593 5682 rerum

2017 5731 2192 5779 autem
2222 5722 2708 5792 sententiarumque
2724 5721 3030 5786 concordia,
3049 5721 3175 5776 satis
3190 5725 3429 5790 apparet,
3449 5718 3595 5773 salu-

2016 5814 2185 5872 britcr
2218 5831 2313 5871 nos
2340 5816 2550 5883 doceri,
2584 5814 2714 5869 nihil
2740 5813 3083 5887 quaerendum
3114 5814 3165 5867 in
3190 5812 3367 5867 verbis
3395 5808 3495 5865 nisi
3521 5810 3598 5875 lo-

320 5924 442 6016 ἔσο
472 5927 629 6001 panes
650 5907 833 6011 lctus,
854 5918 903 6003 et
921 5925 1037 6003 cum
1057 5909 1259 6005 gratias.
1277 5906 1489 6005 ,
1517 5909 1764 5997 distribuit
1785 5907 1905 5991 dis-
1925 5948 1983 5997 κε
2019 5909 2296 5983 (ιιιθηιιωιι
2338 5909 2664 5973 voluntatem
2691 5926 2705 5967 :
2737 5909 2823 5967 cui
2848 5905 3281 5967 demonstrandae
3320 5905 3599 5977 invigilare

1951 6019 1987 6032 ρ
