4082 6458
328 356 470 413 H29

328 487 471 541 tres,
500 471 591 544 qui
619 470 898 527 Dominum
920 467 1278 524 ambulantem
1304 481 1463 537 super
1501 478 1665 536 aquas
1692 463 1906 519 venisse

326 567 395 623 ad
423 567 731 636 navigantes
758 563 1047 634 discipulos
1086 562 1397 616 retulerunt.
1438 557 1545 613 Nec
1586 557 1704 613 ideo
1734 556 1903 626 putari

322 659 485 714 debet
513 658 563 711 in
597 657 687 711 illo
711 663 889 709 monte
911 695 927 721 ,
955 669 1059 723 quo
1082 668 1203 706 eum
1241 651 1372 705 dixit
1398 650 1676 704 Mattlitcus
1715 663 1905 702 ascen-

317 750 499 814 disse,
525 756 582 801 ut
626 746 770 800 solus
812 755 1025 810 oraret,
1053 743 1252 798 dixisse
1289 740 1595 811 discipulis,
1628 738 1787 805 Quem
1826 754 1906 792 me

318 844 503 896 dicunt
522 856 625 894 esse
641 838 799 893 turba:
820 838 1013 908 (Lucas
1033 836 1173 891 enim
1192 833 1399 888 videtur
1424 833 1474 886 in
1498 832 1599 886 hoc
1614 845 1905 899 congruere

329 933 614 997 Matutam,
644 932 764 1000 quia
791 930 952 991 dixit,
983 945 1098 982 cum
1134 927 1271 981 solus
1297 934 1421 980 esset
1450 940 1640 989 orans;
1666 939 1788 979 cum
1815 923 1903 978 ille

318 1029 583 1092 dixisset,
604 1023 833 1078 ascendit
855 1023 908 1075 in
930 1030 1146 1075 montem
1166 1020 1306 1074 solus
1334 1015 1534 1089 orare)?
1560 1017 1653 1071 sed
1683 1016 1902 1070 omnino

320 1119 477 1183 alibi,
510 1131 630 1171 cum
668 1115 813 1168 solus
838 1120 1049 1177 oraret,
1081 1119 1133 1165 et
1157 1118 1337 1165 essent
1359 1124 1480 1163 cum
1513 1109 1602 1161 illo
1624 1106 1898 1178 discipuli,

316 1209 425 1264 hoc
456 1205 813 1275 interrogavit.
859 1202 1042 1257 Solum
1082 1200 1276 1270 quippe
1323 1200 1493 1255 Lucas
1535 1197 1696 1253 fuisse
1732 1197 1896 1262 dixit,

314 1314 425 1353 non
454 1298 568 1352 sine
587 1295 881 1365 discipulis,
900 1291 1325 1348 sicutMattbmus
1346 1298 1401 1345 et
1417 1289 1667 1352 Joannes,
1689 1289 1899 1359 quando

324 1392 395 1446 ab
419 1391 507 1444 illo
536 1389 925 1451 discesserunt,
954 1393 1009 1437 ut
1034 1382 1391 1453 praecederent
1411 1397 1531 1436 eum
1561 1391 1704 1435 trans
1731 1395 1894 1434 mare.

319 1483 433 1539 Iste
465 1496 694 1550 namque
718 1478 1050 1549 apertissime
1090 1476 1353 1546 adjunxit,
1384 1474 1546 1528 Erant
1583 1490 1699 1527 cum
1735 1473 1822 1527 illo
1851 1482 1897 1527 et

324 1576 585 1644 discipuli.
618 1572 848 1628 Proinde
870 1571 1041 1625 solum
1065 1570 1229 1636 dixit,
1256 1568 1373 1623 sine
1402 1568 1569 1622 turbis
1587 1607 1603 1634 ,
1634 1582 1751 1638 qua:
1775 1580 1896 1620 cum

311 1666 409 1722 illo
435 1682 538 1719 non
570 1665 899 1718 habitabant.

313 1754 541 1811 CAPUT
594 1753 824 1809 XLVIII.
852 1782 926 1793 -
960 1750 1224 1818 Quomodo
1279 1750 1549 1804 Mattheus
1593 1758 1641 1804 et
1687 1746 1894 1802 Marcus

384 1846 577 1900 Joanni
614 1862 715 1899 non
743 1844 1069 1898 adversentur
1088 1843 1141 1896 in
1172 1859 1228 1895 eo
1253 1842 1386 1912 quod
1409 1841 1471 1894 ab
1489 1840 1562 1895 eis
1587 1838 1746 1894 tribus
1768 1855 1892 1893 nar-

377 1950 528 1994 ratur
556 1938 676 2007 quid
705 1945 1028 2007 posteaquam
1056 1937 1450 2004 transfretarunt
1481 1935 1671 2003 factum
1697 1933 1781 1986 sit.

382 2032 505 2087 102.
545 2030 797 2099 Sequitur
817 2028 1096 2083 Matutinus
1115 2069 1130 2091 ,
1152 2026 1337 2081 dicens
1356 2046 1375 2081 ς
1401 2026 1467 2079 Et
1496 2042 1609 2079 cum
1635 2029 1888 2096 transfre-

304 2133 496 2179 tassent
514 2164 530 2189 ,
555 2129 791 2175 venerunt
816 2121 869 2174 in
908 2129 1094 2173 terram
1117 2117 1358 2172 Genesar.
1390 2116 1457 2170 Et
1483 2133 1598 2170 cum
1622 2117 1890 2186 cognovis-

305 2226 414 2271 sent
434 2232 544 2269 eum
570 2214 664 2268 uiri
679 2212 782 2267 loci
802 2211 939 2266 illius
960 2253 975 2276 ,
998 2211 1240 2265 miserunt
1259 2211 1312 2263 in
1330 2210 1613 2265 universam
1639 2210 1889 2281 regionem

299 2306 480 2369 illam,
505 2314 552 2358 et
574 2304 856 2358 obtulerunt
872 2302 1109 2376 eiomnes
1125 2302 1256 2355 male
1275 2300 1509 2356 habentes
1533 2317 1553 2355 :
1570 2310 1617 2355 et
1644 2300 1888 2373 rogabant

303 2417 421 2455 eum
441 2440 457 2466 ,
483 2407 539 2452 ut
565 2398 642 2452 vel
667 2397 919 2466 ﬁmbriam
946 2395 1222 2450 vestimenti
1241 2397 1349 2465 ejus
1387 2404 1679 2465 tangerent;
1707 2404 1752 2448 et
1777 2395 1890 2464 qui-

300 2505 515 2558 cumque
541 2488 826 2559 tetigerunt,
846 2486 974 2540 salvi
1000 2486 1127 2556 facti
1153 2494 1287 2539 sunt.
1318 2484 1461 2538 Tunc
1485 2495 1796 2539 accesserunt
1815 2486 1883 2539 ad

299 2595 419 2633 eum
443 2576 503 2631 ab
533 2576 863 2649 Jerosolymis
885 2576 1077 2631 Scriba:
1093 2584 1139 2630 et
1166 2574 1418 2630 Pharisaei
1441 2576 1695 2631 dicentes:
1717 2576 1887 2641 Quare

299 2668 539 2739 discipuli
562 2670 633 2722 tui
657 2666 1094 2738 transgrediuntur
1110 2666 1428 2720 traditionem
1448 2667 1741 2722 seniorum?
1762 2666 1885 2722 Non

302 2762 440 2814 enim
460 2761 629 2814 lavant
667 2775 844 2813 manus
867 2776 1013 2824 suas,
1047 2776 1161 2812 cum
1190 2775 1371 2829 panem
1393 2759 1695 2812 manducant
1712 2801 1728 2825 ,
1751 2768 1883 2824 etc.,

301 2865 473 2920 usque
502 2849 567 2903 ad
594 2849 721 2902 illud
760 2848 848 2903 ubi
877 2849 983 2917 ait,
1015 2847 1137 2902 Non
1162 2848 1278 2903 lotis
1301 2858 1463 2902 autem
1482 2848 1711 2903 manibus
1735 2867 1883 2904 man-

296 2942 504 3005 ducare,
527 2959 627 2996 non
637 2942 922 3011 coinquinat
934 2941 1187 2994 hominem
1207 2939 1417 3013 (Matth.
1438 2957 1544 3007 xw,
1558 2942 1652 3006 54;
1666 2958 1752 3007 xv,
1767 2943 1879 3013 20).

297 3031 427 3088 Haec
456 3043 508 3087 et
537 3033 745 3087 Marcus
770 3041 1155 3087 commemorat
1182 3032 1296 3086 sine
1317 3032 1490 3102 aliqua
1522 3034 1883 3103 repugnantia:

299 3121 595 3191 quaestione
626 3119 814 3192 (lare.
865 3137 974 3186 vn,
1010 3121 1162 3193 1-23)
1187 3139 1199 3175 :
1230 3122 1483 3193 quidquid
1506 3124 1646 3178 enim
1673 3124 1882 3180 diverso

294 3212 461 3268 modo
485 3212 553 3266 ab
575 3212 683 3267 alio
708 3212 920 3277 dicitur,
946 3213 1013 3267 ab
1034 3212 1220 3269 eadem
1241 3214 1503 3269 sententia
1524 3229 1628 3269 non
1658 3216 1877 3271 recedit.

296 3294 533 3358 Joannes
557 3312 730 3358 autem
754 3304 823 3359 ab
850 3304 1089 3359 navicula
1110 3344 1126 3370 ,
1158 3304 1224 3358 ad
1254 3321 1412 3375 quam
1439 3306 1694 3362 Dominus
1721 3322 1881 3377 super

295 3408 448 3447 mare
484 3393 762 3447 ambulans
808 3394 987 3461 venit,
1020 3404 1362 3465 posteaquam
1406 3396 1653 3452 exierunt
1693 3398 1744 3452 in
1777 3408 1882 3453 ter-

297 3497 453 3547 ram,
484 3498 633 3538 more
662 3498 760 3538 suo
787 3484 842 3538 in
883 3499 1184 3540 sermonem
1217 3486 1423 3542 Domini
1461 3488 1727 3556 intentus,
1755 3506 1875 3546 eum

293 3584 362 3624 ex
390 3572 670 3626 occasione
689 3574 838 3641 panis
859 3574 1023 3628 multa
1046 3576 1412 3647 praecipueque
1438 3578 1615 3633 divina
1643 3580 1875 3637 locutum

294 3676 418 3716 esse
443 3674 861 3729 commemorat;
893 3675 1116 3736 postque
1154 3667 1325 3737 ipsum
1362 3684 1664 3726 sermonem
1693 3689 1876 3731 rursus

299 3752 358 3807 in
384 3752 526 3807 aliud
567 3761 727 3822 atque
767 3755 911 3810 aliud
954 3756 1070 3826 ejus
1109 3759 1343 3813 narratio
1375 3761 1671 3817 sublimiter
1708 3763 1877 3820 fertur

294 3842 475 3915 (Joan.
496 3860 572 3911 vr,
597 3844 811 3917 22-72).
832 3845 942 3903 Nec
962 3855 1139 3903 tamen
1160 3850 1211 3904 in
1233 3865 1298 3906 eo
1318 3852 1458 3921 quod
1478 3853 1544 3908 ab
1564 3854 1679 3909 istis
1694 3855 1873 3926 digre-

302 3933 463 3997 ditur,
489 3935 685 4003 aliquid
712 3936 886 3990 ordini
926 3936 1175 4003 istorum,
1207 3939 1347 3995 illius
1384 3943 1435 3996 in
1479 3944 1580 3999 alia
1621 3948 1873 4003 transitus

296 4019 627 4077 adversatur.
670 4024 807 4092 Quid
850 4030 993 4080 enim
1025 4029 1270 4097 prohibet
1317 4033 1612 4103 intelligere
1654 4046 1709 4091 et
1753 4038 1873 4093 illos

292 4122 417 4164 esse
444 4122 655 4168 sanatos
675 4128 705 4167 a
738 4115 992 4181 Domino,
1020 4105 1091 4173 de
1126 4120 1316 4188 quibus
1351 4134 1568 4178 narrant
1596 4125 1872 4185 Matthznus

293 4206 351 4251 et
394 4198 634 4266 Marcus;
661 4212 714 4257 et
742 4205 844 4258 illis
872 4205 963 4275 qui
991 4222 1113 4261 eum
1156 4211 1319 4265 secuti
1366 4224 1489 4267 sunt
1517 4224 1660 4271 trans
1688 4234 1867 4287 mare,

290 4284 409 4342 haec
435 4305 554 4344 eum
583 4292 815 4348 locutum
842 4311 982 4363 esse,
1001 4314 1117 4367 qua:
1140 4301 1639 4369 praedicatJoannes
1663 4327 1677 4364 :
1700 4324 1869 4380 quan-

289 4374 573 4446 doquidem
604 4382 990 4453 Capharnaum,
1006 4404 1112 4458 quo
1135 4390 1380 4448 dicuntur
1399 4397 1686 4452 secundum
1707 4374 1869 4456 δοθη-

289 4482 415 4520 nem
465 4469 865 4541 transfretasse,
904 4476 1052 4545 juxta
1102 4490 1342 4550 stagnum
1389 4495 1469 4539 est
1512 4485 1768 4553 Genesar,
1799 4491 1866 4547 ad

286 4572 449 4625 quam
494 4570 684 4615 terram
716 4566 1006 4621 secundum
1048 4570 1347 4629 Matthamm
1385 4577 1630 4633 dicuntur
1657 4583 1867 4639 exisse?

287 4648 516 4705 CAPUT
561 4652 744 4707 XLIX.
775 4687 847 4695 —
875 4657 950 4710 De
991 4662 1196 4715 muliere
1233 4664 1520 4721 Chananara
1555 4688 1668 4743 qua
1703 4674 1862 4739 dixit,

361 4740 423 4793 Et
454 4757 611 4799 canes
637 4747 798 4801 edunt
819 4748 884 4803 de
912 4752 1062 4807 micis
1082 4755 1389 4812 cadentibus
1405 4761 1470 4815 de
1495 4740 1673 4818 mensa
1692 4767 1865 4823 domi-

361 4847 549 4886 norum
577 4851 812 4901 suorum,
840 4844 1088 4909 quomodo
1106 4844 1232 4898 inter
1250 4865 1305 4901 se
1320 4848 1375 4901 Μ
1381 4852 1591 4908 att/ntus
1607 4854 1866 4927 Lucasqne

357 4927 689 4980 consentiant.

359 5013 482 5069 105.
524 5015 775 5087 Sequitur
817 5020 993 5093 itaque
1021 5025 1297 5085 Matthasus
1324 5043 1443 5102 post
1468 5035 1616 5094 illum
1654 5055 1861 5099 sermo-

280 5122 406 5161 nem
430 5109 665 5179 Domini,
689 5114 777 5170 ubi
803 5118 871 5174 de
899 5135 1001 5174 non
1028 5123 1152 5179 lotis
1173 5128 1414 5184 manibus
1433 5147 1552 5188 cum
1580 5135 1861 5197 Pharisaais

278 5198 419 5267 egit,
478 5211 636 5272 atque
691 5205 763 5260 ita
834 5210 1067 5267 censerit
1126 5221 1516 5290 narrationem,
1580 5228 1855 5296 ordinem,

280 5300 539 5357 quantum
588 5294 701 5365 ipse
753 5302 1004 5357 transitus
1056 5305 1285 5375 indicat,
1317 5329 1493 5369 rerum
1537 5319 1695 5374 etiam
1740 5294 1858 5393 qnze

281 5390 583 5479 consecutae
628 5396 753 5441 sunt
796 5404 1060 5447 servans:
1095 5395 1159 5450 Et
1203 5416 1459 5471 egressus,
1506 5408 1711 5479 inquit,
1742 5390 1860 5470 inde

280 5462 435 5559 {esus
462 5476 655 5529 secessit
683 5477 735 5531 in
773 5490 938 5548 partes
968 5482 1094 5555 Tyri
1119 5497 1165 5541 et
1195 5462 1421 5549 Sidonis.
1444 5462 1521 5550 'Et
1546 5462 1859 5559 eicevntulier

282 5553 573 5655 (Elmnanaza
601 5580 632 5617 a
656 5568 839 5635 ﬁnibus
885 5573 987 5628 illis
1026 5594 1223 5647 egressa
1243 5623 1257 5647 ,
1292 5587 1523 5642 clamavit
1569 5593 1740 5648 dicens
1763 5597 1810 5650 ei
1835 5615 1855 5655 :

284 5645 528 5705 Miserere
569 5658 698 5724 mei,
743 5658 984 5730 Domine,
1018 5669 1095 5735 ﬁli
1138 5669 1337 5738 David;
1365 5678 1475 5746 ﬁlia
1514 5698 1623 5736 mea
1666 5687 1798 5741 male
1822 5706 1855 5743 a

281 5737 528 5795 dwmonio
566 5758 790 5803 vexatur.
822 5750 918 5815 Qui
956 5772 1056 5810 non
1096 5737 1439 5829 respondit'ci
1464 5772 1691 5844 verbum,
1721 5788 1849 5849 etc.,

517 5838 740 5904 Ssa'c'r.
781 5848 1058 5912 Anausr.
1113 5854 1221 5916 III.

1650 348 1854 408 LIBER
1894 344 2269 407 SECUNDUS.

3454 362 3589 424 H50

2014 478 2179 534 usque
2200 464 2263 519 ad
2288 465 2412 520 illud
2436 466 2521 522 ubi
2538 466 2629 534 ait,
2648 468 2691 522 0
2708 469 2904 536 mulier,
2929 486 3112 541 magna
3133 481 3204 527 est
3217 473 3343 543 ﬁdes
3359 485 3444 531 tua
3461 482 3588 549 ;ﬁat

2009 554 2137 609 sicut
2159 557 2247 610 vis.
2276 555 2341 609 Et
2364 567 2542 611 sanata
2566 568 2637 613 est
2664 560 2773 629 ﬁlia
2791 561 2898 632 ejus
2918 578 2978 616 ea:
2998 562 3085 616 illa
3107 564 3230 618 hora
3253 566 3461 637 (Matth.
3490 587 3584 635 xv,

2008 646 2217 720 21-28).
2244 648 2354 704 lloc
2373 650 2440 705 de
2461 652 2677 707 muliere
2701 654 3000 709 Chanana'a
3025 655 3181 710 etiam
3210 657 3414 714 Marcus
3439 677 3587 716 com-

2008 749 2286 805 memorat,
2305 741 2547 796 eumdem
2580 759 2757 799 rerum
2782 755 3044 815 gestarum
3072 748 3310 803 ordinem
3339 766 3580 821 servans,

2008 845 2107 886 nec
2131 831 2359 888 aﬂ‘erens
2398 834 2629 903 aliquam
2669 838 3028 907 repugnantia:
3055 841 3403 909 qumstioncm
3424 885 3440 910 ,
3474 846 3577 900 nisi

2006 921 2148 991 quod
2175 924 2226 977 in
2249 925 2405 980 domo
2431 926 2555 981 dicit
2589 927 2750 983 fuisse
2778 930 3051 985 Dominum
3078 948 3197 987 cum
3218 933 3283 987 ad
3317 935 3465 990 illum
3491 952 3582 992 ve-

2006 1013 2084 1066 nit
2097 1013 2280 1068 eadem
2297 1016 2485 1071 mulier
2501 1018 2702 1089 prolilia
2720 1033 2811 1072 sua
2828 1035 3020 1090 rogans
3036 1022 3054 1091 (
3061 1021 3116 1074 Μ
3119 1040 3223 1076 are.
3250 1041 3338 1088 vn,
3358 1025 3579 1099 24-50).

2005 1101 2283 1158 Matthaeus
2332 1116 2506 1162 autem
2559 1118 2738 1176 posset
2789 1109 3000 1179 quidem
3050 1112 3199 1167 facile
3249 1115 3465 1186 intelligi
3508 1117 3577 1174 de

2003 1194 2164 1251 domo
2187 1196 2439 1262 tacuisse,
2470 1199 2713 1254 eamdem
2747 1210 2918 1255 tamen
2946 1218 3057 1257 rem
3082 1219 3529 1265 commemorasse
3554 1227 3572 1265 :

2002 1286 2095 1341 sed
2123 1288 2370 1357 quoniam
2397 1289 2525 1345 dicit
2550 1289 2836 1362 discipulos
2870 1294 3090 1348 Domino
3118 1294 3190 1350 ita
3219 1300 3576 1369 suggessisse,

2001 1377 2210 1432 Dimitte
2235 1381 2377 1433 illam
2396 1423 2410 1447 ,
2438 1382 2675 1452 quoniam
2702 1382 2888 1436 clamat
2918 1396 3028 1454 post
3052 1403 3180 1452 nos;
3208 1387 3335 1442 nihil
3369 1390 3577 1446 videtur

2000 1471 2140 1526 aliud
2170 1473 2493 1543 signiﬁcare,
2527 1491 2684 1544 quam
2727 1486 2845 1546 post
2886 1478 3246 1534 ambulantem
3293 1482 3574 1540 Dominum

2000 1564 2274 1619 mulierem
2316 1566 2461 1620 illam
2500 1566 2891 1637 deprecatorias
2932 1585 3093 1627 voces
3135 1572 3398 1629 emisisse.
3429 1575 3577 1642 Quo-

1999 1655 2159 1711 modo
2198 1673 2326 1728 ergo
2366 1659 2419 1712 in
2459 1658 2649 1727 domo,
2679 1660 2778 1715 nisi
2808 1662 2929 1731 quia
2957 1662 3355 1735 intelligendum
3385 1675 3466 1721 est
3490 1668 3573 1722 di-

1996 1748 2140 1805 xisse
2162 1750 2375 1820 quidem
2419 1750 2653 1807 Marcum
2703 1753 2843 1823 quod
2882 1753 3157 1810 intraverit
3198 1756 3284 1811 ubi
3327 1768 3442 1813 erat
3479 1759 3575 1814 Je-

1996 1855 2108 1908 sus,
2138 1856 2258 1896 cum
2289 1857 2410 1898 eum
2455 1844 2783 1913 prmdixisset
2810 1844 2972 1901 fuisse
3007 1846 3058 1901 in
3085 1846 3282 1903 domo?
3308 1848 3412 1905 Sed
3450 1850 3573 1921 quia

1996 1932 2273 1988 Mattltmus
2317 1934 2421 2000 ait,
2448 1934 2569 1990 Non
2610 1937 2869 2009 respondit
2897 1939 2946 1993 ei
2980 1939 3216 2006 verbum;
3241 1941 3386 1997 dedit
3410 1957 3575 2014 agno-

1994 2037 2143 2080 scere
2160 2067 2177 2091 ,
2205 2026 2344 2095 quod
2367 2028 2524 2084 ambo
2550 2036 2859 2093 tacuerunt,
2885 2032 2936 2085 in
2966 2047 3032 2087 eo
3053 2033 3266 2088 silentio
3291 2050 3569 2107 egressum

1993 2113 2157 2170 fuisse
2172 2115 2351 2171 Jesum
2369 2117 2433 2173 de
2450 2118 2614 2173 domo
2634 2119 2725 2173 illa
2750 2138 2764 2175 :
2787 2130 2945 2191 atque
2966 2122 3034 2177 ita
3060 2133 3251 2181 caztera
3274 2135 3573 2182 contexun-

1994 2214 2099 2271 tur,
2137 2222 2255 2276 qua:
2274 2207 2385 2277 jam
2416 2209 2469 2263 in
2499 2210 2648 2265 nullo
2665 2210 2987 2268 discordant.
3014 2213 3164 2281 Quod
3194 2215 3335 2271 enim
3365 2218 3572 2275 Marcus

1991 2309 2377 2354 commemorat
2402 2301 2450 2355 ei
2493 2302 2771 2357 Dominum
2800 2305 3143 2373 respondisse
3169 2306 3238 2363 de
3273 2324 3409 2379 pane
3432 2311 3570 2367 lilio-

1990 2404 2110 2444 rum
2141 2406 2245 2445 non
2277 2391 2536 2447 mittendo
2563 2394 2814 2461 canibus,
2846 2396 2954 2452 illis
2982 2397 3306 2469 interpositis
3326 2442 3340 2466 ,
3368 2401 3569 2458 dictum

1988 2490 2072 2534 est
2090 2523 2104 2545 ,
2128 2496 2245 2550 quae
2265 2480 2543 2537 Mattliaeus
2559 2483 2700 2539 dicta
2722 2500 2824 2540 non
2849 2488 3012 2543 tacuit
3034 2508 3047 2543 :
3074 2489 3125 2544 id
3149 2501 3248 2559 est,
3267 2492 3388 2563 quia
3407 2492 3569 2550 disci.

1989 2571 2097 2641 puli
2125 2582 2443 2642 rogaverunt
2465 2589 2587 2629 eum
2620 2591 2715 2645 pro
2737 2577 2859 2644 illa;
2886 2586 2943 2633 et
2984 2581 3105 2650 quia
3147 2582 3421 2652 respondit
3459 2599 3567 2641 non

1987 2676 2048 2716 se
2062 2676 2187 2718 esse
2214 2664 2434 2718 missum
2458 2665 2556 2719 uisi
2581 2666 2647 2720 ad
2676 2682 2803 2723 oves
2827 2684 2945 2738 qua:
2969 2671 3239 2740 perierunt
3264 2672 3455 2731 domus
3484 2675 3566 2731 ls-

1986 2751 2129 2817 rael;
2154 2761 2208 2806 et
2229 2753 2348 2822 quia
2376 2754 2461 2807 illa
2484 2754 2662 2823 venit,
2692 2755 2744 2810 id
2774 2766 2854 2811 est
2873 2799 2888 2824 ,
2916 2770 3200 2815 consecuta
3226 2770 3336 2827 est,
3363 2773 3418 2818 et
3432 2763 3568 2818 ado-

1986 2843 2122 2897 ravit
2160 2860 2280 2898 eum
2322 2844 2533 2913 dicens,
2573 2846 2817 2915 Domine,
2845 2849 3034 2918 adjuva
3079 2868 3158 2905 me
3180 2861 3346 2911 :tunc
3370 2854 3568 2913 dcindo

1987 2932 2187 2988 dictum
2210 2945 2292 2990 est
2315 2937 2456 3007 quod
2480 2939 2828 3009 Evangelistae
2848 2941 3008 2997 ambo
3033 2958 3471 3003 commemorant.

1986 3025 2210 3081 CAPUT
2235 3026 2299 3083 L.
2326 3057 2400 3069 —
2428 3027 2554 3083 Cum
2594 3031 2658 3084 de
2695 3042 2884 3102 septem
2925 3035 3137 3104 panibus
3182 3039 3319 3109 pavit
3359 3042 3561 3111 turbas,

2092 3126 2258 3171 utrum
2281 3118 2412 3173 inter
2433 3137 2486 3174 se
2508 3121 2779 3177 Matt/tatus
2802 3122 3104 3197 Mareusque
3134 3131 3452 3188 conveniant.

2058 3210 2177 3265 I04.
2203 3209 2454 3281 Sequitur
2482 3214 2760 3272 Matthmus
2781 3218 2850 3270 ita
2874 3233 3133 3275 narrans:
3157 3220 3226 3275 Et
3248 3240 3364 3279 cum
3387 3234 3563 3280 trans-

1983 3301 2099 3356 isset
2136 3304 2254 3358 inde
2275 3303 2458 3373 Iesus,
2494 3308 2623 3361 venit
2664 3325 2805 3363 secus
2844 3327 2982 3364 mare
3009 3310 3265 3379 Galiltew;
3295 3326 3342 3370 et
3383 3333 3563 3374 ascen-

1982 3394 2106 3447 dens
2144 3395 2197 3448 in
2239 3405 2486 3461 montem,
2512 3397 2711 3452 sedebat
2750 3399 2839 3454 ibi.
2885 3398 2949 3455 Et
2988 3414 3302 3459 accesserunt
3338 3406 3408 3460 ad
3445 3424 3560 3463 eum

1982 3487 2141 3541 turbat
2167 3489 2371 3552 multat,
2402 3490 2636 3545 habentes
2662 3508 2829 3545 secum
2868 3503 3031 3548 mutos
3049 3536 3064 3559 ,
3095 3495 3335 3563 claudos,
3366 3515 3557 3568 cteros,

1981 3576 2200 3644 debiles,
2232 3588 2281 3633 et
2314 3580 2442 3634 alios
2478 3581 2698 3647 multos;
2726 3590 2773 3635 et
2818 3584 3132 3653 projecerunt
3176 3603 3260 3641 eos
3302 3588 3371 3641 ad
3407 3590 3559 3658 pedes

1980 3670 2088 3741 ejus
2107 3711 2123 3736 ,
2153 3679 2199 3725 et
2238 3672 2427 3726 curavit
2464 3689 2585 3727 eos:
2606 3674 2677 3727 ita
2710 3683 2763 3728 ut
2793 3677 2951 3730 turba:
2987 3678 3307 3745 mirarentur,
3334 3681 3556 3739 videntes

1979 3773 2145 3817 mutos
2178 3762 2464 3834 loquentes,
2491 3766 2698 3820 claudos
2735 3768 3075 3837 ambulantes,
3103 3787 3262 3826 cwcos
3303 3773 3554 3837 videntes;

1978 3863 2025 3906 et
2053 3855 2442 3925 magniﬁcabant
2480 3855 2644 3910 Deum
2673 3856 2855 3912 Israel.
2884 3858 3035 3914 Iesus
3076 3872 3240 3915 autem
3273 3866 3553 3920 convocatis

1977 3943 2238 4013 discipulis
2262 3946 2365 4000 suis
2393 3946 2521 4001 dixit
2550 3963 2570 4001 :
2601 3947 2845 4002 Misereor
2873 3950 3031 4004 turba:
3048 3990 3063 4017 ,
3089 3953 3209 4023 quia
3237 3954 3404 4009 triduo
3433 3956 3552 4027 jam

1975 4046 2287 4105 perseverant
2311 4053 2524 4105 mecum,
2545 4049 2590 4092 et
2606 4056 2706 4092 non
2722 4039 2901 4094 habent
2928 4043 3063 4108 quod
3081 4045 3401 4113 manducent,
3423 4056 3554 4116 etc.,

1976 4141 2145 4194 usque
2164 4126 2231 4181 ad
2256 4128 2382 4182 illud
2406 4128 2494 4183 ubi
2522 4130 2614 4194 ait,
2638 4130 2798 4185 Erant
2824 4144 2993 4186 autem
3020 4134 3108 4205 qui
3129 4136 3555 4193 manducaverunt

1973 4227 2190 4288 quatuor
2238 4219 2399 4272 millia
2447 4220 2734 4288 hominum,
2763 4234 2906 4276 extra
2954 4224 3189 4293 parvulos
3228 4234 3276 4279 et
3320 4226 3553 4281 mulieres

1974 4307 2184 4377 (Matth.
2213 4326 2284 4365 xv
2302 4353 2317 4377 ,
2345 4311 2559 4384 29-58).
2591 4313 2703 4368 lloc
2731 4313 2873 4368 aliud
2900 4314 3210 4370 miraculum
3251 4317 3319 4372 de
3342 4327 3547 4389 septem

1972 4404 2197 4471 panibus
2225 4414 2280 4458 et
2302 4406 2484 4475 paucis
2511 4405 2777 4475 pisciculis
2798 4407 2957 4461 etiam
2987 4407 3193 4463 Marcus
3219 4425 3549 4467 commemo-

1970 4505 2054 4550 rat
2098 4497 2284 4551 eodem
2336 4513 2470 4567 pene
2494 4498 2650 4552 etiam
2696 4498 2917 4564 ordine,
2948 4501 3046 4556 nisi
3089 4502 3210 4573 quia
3256 4505 3545 4577 interponit

1970 4587 2110 4657 quod
2141 4587 2314 4642 nullus
2338 4588 2471 4642 alius
2496 4588 2655 4654 dicit,
2696 4588 2763 4645 de
2793 4590 2954 4644 surdo
2982 4593 3066 4646 cui
3100 4594 3354 4650 Dominus
3383 4613 3539 4654 aures

1967 4679 2210 4745 aperuit,
2243 4694 2438 4749 spuens
2466 4689 2519 4733 ct
2561 4681 2775 4749 dicens,
2805 4681 3003 4750 E/feta,
3035 4687 3170 4758 quod
3212 4698 3320 4756 est,
3348 4691 3543 4762 adape-

1968 4768 2069 4820 rire
2099 4766 2284 4838 (Marc.
2315 4785 2408 4834 vn,
2438 4769 2527 4835 3I;
2549 4786 2662 4837 vm,
2685 4771 2764 4843 9).

2041 4860 2160 4913 I05.
2199 4861 2307 4913 IIoc
2341 4876 2469 4915 sane
2508 4877 2611 4915 non
2642 4865 2708 4915 ab
2735 4879 2792 4918 re
2818 4861 2975 4919 fuerit
3016 4867 3304 4925 admonere
3346 4872 3396 4926 iu
3439 4872 3542 4928 hoc

1966 4951 2220 5005 miraculo
2245 4951 2313 5006 de
2340 4963 2544 5022 septem
2580 4954 2838 5023 panibus,
2884 4956 3025 5025 quod
3069 4957 3174 5012 duo
3202 4962 3542 5032 evangelista:

1963 5042 2240 5099 Mattlneus
2263 5045 2570 5119 Marcusque
2595 5058 2903 5117 posuerunt,
2929 5050 3048 5121 quia
3075 5050 3118 5106 si
3140 5053 3327 5123 aliquis
3354 5070 3539 5112 eorum

1964 5136 2015 5192 id
2037 5138 2276 5206 dixisset,
2299 5141 2386 5209 qui
2408 5139 2474 5194 de
2501 5141 2600 5194 illis
2625 5142 2859 5212 quinque
2898 5144 3119 5211 panibus
3147 5161 3250 5202 non
3280 5148 3542 5217 dixisset,

1962 5233 2259 5287 contrarius
2287 5234 2493 5289 czeteris
2520 5245 2812 5304 putaretur.
2831 5236 2961 5301 Quis
2981 5237 3123 5291 enim
3145 5255 3248 5294 non
3269 5242 3541 5300 existima-

1961 5332 2043 5379 ret
2070 5339 2229 5377 unum
2256 5323 2501 5395 idemque
2523 5324 2717 5380 factum
2744 5340 2894 5392 esse;
2926 5343 3030 5382 non
3055 5339 3229 5385 autem
3261 5332 3464 5403 integre
3486 5346 3540 5403 ct

1961 5415 2243 5480 veraciter,
2271 5414 2383 5471 sive
2407 5416 2473 5470 ab
2500 5416 2608 5477 illo,
2640 5417 2751 5472 sive
2788 5417 2855 5471 ab
2891 5418 3031 5485 aliis,
3059 5419 3171 5475 sive
3194 5421 3263 5477 ab
3288 5425 3540 5482 omnibus

1959 5504 2123 5561 fuisse
2163 5517 2431 5563 narratum
2455 5549 2470 5575 ,
2506 5509 2597 5563 sed
2627 5518 2718 5564 aut
2759 5510 2903 5565 illum
2935 5528 3031 5582 pro
3056 5514 3284 5584 quinque
3313 5518 3540 5586 panibus

1958 5606 2161 5667 septem
2191 5598 2316 5652 dum
2359 5598 2629 5655 falleretur
2663 5617 3141 5671 commemorasse,
3168 5615 3258 5659 aut
3300 5607 3416 5662 illus
3443 5624 3539 5679 pro

1957 5700 2162 5758 septem
2189 5692 2438 5760 quinque,
2466 5702 2553 5745 aut
2584 5704 2832 5763 utrosque
2857 5695 3126 5761 mentitos,
3158 5695 3241 5751 vel
3269 5698 3537 5755 oblivione

1957 5782 2250 5853 deceptos?
2280 5784 2389 5840 Iloc
2413 5794 2466 5840 ct
2487 5783 2553 5840 de
2573 5783 2850 5841 duodecim
2874 5785 3137 5856 copliiuis,
3169 5795 3223 5842 ct
3246 5788 3312 5844 de
3332 5800 3540 5859 septem

2797 5878 3257 5960 {Trente-s’ix.)
