4082 6452
545 380 699 443 ’1151

530 506 538 514 “
567 496 761 572 sportis
790 498 1097 570 opinaretur
1122 490 1272 564 quasi
1299 490 1620 565 contrarium
1652 504 1665 541 :
1701 487 1800 541 hoc
1820 484 1885 538 de
1905 482 2139 553 quinque

567 594 824 656 millibus,
851 598 905 645 et
931 588 1000 643 de
1020 596 1246 657 quatuor
1274 581 1507 636 millibus
1532 592 1715 633 eorum
1738 576 1824 646 qui
1855 588 2139 645 pasceren-

568 697 673 740 tur.
696 683 805 740 Sed
832 683 951 753 quia
981 680 1055 735 illi
1099 677 1188 748 qui
1217 674 1529 731 miraculum
1570 671 1637 727 de
1674 676 1877 741 septem
1916 667 2140 737 panibus

540 781 932 833 'narraverunt,
961 785 1059 825 nec
1074 766 1199 824 illud
1224 766 1290 822 de
1305 765 1537 835 quinque
1561 768 1850 826 tacuerunt,
1877 757 2138 813 neminem

546 875 746 920 ‘tnovet
771 906 786 927 ,
819 872 873 918 et
915 870 1196 929 utrumque
1235 855 1430 911 factum
1468 867 1655 909 omnes
1681 851 1994 919 intelligunt.
2029 848 2139 902 lloc

539 956 690 1012 'ideo
712 956 961 1019 diximus,
992 961 1048 1006 ιιι
1076 949 1241 1015 sicubi
1271 946 1444 1003 simile
1473 944 1737 1000 invenitur
1757 940 1951 996 factum
1975 955 2001 992 a
2030 939 2137 992 Do-

540 1048 733 1113 ‘miuo,
761 1043 900 1115 quod
927 1043 978 1096 in
1000 1042 1177 1110 aliquo
1199 1038 1353 1094 alteri
1377 1036 1722 1107 Evangelistzc
1748 1033 1816 1087 ita
1848 1044 2140 1100 repugnare

564 1138 825 1200 videatur,
854 1143 911 1188 ut
939 1133 1154 1186 cumino
1174 1129 1309 1187 solvi
1337 1144 1438 1184 non
1464 1127 1645 1199 possit,
1671 1125 1800 1180 nihil
1824 1123 1962 1177 aliud
1986 1123 2140 1176 intel-

546 1231 756 1299 ligatur
779 1241 933 1298 quam
960 1234 1241 1294 utrumque
1271 1222 1463 1278 factum
1490 1235 1610 1275 esse
1633 1261 1647 1284 ,
1678 1227 1732 1274 et
1758 1217 1898 1271 aliud
1943 1217 2008 1270 ab
2032 1215 2138 1271 alio

540 1324 1033 1377 'conmiemoratum
1066 1334 1079 1370 :
1110 1317 1245 1371 sicut
1281 1314 1348 1370 dc
1377 1312 1635 1376 centenis,
1668 1319 1721 1365 et
1757 1308 2139 1379 quinquagenis

539 1398 1015 1469 ~discumbentibus
1056 1407 1570 1471 commcndavimns;
1600 1403 1721 1475 quia
1752 1403 1796 1456 si
1831 1417 1935 1456 non
1979 1402 2137 1456 etiam

563 1503 693 1559 illud
731 1513 1012 1572 utrumque
1050 1500 1186 1570 apud
1228 1514 1387 1554 unum
1437 1496 1824 1559 inveniremus,
1871 1492 2136 1547 contraria

561 1596 797 1667 singulos
823 1595 1019 1649 dixisse
1047 1598 1355 1662 putaremus
1376 1586 1474 1659 (ιι).

559 1685 787 1743 CAPUT
824 1685 908 1740 LI.
939 1714 1004 1724 —
1034 1682 1181 1748 Quod
1206 1681 1328 1735 dicit
1355 1678 1408 1733 Μ
1416 1677 1629 1732 attinens
1670 1676 1787 1730 inde
1810 1691 1923 1729 eum
1950 1674 2140 1727 venisse

629 1781 684 1835 in
706 1780 833 1849 lines
854 1775 1129 1847 Magedan,
1158 1771 1404 1843 quomodo
1419 1778 1666 1841 congruat
1696 1768 1908 1829 Marco;
1934 1775 1979 1818 et
2002 1765 2053 1818 in
2079 1780 2137 1818 eo

504 1848 509 1857 ⁸
544 1880 545 1883 “
628 1871 765 1944 quod
795 1867 1067 1940 petentibus
1092 1869 1287 1937 signum
1316 1862 1573 1933 respondit
1600 1862 1781 1915 iterum
1810 1860 1872 1912 de
1894 1857 2047 1911 Jona.

542 1960 553 1968 ’
628 1963 752 2019 106.
780 1961 1031 2033 Sequitur
1057 1957 1352 2021 Matthtcus,
1381 1963 1434 2010 el
1469 1953 1595 2009 dicit
1623 1970 1637 2007 :
1670 1951 1735 2006 Et
1758 1951 1962 2004 dimissa
1992 1947 2137 2002 turba

559 2056 784 2111 ascendit
820 2054 874 2107 in
916 2050 1199 2106 naviculam
1237 2059 1283 2103 et
1320 2048 1447 2101 venit
1481 2045 1533 2099 in
1559 2045 1685 2114 fines
1712 2041 1963 2112 Magedan
1988 2082 2002 2104 ,
2029 2049 2134 2094 etc.

559 2129 727 2216 usque
754 2142 819 2197 ad
849 2141 977 2197 illud
1005 2140 1089 2193 ubi
1129 2140 1235 2204 ait,
1266 2136 1529 2192 Generatio
1564 2134 1697 2187 mala
1727 2141 1772 2186 et
1801 2132 2029 2184 adultera
2064 2130 2137 2183 si-

544 2243 713 2310 gnum
742 2237 941 2307 quierit,
970 2244 1016 2289 et
1038 2234 1236 2305 signant
1262 2248 1359 2286 non
1387 2229 1587 2283 dabitur
1613 2227 1675 2288 ei,
1700 2227 1796 2279 nisi
1820 2226 2014 2295 signum
2035 2222 2134 2276 Jo-

558 2346 641 2386 na:
664 2328 918 2400 propheta:
950 2325 1155 2399 (Matth.
1183 2339 1273 2390 xv,
1304 2321 1402 2387 '59;
1425 2336 1533 2383 tm,
1566 2319 1643 2389 1).
1669 2317 1779 2372 Iluc
1794 2316 1902 2387 jam
1934 2325 1988 2370 et
2010 2312 2137 2368 alibi

550 2410 692 2477 dixit
715 2419 853 2474 idem
894 2417 1169 2472 Mattineus
1197 2412 1304 2486 (Id.
1333 2428 1424 2476 xu,
1452 2409 1564 2483 39).
1605 2409 1756 2464 Unde
1782 2408 1938 2462 etiam
1979 2414 2138 2474 atque

548 2513 717 2568 etiam
781 2509 1119 2566 retinendum
1182 2516 1303 2571 est,
1356 2505 1549 2575 saipius
1613 2501 1891 2556 Dominum
1948 2498 2136 2554 eadem

557 2601 784 2667 dixisse;
811 2600 1033 2672 utquod
1063 2599 1323 2655 existente
1343 2595 1610 2652 contrario
1642 2594 1775 2650 solvi
1816 2608 1920 2648 non
1949 2599 2138 2662 potue-

558 2693 667 2760 rit,
721 2692 804 2748 bis
851 2692 1048 2747 dictum
1097 2689 1439 2760 intelligatur.
1506 2688 1656 2741 Ilune
1717 2701 1844 2740 sane
1894 2685 2135 2739 ordinem

559 2785 717 2842 ctiam
749 2785 953 2839 Marcus
989 2793 1205 2847 tenens,
1251 2790 1371 2851 post
1406 2780 1535 2834 illud
1577 2779 1644 2833 de
1681 2788 1882 2847 septem
1915 2775 2139 2846 panibus

552 2868 872 2934 'tniraculum
892 2918 908 2944 ,
939 2877 1040 2931 hoc
1076 2875 1213 2930 idem
1242 2873 1449 2943 subjicit
1494 2871 1634 2942 quod
1676 2870 1955 2925 Matthtcus
1975 2912 1989 2935 ,
2037 2869 2136 2924 nisi

560 2968 701 3039 quod
728 2966 1075 3024 Dalmauutha
1099 3006 1115 3033 ,
1147 2965 1286 3035 quod
1326 2965 1376 3018 in
1415 2962 1724 3034 quibusdam
1766 2960 2037 3016 codicibus
2065 2961 2141 3016 Ie-

553 3063 722 3131 gitur,
752 3075 856 3115 non
881 3057 1014 3115 dixit
1045 3059 1319 3114 Mattlnens
1340 3100 1358 3125 ,
1389 3058 1480 3112 sed
1508 3056 1759 3126 Magedan
1788 3055 1977 3127 (Mare.
2008 3070 2099 3110 vut
2119 3094 2135 3121 ,

562 3152 773 3223 £042).
812 3151 929 3207 Non
965 3158 1139 3205 autem
1177 3148 1519 3203 dubitandum
1562 3156 1643 3203 est
1679 3145 1924 3201 emndem
1964 3145 2138 3201 locum

563 3260 682 3299 esse
711 3242 809 3298 sub
832 3253 1056 3313 utroque
1087 3242 1321 3296 nomine.
1354 3238 1482 3293 Nam
1529 3239 1760 3309 plerique
1794 3238 2006 3292 codices
2034 3252 2139 3291 non

554 3333 758 3389 habent
786 3334 942 3389 etiam
979 3332 1267 3387 secundum
1297 3331 1528 3385 Marcum
1547 3373 1563 3397 ,
1601 3330 1697 3385 nisi
1728 3329 1998 3399 Magedan.
2029 3328 2140 3384 Nec

555 3423 695 3480 illud
735 3432 961 3486 moveat,
992 3425 1132 3493 quod
1162 3423 1366 3478 Marcus
1397 3440 1500 3477 nun
1527 3423 1654 3477 dicit
1680 3437 1988 3491 resimiistnn
2020 3437 2140 3478 che

558 3518 920 3588 'qumrcntibus
943 3518 1149 3588 signum
1175 3516 1240 3571 de
1261 3518 1415 3578 coelo,
1445 3514 1582 3570 idem
1605 3515 1744 3584 quod
1773 3513 2048 3569 Matthseus
2072 3515 2141 3571 de

472 3662 479 3665 _
555 3608 716 3674 ‘Jona,
746 3608 837 3663 sed
864 3609 937 3662 ait
965 3608 1240 3661 hominum
1270 3606 1607 3676 respondisse
1627 3647 1642 3671 ,
1671 3604 1891 3677 Signum
1918 3623 2019 3660 non
2046 3606 2141 3659 da-

558 3703 698 3755 ‘tu'tur
721 3700 785 3754 ei.
820 3700 1222 3770 Intelligendum
1250 3708 1331 3755 est
1358 3700 1499 3755 enim
1528 3700 1680 3770 quale
1707 3699 1957 3771 petebant
1979 3743 1992 3763 ,
2040 3700 2140 3754 hoc

563 3802 665 3855 est.
692 3793 759 3847 de
781 3793 916 3848 caelo
942 3810 954 3845 :
980 3793 1317 3861 praetermisit
1337 3803 1509 3848 autem
1535 3793 1710 3849 dicere
1731 3793 1797 3848 de
1822 3792 1974 3857 Jona,
1998 3790 2140 3862 quod

560 3881 844 3937 Matthmus
869 3885 1324 3938 commemoravit.

564 3972 790 4031 CAPUT
830 3974 936 4029 LII.
971 4006 1041 4016 ——
1069 3975 1143 4030 De
1170 3976 1410 4046 fermento
1438 3974 1815 4030 Pharisazorum
1834 4017 1850 4042 ,
1892 3973 2141 4048 quomodo

777 4083 890 4120 cum
919 4064 1094 4122 Marco
1129 4068 1417 4135 conveniat,
1447 4066 1527 4122 vel
1551 4082 1604 4121 re
1628 4069 1704 4121 vel
1734 4068 1928 4122 ordine.

639 4156 760 4213 107.
793 4157 1039 4228 Sequitur
1082 4157 1355 4213 Matthtcus
1388 4176 1401 4213 :
1431 4157 1498 4212 Et
1535 4158 1721 4212 relictis
1760 4159 1862 4212 illis
1904 4158 2043 4212 abiit.
2076 4157 2145 4212 Et

566 4267 681 4304 cum
697 4250 947 4305 evenissent
971 4250 1207 4322 discipuli
1233 4250 1341 4321 ejus
1366 4254 1505 4305 trans
1529 4252 1728 4322 fretum,
1756 4249 1896 4304 obliti
1920 4260 2035 4303 sunt
2052 4267 2147 4321 pa-

565 4359 653 4395 nes
690 4343 931 4414 accipere.
975 4341 1074 4408 Qui
1118 4343 1247 4397 dixit
1278 4342 1380 4397 illis
1412 4359 1430 4397 :
1459 4340 1735 4395 Intuemini
1756 4384 1772 4409 ,
1823 4349 1868 4397 et
1906 4350 2072 4396 cavete
2113 4357 2147 4395 a

567 4438 811 4509 fermento
842 4433 1219 4489 Pharisraorum
1246 4444 1292 4490 et
1320 4435 1701 4501 Saducceorum,
1721 4444 1848 4500 etc.,
1883 4451 2050 4506 usque
2078 4435 2146 4492 ad

567 4525 696 4581 illud
727 4527 817 4581 ubi
843 4528 955 4595 ait,
995 4524 1137 4580 Tunc
1174 4527 1525 4581 intellexerunt
1553 4527 1670 4597 quia
1713 4542 1815 4580 non
1853 4526 2034 4581 dixerit
2061 4543 2148 4579 ca-

567 4618 783 4673 vendum
804 4635 836 4670 a
860 4618 1101 4688 fermento
1126 4635 1335 4690 panum,
1358 4618 1445 4672 sed
1468 4635 1498 4670 a
1525 4616 1753 4671 doctrina
1773 4615 2148 4672 Pharisaeorum

573 4718 615 4762 et
644 4709 1005 4764 Saducworum
1035 4708 1248 4780 (Matth.
1278 4725 1382 4772 xu,
1413 4709 1595 4776 5-l‘2).
1624 4707 1748 4761 Haec
1773 4707 1958 4764 eadem
1986 4708 2147 4762 etiam

570 4801 778 4858 illan-eus
803 4810 855 4856 et
875 4800 1061 4855 eodem
1089 4800 1273 4855 ordine
1298 4799 1487 4869 digerit
1514 4798 1703 4869 (Marc.
1729 4814 1840 4863 vui,
1871 4799 2078 4871 15-21).

569 4894 796 4951 CAPUT
835 4893 964 4948 LIII.
988 4924 1059 4933 —
1085 4892 1210 4948 Cum
1236 4890 1559 4963 interrogavit
1590 4892 1889 4963 discipulos,
1915 4908 2060 4961 quem
2084 4891 2151 4944 il-

566 4974 571 4984 ’
646 4989 749 5042 lum
776 4988 992 5041 dicerent
1022 4986 1265 5049 homines,
1293 4973 1462 5037 uirum
1488 4982 1618 5037 nihil
1644 4984 1773 5037 inter
1798 5000 1850 5037 se
1876 4990 2151 5053 repugnent

647 5081 938 5147 Matth’tcus,
966 5078 1172 5133 Marcus
1192 5087 1237 5132 et
1264 5076 1448 5142 Lucas,
1477 5076 1619 5131 rebus
1644 5085 1729 5129 aut
1757 5075 1951 5129 ordine.

647 5177 767 5232 108.
797 5175 1045 5245 Sequitur
1070 5173 1348 5228 Mattharns
1378 5189 1391 5224 :
1430 5168 1574 5224 Venit
1600 5180 1765 5222 autent
1784 5167 1934 5222 Iesus
1954 5166 2005 5221 in
2026 5184 2153 5240 par-

574 5282 647 5329 tes
675 5272 917 5327 Cursarem
963 5267 1191 5338 Philippi
1215 5310 1229 5332 ,
1278 5275 1325 5320 et
1356 5261 1695 5335 interrogabat
1733 5246 2004 5332 discipulos
2037 5276 2154 5314 suos

576 5366 746 5420 dicens
773 5380 791 5418 :
824 5362 981 5427 Quem
1015 5376 1094 5413 me
1125 5360 1140 5391 ¹
1172 5359 1342 5412 dicunt
1371 5339 1610 5409 homines
1632 5369 1737 5408 esse
1762 5351 1809 5405 F
1810 5352 1951 5405 ilium
1987 5350 2153 5404 homi-

576 5458 697 5515 nis?
724 5455 789 5511 At
826 5452 906 5510 ilii
949 5452 1222 5509 dixerunt:
1249 5451 1355 5506 Alii
1411 5447 1663 5503 Joannem
1705 5446 1988 5519 Baptistam
2012 5486 2027 5510 ,
2064 5443 2155 5497 alii

577 5560 745 5605 autem
773 5547 965 5611 Etiam,
993 5544 1083 5598 alii
1107 5559 1219 5597 vero
1242 5539 1534 5604 Jeremiam,
1556 5542 1644 5592 aut
1662 5554 1815 5592 unum
1843 5553 1905 5591 ea:
1925 5534 2158 5606 Prophe-

632 5666 659 5698 ιι
686 5671 736 5713 tn
757 5662 901 5713 editis
924 5638 1190 5718 exciderat,
1212 5668 1322 5719 me;
1342 5653 1471 5718 quod
1492 5651 1572 5704 hic
1591 5651 1653 5702 εἰη
1683 5652 1878 5716 optima:
1899 5657 2028 5702 nota:
2047 5656 2154 5703 uss.

578 5725 802 5782 habetur,
829 5730 880 5773 et
900 5725 950 5772 in
972 5733 1147 5784 grreeo.

564 5806 571 5820 “
642 5808 714 5870 (a)
735 5806 852 5857 Vide
870 5817 1031 5868 supra,
1049 5815 1151 5864 cap.
1183 5799 1262 5849 46.

1355 376 1443 432 DE
1480 370 1826 431 CONSENSU
1868 364 2510 430 EVANGELISTARUM,
2550 367 2607 423 S.
2649 365 3007 423 AUGUSTINI

3679 368 3816 426 1132

2246 479 2325 540 tis,
2345 489 2472 545 etc.,
2499 493 2666 549 usque
2685 481 2749 533 ad
2774 480 2899 534 illud
2919 480 3007 534 ubi
3035 480 3127 545 ait,
3162 478 3225 533 Et
3244 480 3585 551 quodcumque
3610 482 3814 539 sols-eris

2243 585 2396 638 super
2435 579 2620 625 terram
2642 611 2658 639 ,
2705 572 2796 625 erit
2833 573 3050 626 solutum
3088 582 3134 626 et
3173 574 3225 627 in
3266 572 3406 628 caelis
3445 573 3659 647 (Matth.
3684 592 3769 631 stu
3795 619 3813 642 ,

2247 660 2450 727 15-19).
2485 661 2595 716 Hoc
2628 661 2815 718 eodem
2840 678 2974 734 pene
3010 662 3198 736 ordine
3237 663 3443 720 Marcus
3470 675 3689 732 narrat,
3718 666 3812 722 sed

2245 753 2557 822 interposuit
2573 753 2745 825 primo
2773 754 2840 810 de
2867 770 3009 810 careo
3029 756 3336 818 illuminato,
3368 756 3507 825 quod
3535 758 3683 811 solus
3704 760 3813 828 ipse

2243 853 2642 910 commemorat,
2664 844 2728 900 de
2750 846 2840 900 illo
2865 847 2950 915 qui
2972 847 3101 900 dixit
3128 848 3367 906 Domino.
3407 846 3564 901 Video
3588 850 3811 905 homines

2218 933 2368 986 sicut
2393 934 2592 990 arbores
2611 935 3128 1004 ambulantesUlarc.
3155 953 3266 1002 VIII,
3289 936 3500 1010 22-29).
3534 939 3704 994 Lucns
3721 955 3812 994 au-

2244 1034 2349 1079 tem
2381 1037 2496 1095 post
2524 1027 2834 1082 miraculum
2861 1027 2989 1083 illud
3018 1029 3083 1083 de
3103 1030 3330 1099 quinque
3357 1030 3582 1100 panibus
3607 1032 3709 1084 hoc
3728 1045 3812 1085 re-

2219 1105 2528 1184 cordatur,
2563 1127 2721 1189 atque
2759 1119 2944 1173 inserit
2974 1118 3119 1190 (Luc.
3161 1136 3209 1173 is
3230 1162 3246 1186 ,
3281 1118 3471 1192 18-20)
3500 1137 3515 1176 :
3541 1120 3698 1189 cujus
3722 1135 3791 1175 re

2221 1208 2563 1264 'cordationis
2609 1210 2740 1265 ordo
2763 1252 2778 1277 ,
2817 1211 2952 1265 sicut
2988 1226 3144 1281 supra
3180 1212 3290 1280 jam
3333 1212 3698 1276 ostendimus,
3726 1212 3810 1267 ni-

2220 1300 2316 1353 hil
2361 1312 2613 1373 repugnat
2652 1301 2824 1357 ordini
2863 1302 3102 1357 istorum.
3147 1303 3253 1359 Sed
3292 1312 3466 1373 potest
3511 1303 3642 1359 illud
3690 1318 3810 1359 nte-

2224 1405 2394 1458 -vcre,
2441 1391 2579 1460 quod
2614 1391 2780 1446 Lucas
2810 1392 3087 1447 Dominum
3131 1396 3487 1465 interrogasse
3521 1394 3811 1465 discipulos

2243 1496 2399 1548 suos,
2428 1498 2583 1552 quem
2613 1483 2757 1537 illum
2783 1483 3021 1539 dicerent
3047 1484 3316 1552 homines,
3347 1496 3471 1541 tunc
3495 1486 3658 1549 dixit,
3687 1501 3813 1540 cum

2243 1583 2382 1629 esset
2410 1576 2556 1630 solus
2578 1592 2736 1631 orans
2755 1617 2768 1642 ,
2796 1586 2852 1632 et
2876 1577 3122 1633 adessent
3149 1579 3306 1649 etiam
3346 1579 3443 1649 ipsi
3478 1598 3492 1634 :
3522 1593 3683 1648 porro
3709 1593 3812 1633 an-

2244 1677 2346 1721 tem
2371 1668 2578 1723 Marcus
2604 1669 2654 1722 in
2680 1670 2763 1723 via
2787 1669 2916 1724 dicit
2944 1670 3060 1724 illos
3086 1670 3186 1724 hoc
3210 1670 3276 1725 ab
3296 1671 3484 1726 eodem
3514 1672 3814 1741 interroga-

2245 1770 2344 1815 tos.
2373 1759 2477 1814 Sed
2505 1774 2623 1812 eum
2652 1770 2856 1825 movet,
2887 1761 2974 1832 qui
3006 1777 3272 1831 tmnquam
3299 1763 3473 1816 oravit
3506 1762 3557 1815 in
3585 1762 3667 1814 vis
3695 1762 3739 1813 ³.

2315 1851 2435 1907 109.
2463 1851 2579 1908 Jam
2606 1852 2764 1907 etiam
2789 1853 2985 1908 dixisse
3009 1870 3095 1907 me
3121 1854 3317 1919 recolo,
3348 1869 3416 1909 ne
3444 1854 3561 1922 quis
3586 1851 3817 1907 arbitre-

2244 1954 2328 1999 tur
2354 1945 2492 2015 quod
2521 1944 2606 1999 hic
2634 1946 2820 2000 Petrus
2847 1960 3037 2001 nomen
3064 1947 3346 2017 acceperit,
3380 1947 3466 2001 ubi
3495 1946 3566 2000 illi
3590 1946 3699 2010 ait,
3734 1942 3817 1998 Tu

2241 2052 2292 2090 es
2320 2034 2534 2098 Petrus,
2570 2045 2616 2090 et
2648 2052 2799 2108 super
2834 2036 2963 2090 hanc
2996 2045 3186 2107 petram
3225 2037 3486 2106 rediﬁcabo
3526 2034 3818 2090 Ecclesiaste

2243 2143 2402 2180 meam
2451 2126 2563 2181 Non
2587 2126 2727 2181 enim
2752 2126 2958 2197 accepit
2979 2126 3081 2182 hoc
3102 2143 3315 2192 nomen,
3346 2128 3446 2181 nisi
3467 2126 3555 2180 ubi
3580 2125 3820 2180 Joannes

2241 2226 2621 2272 eounuemorat
2658 2216 2706 2270 ei
2741 2215 2938 2270 dictum
2978 2230 3099 2272 esse
3121 2258 3136 2281 ,
3170 2216 3244 2271 Tu
3284 2215 3535 2271 vocaberis
3571 2213 3817 2284 ϐάριδας,

2241 2310 2375 2377 quod
2402 2311 2752 2379 interpretatur
2779 2308 2960 2362 Petrus
2988 2307 3162 2381 (Joan.
3190 2324 3207 2364 ι
3230 2350 3245 2374 ,
3273 2308 3385 2379 42).
3414 2306 3567 2363 Unde
3594 2319 3696 2361 nec
3724 2305 3822 2361 illo

2243 2403 2377 2463 loco,
2431 2403 2517 2456 ubi
2567 2403 2772 2456 Marcus
2827 2400 3109 2456 duodecim
3157 2400 3448 2472 discipulos
3497 2397 3823 2454 nominatim

2241 2510 2686 2561 commemorans,
2723 2494 2855 2549 dixit
2879 2493 3168 2564 appellatos
3191 2493 3443 2549 Jacobum
3470 2502 3526 2548 et
3551 2491 3823 2548 Joannem

2243 2584 2379 2638 ﬁlios
2403 2585 2616 2639 tonitrui
2636 2627 2649 2647 ,
2693 2585 3054 2639 arbitrantium
3094 2590 3179 2640 est
3200 2599 3392 2639 nomen
3417 2583 3690 2653 accepisse
3713 2582 3824 2637 Pe.

2242 2682 2413 2738 trum;
2458 2677 2578 2746 quia
2618 2675 2749 2729 dixit
2785 2675 2892 2729 illic
2920 2674 3061 2746 quod
3090 2674 3403 2745 imposuerit
3442 2674 3490 2729 ei
3535 2687 3734 2729 nomen
3768 2680 3827 2727 nt

2241 2776 2523 2823 vocaretur
2545 2768 2731 2822 Petrus
2756 2766 2945 2841 (Marc.
2974 2782 3031 2821 tn
3051 2808 3065 2831 ,
3105 2765 3291 2837 1649)
3320 2783 3335 2819 :
3365 2765 3635 2821 hoc-enim
3662 2778 3827 2822 reooo

2243 2857 2401 2912 lende
2430 2857 2583 2923 dixit,
2611 2873 2716 2912 non
2746 2857 2885 2926 quod
2915 2868 3041 2911 tunc
3066 2855 3258 2911 factum
3289 2857 3378 2910 sit.

2240 2948 2467 3005 CAPUT
2506 2948 2635 3003 LW.
2673 2978 2740 2989 --
2770 2947 2867 3004 Ubi
2911 2947 3266 3017 prwnuntiavit
3312 2946 3578 3017 discipulis
3624 2944 3829 3016 passio-

2312 3057 2425 3095 nem
2449 3057 2613 3104 suam,
2642 3055 2757 3111 qua:
2783 3041 2846 3097 sit
2869 3041 2998 3094 inter
3024 3038 3344 3107 Hattlusum,
3377 3037 3613 3092 Marcum
3637 3047 3686 3092 et
3711 3034 3828 3090 Lst-

2312 3147 2423 3185 cam
2447 3132 2807 3186 convenientia.

2314 3223 2437 3278 110.
2478 3222 2729 3293 Sequitur
2768 3221 3080 3287 Mattheus,
3113 3227 3168 3277 ct.
3199 3221 3328 3276 dicit
3356 3238 3371 3275 :
3403 3218 3546 3274 Tunc
3586 3217 3831 3290 precepit

2234 3313 2506 3385 discipulis
2547 3315 2652 3369 suis
2669 3355 2685 3382 ,
2716 3322 2773 3367 ut
2795 3314 2981 3367 nemini
3009 3313 3226 3367 dicerent
3249 3311 3366 3382 quia
3390 3311 3500 3381 ipse
3522 3318 3647 3364 esset
3672 3307 3832 3363 Iesus

2244 3405 2489 3460 Christus.
2520 3403 2726 3460 Exinde
2751 3406 2897 3475 carpit
2933 3402 3087 3458 Iesus
3124 3402 3382 3458 ostendere
3413 3399 3677 3469 discipulis
3716 3397 3833 3452 suis

2240 3498 2361 3568 quia
2403 3504 2649 3569 oporteret
2685 3512 2799 3551 eum
2837 3496 2913 3549 ire
2946 3491 3318 3565 Jerosolgmam
3335 3534 3351 3558 ,
3395 3501 3441 3546 et
3472 3490 3629 3545 multa
3657 3487 3773 3560 peti
3799 3501 3834 3539 ι

2242 3587 2519 3643 senioribus
2542 3597 2589 3641 et
2617 3587 2828 3655 Scribis,
2852 3596 2980 3655 etc.,
3000 3600 3167 3657 usque
3193 3584 3260 3640 ad
3288 3576 3420 3639 illud
3444 3583 3530 3639 ubi
3557 3582 3666 3647 ait,
3701 3578 3833 3637 Non

2243 3680 2382 3749 sapis
2423 3695 2484 3733 ea
2505 3695 2618 3750 qua:
2644 3678 2740 3733 Dei
2771 3686 2925 3744 sunt,
2967 3678 3058 3735 sed
3083 3694 3142 3733 ea
3170 3692 3285 3748 qua
3319 3657 3577 3730 hominum
3606 3670 3828 3745 (Matth.

2244 3785 2365 3835 xvr,
2408 3770 2627 3842 20-25).
2658 3768 2787 3825 Haec
2808 3769 2999 3825 eodem
3042 3768 3237 3822 ordine
3264 3766 3584 3821 subnectunt
3617 3761 3832 3816 Marem

2245 3868 2303 3916 et
2327 3861 2499 3918 Lucas
2527 3861 2716 3934 (Marc.
2742 3876 2838 3917 nn
2861 3903 2878 3929 ,
2909 3858 3106 3923 '50-'53,
3152 3868 3198 3912 et
3241 3857 3367 3911 Luc.
3406 3872 3498 3920 ιι.
3537 3854 3603 3909 21
3625 3895 3643 3919 ,
3679 3850 3827 3924 22):

2239 3955 2339 4012 sed
2370 3955 2538 4010 Lucas
2565 3954 2633 4010 de
2658 3954 2819 4011 Petro
2842 3996 2858 4021 ,
2889 3953 3026 4024 quod
3060 3951 3290 4023 passioni
3318 3948 3513 4005 Christi
3552 3942 3828 4003 contradi-

2244 4050 2404 4115 xerit,
2430 4056 2588 4104 tacet.

2245 4139 2474 4196 CAPUT
2510 4137 2620 4195 LV.
2657 4167 2730 4179 -—
2759 4136 2855 4193 Ubi
2884 4135 3196 4207 subjungunt
3242 4132 3395 4186 iidem
3429 4138 3529 4184 tres
3575 4123 3832 4198 quamde
3870 4130 3881 4146 '

2244 4254 2249 4259 ο
2313 4230 2610 4304 praeceperit
2645 4227 2892 4282 Dominus
2914 4235 2973 4280 ut
3008 4235 3120 4297 post
3148 4240 3261 4278 eum
3286 4223 3375 4293 qui
3396 4220 3608 4275 voluerit
3624 4218 3803 4272 ueniat

2319 4340 2469 4396 quant
2496 4338 2663 4377 secum
2689 4318 3010 4375 concordent.

2322 4393 2445 4471 111.
2472 4412 2721 4484 Sequitur
2740 4409 3015 4465 Matthaius
3040 4425 3055 4462 :
3086 4404 3227 4460 Tunc
3248 4418 3399 4457 sesus
3414 4400 3547 4454 dicit
3563 4393 3832 4465 discipulis

2249 4511 2355 4565 suis
2379 4525 2399 4564 :
2427 4506 2490 4563 Si
2512 4506 2623 4577 quis
2646 4505 2751 4559 vult
2780 4511 2891 4573 post
2918 4517 2998 4554 me
3021 4497 3206 4561 venire,
3234 4494 3441 4563 abneget
3462 4488 3829 4577 semetipsum,

2252 4608 2299 4654 et
2336 4597 2477 4652 tollat
2502 4574 2699 4649 crucem
2723 4607 2887 4655 suam,
2915 4597 2961 4644 et
2989 4594 3226 4654 sequatur
3258 4597 3340 4636 me
3361 4621 3377 4647 ,
3404 4587 3532 4645 etc.,
3567 4590 3738 4646 usque
3762 4574 3834 4631 ad

2254 4689 2381 4745 illud
2409 4688 2497 4743 ubi
2528 4687 2621 4752 ait,
2647 4683 2716 4739 Et
2739 4693 2855 4738 tunc
2873 4679 3047 4735 reddet
3084 4674 3350 4744 unicuique
3387 4668 3662 4725 secundum
3704 4681 3831 4738 opus

2253 4784 2362 4854 ejus
2404 4779 2611 4854 (Matth.
2653 4791 2780 4843 xvr,
2806 4772 3017 4844 24—37).
3061 4771 3175 4826 Hoc
3220 4775 3277 4824 et
3317 4765 3525 4822 Marcus
3562 4759 3836 4854 subiungit

2254 4852 2498 4931 eumdem
2519 4871 2757 4926 ordinem
2783 4882 3000 4924 servans
3024 4883 3036 4918 :
3065 4862 3162 4919 sed
3186 4862 3300 4932 ipse
3327 4875 3430 4914 non
3455 4856 3586 4912 dicit
3605 4854 3675 4910 de
3702 4852 3836 4907 Filio

2256 4963 2485 5020 hominis
2533 4970 2758 5016 venturo
2797 4972 2917 5012 eum
2959 4953 3178 5025 Angelis
3217 4953 3366 5013 suis,
3406 4956 3463 5002 ut
3488 4943 3677 5000 reddat
3710 4940 3834 4997 uni-

2254 5057 2445 5125 cuique
2485 5049 2772 5107 secundum
2817 5060 2950 5117 opus
2998 5057 3174 5098 suum.
3211 5040 3609 5096 Commemorat
3654 5044 3836 5088 tamen

2244 5151 2414 5205 'etiam
2459 5145 2587 5201 illud
2617 5143 2813 5200 dixisse
2841 5139 3120 5195 Dominum
3144 5176 3159 5201 ,
3199 5133 3299 5201 Qui
3327 5132 3459 5187 enim
3487 5145 3565 5183 me
3594 5129 3838 5198 confusus

2252 5241 2429 5314 fuerit,
2458 5238 2513 5294 et
2529 5253 2640 5292 mea
2662 5236 2828 5300 verba,
2858 5232 2912 5286 in
2936 5229 3256 5302 generatione
3276 5227 3376 5281 ista
3399 5223 3631 5279 adultera
3652 5230 3701 5274 et
3731 5231 3840 5314 pec-

2259 5309 2462 5389 catrice.
2496 5338 2543 5383 et
2572 5327 2737 5383 Filius
2762 5323 2977 5379 hominis
3008 5319 3343 5392 confundetur
3364 5333 3477 5371 eum
3502 5329 3617 5368 cum
3650 5309 3841 5366 venerit

2259 5426 2314 5479 in
2342 5423 2505 5495 gloria
2531 5436 2625 5475 sua
2652 5433 2767 5473 cum
2794 5414 3001 5487 Angelis
3038 5412 3224 5468 sanctis
3254 5408 3444 5481 (Marc.
3465 5420 3557 5460 vnn
3575 5447 3590 5469 ,

2262 5493 2413 5583 Quod
2459 5510 2677 5580 intelligi
2706 5515 2885 5579 potest
2922 5504 2988 5559 ad
3036 5501 3278 5557 eamdesr
3325 5497 3631 5558 sententiam
3671 5493 3838 5558 perti-

2264 5620 2416 5674 nere,
2445 5617 2548 5676 qua
2573 5601 2704 5657 dixit
2730 5597 3028 5662 Mattlueus,
3056 5603 3116 5648 ut
3140 5590 3326 5647 rcdda.
3351 5584 3631 5654 unicuique
3651 5590 3843 5633 secun-
