4082 6528
302 450 444 509 1155

303 565 432 622 dum
463 572 598 630 opus
625 569 796 612 suum.
833 553 1004 616 Lucas
1029 559 1237 622 quoque
1261 542 1448 600 eadem
1473 539 1769 608 eodemque
1794 549 1886 630 or-

304 657 430 712 dine
457 625 716 712 annectit,
746 662 852 702 non
883 643 1107 700 multum
1145 639 1356 694 diverso
1381 633 1662 688 verborum
1690 625 1881 689 modo,

303 745 491 802 eadem
524 753 700 796 tamen
728 735 1110 793 sententiarum
1139 729 1360 786 veritate
1375 721 1705 781 simillimus‘
1731 716 1883 789 (Luc.

303 853 359 892 nt
381 877 394 899 ,
423 832 639 905 23-26).

303 925 535 983 CAPUT
576 900 706 978 LVI.
733 951 803 962 ——
835 918 983 986 Quod
1010 933 1065 972 se
1091 913 1335 968 Dominus
1370 908 1525 964 tribus
1549 901 1812 974 discipulis
1835 900 1889 953 in

381 1027 552 1071 monte
575 1014 791 1069 ostendit
817 1027 927 1065 cum
955 1009 1132 1079 Moyse
1155 1015 1200 1060 et
1232 1003 1384 1070 Elia,
1412 997 1661 1071 quomodo
1687 996 1814 1048 inter
1838 1008 1892 1046 se

381 1115 664 1176 congruant
688 1117 786 1158 tres
809 1103 892 1156 isti
920 1101 1094 1155 ordine
1114 1109 1160 1152 et
1179 1095 1346 1160 rebus,
1373 1102 1421 1147 et
1446 1091 1662 1145 maxime
1687 1095 1893 1158 propter

382 1215 646 1254 nantes-um
670 1197 902 1261 dierum,
930 1193 1050 1263 quia
1076 1189 1350 1243 Matthwus
1389 1194 1437 1239 et
1476 1183 1684 1237 Marcus
1717 1180 1893 1234 dicunt

383 1299 496 1362 post
524 1306 613 1344 sea;
633 1289 739 1342 dies
768 1291 978 1358 factum.
1005 1282 1139 1353 quod
1166 1279 1334 1334 Lucas
1364 1286 1475 1349 post
1495 1285 1627 1330 octo.

386 1382 512 1436 “9..
563 1381 811 1448 Sequitur
850 1376 1131 1430 Mattliaeus
1163 1389 1176 1425 :
1207 1370 1366 1424 Amen
1403 1369 1514 1422 dico
1555 1366 1694 1420 vobis
1724 1406 1738 1430 ,
1775 1370 1895 1419 sunt

311 1474 518 1545 quidam
544 1473 606 1525 de
626 1472 706 1524 hic
734 1468 998 1534 stantibus,
1023 1467 1106 1537 qui
1137 1481 1236 1518 non
1269 1462 1539 1535 gustabunt
1565 1467 1770 1514 mortem
1803 1457 1896 1511 do-

313 1582 404 1620 nec
427 1565 628 1619 videant
658 1562 852 1616 Filium
885 1561 1102 1614 hominis
1128 1558 1397 1612 venientem
1429 1557 1483 1610 in
1508 1569 1661 1625 regno
1689 1568 1802 1608 suo.
1827 1550 1896 1606 Et

314 1666 428 1727 post
457 1657 563 1709 dies
597 1671 686 1709 sea:
710 1653 981 1721 assumpsit
1008 1650 1159 1705 Iesus
1194 1650 1429 1713 Petrum,
1470 1657 1516 1702 et
1539 1644 1786 1700 Iacobum
1806 1686 1820 1710 ,
1849 1654 1897 1698 et

312 1749 566 1806 Joannem
597 1749 802 1818 fratrem
826 1748 965 1818 ejus,
1011 1754 1058 1798 et
1082 1745 1226 1797 duxit
1260 1743 1376 1796 illos
1407 1742 1460 1794 in
1489 1749 1709 1794 montem
1735 1735 1898 1792 excel-

313 1857 426 1895 sum
445 1855 689 1904 seorsum,
708 1845 834 1904 etc.,
860 1850 1026 1905 usque
1046 1834 1112 1889 ad
1140 1833 1265 1888 illud
1288 1833 1374 1890 ubi
1401 1832 1494 1897 ait,
1523 1829 1728 1885 Nemini
1754 1828 1897 1882 dixe-

313 1931 427 1984 ritis
454 1930 691 1984 visionem
711 1969 725 1991 ,
764 1927 922 1980 donec
951 1923 1120 1979 Filius
1163 1923 1383 1976 hominis
1423 1939 1454 1976 a
1482 1921 1691 1975 mortuis
1724 1935 1896 1973 resur-

314 2029 424 2091 gat.
468 2019 592 2074 Ilaec
617 2019 752 2073 visio
779 2016 984 2071 Domini
1021 2016 1075 2070 in
1112 2025 1292 2068 monte
1335 2027 1516 2068 coram
1547 2011 1715 2066 tribus
1743 2009 1900 2063 disci-

315 2111 478 2182 pulis,
525 2110 683 2164 Petro
704 2149 719 2172 ,
760 2107 958 2162 Iacobo
984 2115 1041 2160 et
1066 2105 1270 2160 Joanne
1290 2144 1304 2167 ,
1336 2104 1422 2158 ubi
1462 2103 1621 2158 etiam
1667 2101 1732 2156 de
1761 2099 1899 2155 caelo

316 2203 397 2258 illi
427 2201 784 2258 testimonium
810 2211 1046 2268 paterna:
1070 2197 1220 2252 vocis
1243 2194 1563 2265 perbibitum
1601 2201 1682 2247 est
1701 2237 1713 2255 ,
1743 2207 1772 2245 a
1800 2190 1898 2244 tri-

315 2293 419 2349 bus
445 2291 796 2362 Evangelistis
824 2289 1013 2344 eodem
1042 2288 1229 2342 ordine
1254 2291 1723 2348 commemoratur,
1755 2288 1808 2336 et
1833 2279 1900 2334 ad

313 2383 533 2441 easdem
579 2381 794 2436 omnino
830 2379 1121 2435 sententias
1148 2377 1356 2446 (Matth.
1394 2391 1505 2440 xvr,
1529 2375 1792 2440 28;xvu,
1823 2371 1896 2438 9;

321 2473 490 2530 Marc.
521 2488 643 2540 vut,
671 2471 740 2528 59
763 2488 778 2537 ;
799 2486 880 2536 ιι,
909 2469 964 2536 9,
996 2479 1042 2522 et
1063 2468 1189 2522 Luc.
1220 2483 1295 2533 ιχ,
1321 2465 1508 2536 27-56)
1544 2481 1558 2519 :
1591 2463 1684 2518 sed
1709 2470 1900 2517 caetera

322 2565 616 2623 secundum
650 2579 713 2620 ea
751 2577 946 2634 genera
976 2562 1300 2616 locutionum
1339 2559 1546 2613 diversa
1572 2598 1587 2623 ,
1636 2557 1751 2610 sine
1795 2555 1901 2610 ulla

319 2655 702 2712 sententiarum
737 2653 1049 2708 diversitate
1072 2693 1089 2718 ,
1135 2665 1254 2721 qua
1278 2649 1459 2704 multis
1486 2647 1620 2703 locis
1660 2647 1904 2717 superius

318 2745 826 2811 demonstravimus,
855 2743 1024 2798 videri
1050 2757 1081 2796 a
1108 2741 1396 2812 legentibus
1423 2747 1667 2811 possunt.

394 2839 516 2894 113.
545 2837 696 2906 Quod
730 2845 910 2891 autem
937 2835 1142 2890 Marcus
1176 2841 1294 2903 post
1321 2848 1416 2888 sex
1444 2832 1559 2887 dies
1596 2830 1792 2887 factum
1817 2829 1902 2884 di-

323 2931 424 2996 cit,
444 2930 582 2985 sicut
609 2931 909 2997 Mattlueus,
932 2929 1104 2984 Lucas
1123 2936 1298 2982 autem
1326 2935 1446 2998 post
1465 2934 1606 2991 octo,
1636 2940 1742 2980 non
1768 2939 1901 2978 con-

323 3021 595 3078 temnendi
633 3030 776 3088 sunt,
815 3021 859 3075 si
903 3035 1038 3090 quos
1083 3029 1278 3082 movet,
1319 3017 1411 3073 sed
1452 3017 1660 3072 ratione
1699 3014 1904 3071 reddita

327 3110 643 3166 instruendi.
674 3111 797 3167 Dies
826 3110 967 3166 enim
1002 3113 1212 3181 quando
1234 3108 1578 3164 enuntiemus
1619 3107 1857 3161 dicentes
1887 3121 1901 3159 :

325 3201 456 3256 Post
492 3209 571 3256 tot
607 3201 759 3267 dies;
801 3199 1082 3270 aliquando
1111 3214 1216 3255 non
1252 3213 1663 3253 annumeramus
1687 3212 1809 3252 eum
1849 3195 1904 3250 in

326 3307 436 3363 quo
460 3291 745 3362 loquimur,
773 3300 830 3346 et
850 3306 970 3346 eum
1000 3304 1107 3360 quo
1136 3304 1225 3345 res
1264 3289 1377 3360 ipsa
1410 3289 1586 3343 futura
1614 3296 1714 3351 est,
1745 3302 1905 3357 quam

328 3383 747 3452 praenuntiamus
771 3382 855 3437 vel
885 3381 1216 3451 pollicemur,
1258 3380 1351 3435 sed
1376 3380 1601 3447 medios,
1628 3388 1748 3450 post
1774 3394 1907 3449 quos

329 3490 517 3530 revera
561 3475 747 3544 plenos
769 3486 930 3545 atque
958 3473 1188 3544 integros
1230 3473 1360 3528 illud
1397 3472 1634 3528 futurum
1658 3481 1763 3528 est.
1796 3473 1908 3527 Hoc

330 3565 462 3622 Iecit
488 3567 766 3621 Mattbams
789 3574 844 3621 et
883 3566 1126 3630 Marcus;
1158 3571 1381 3634 exaepto
1421 3579 1490 3620 eo
1530 3563 1618 3619 die
1662 3579 1768 3635 quo
1795 3563 1908 3619 haec

333 3657 650 3728 loquebatur
675 3657 851 3724 Iesus,
879 3665 934 3712 et
967 3657 1056 3712 illo
1079 3671 1184 3726 quo
1217 3655 1456 3710 exhibuit
1485 3666 1828 3710 memoratam
1855 3655 1907 3709 in

332 3760 516 3805 monte
539 3751 816 3812 visionem,
852 3749 1054 3804 medios
1079 3749 1193 3804 dies
1215 3749 1475 3804 intuentes
1494 3747 1763 3812 dixerunt,
1788 3745 1912 3800 Post

332 3859 425 3897 sea:
453 3843 559 3896 dies
585 3858 603 3896 :
628 3842 771 3912 quod
792 3842 879 3897 ille
898 3841 1254 3895 annumeratis
1274 3839 1538 3905 ﬁnalibus,
1567 3839 1618 3893 id
1639 3847 1721 3894 est
1741 3839 1912 3909 primo

335 3942 496 4002 atque
525 3934 730 3999 ultimo,
762 3931 921 3998 dixit,
951 3931 1076 3986 Post
1096 3941 1207 3986 octo
1233 3932 1362 3998 dies,
1389 3947 1455 3987 eo
1481 3931 1729 4002 loquendi
1754 3930 1913 3986 modo

337 4039 445 4094 quo
472 4040 593 4095 pars
620 4039 715 4093 pro
744 4034 854 4079 IOIO
880 4033 1349 4079 commemoratur.

412 4116 535 4172 114.
567 4117 698 4171 Item
735 4117 875 4185 quod
901 4116 1070 4171 Lucas
1097 4116 1172 4170 ait
1194 4116 1261 4170 de
1287 4115 1465 4187 Moyse
1484 4125 1538 4170 et
1561 4116 1675 4170 Elia
1697 4157 1712 4184 ,
1739 4115 1804 4170 Et
1830 4119 1913 4189 fa-

337 4216 477 4261 ctum
498 4218 594 4274 est,
615 4208 738 4262 dum
759 4208 1068 4262 discederent
1087 4207 1148 4260 ab
1173 4208 1284 4271 illo,
1305 4208 1376 4261 ait
1402 4207 1585 4263 Petrus
1604 4208 1672 4262 ad
1694 4209 1870 4264 Iesum
1895 4225 1916 4264 :

340 4298 653 4371 Praeceptor,
680 4300 865 4356 bonum
888 4309 960 4355 est
985 4317 1075 4355 nos
1100 4301 1180 4354 hic
1203 4317 1328 4365 esse,
1355 4310 1411 4356 et
1429 4311 1646 4368 cetera,
1687 4319 1792 4358 non
1819 4303 1914 4358 de-

340 4391 434 4446 bet
461 4393 634 4461 putari
676 4393 1001 4448 contrarium
1045 4392 1095 4447 ei
1137 4392 1277 4462 quod
1304 4392 1579 4448 Mattbceus
1608 4393 1918 4464 Marcusque

335 4479 414 4537 ita
442 4485 851 4552 coniunxerunt,
874 4484 1088 4539 Petrum
1110 4483 1212 4539 hoc
1233 4486 1558 4555 suggessisse
1577 4487 1726 4556 quasi
1746 4487 1918 4542 adhuc

337 4573 552 4645 Moyses
578 4583 632 4630 et
657 4575 802 4630 Elias
833 4591 955 4630 cum
984 4575 1210 4630 Domino
1243 4576 1607 4646 loquerentur.
1634 4577 1751 4632 Non
1774 4579 1916 4632 enim

339 4675 743 4736 expresserunt,
774 4666 914 4737 quod
941 4673 1100 4731 tunc;
1130 4665 1225 4720 sed
1253 4674 1531 4721 tacuerunt
1554 4667 1746 4737 potius,
1777 4668 1918 4738 quod

339 4757 445 4814 iste
468 4757 692 4824 addidit,
721 4757 823 4813 illis
843 4757 1235 4813 discedentibus
1265 4757 1367 4811 hoc
1399 4756 1612 4811 Petrum
1646 4757 1713 4812 de
1751 4758 1919 4812 tribus

339 4850 696 4905 tabernaculis
737 4849 992 4904 faciendis
1044 4849 1266 4904 Domino
1307 4849 1653 4918 suggessisse.
1704 4848 1922 4906 Addidit

337 4940 500 4994 etiam
525 4939 695 4995 Lucas
714 4979 729 5003 ,
761 4938 1077 4994 intrantibus
1104 4939 1206 4993 illis
1230 4939 1284 4992 in
1309 4937 1501 4994 nubem
1529 4980 1545 5004 ,
1586 4937 1774 4994 laetam
1800 4954 1920 4995 esse

339 5046 528 5087 vocem
552 5031 622 5087 de
642 5031 820 5098 nube;
851 5030 992 5102 quod
1013 5031 1089 5086 illi
1108 5045 1215 5086 non
1243 5031 1510 5097 dixerunt,
1537 5031 1634 5087 sed
1660 5046 1760 5087 nec
1785 5047 1920 5087 con-

338 5123 690 5177 tradixerunt.

339 5218 571 5276 CAPUT
609 5219 764 5274 LVII.
789 5249 863 5260 —
890 5218 988 5274 Ubi
1012 5219 1075 5274 de
1101 5218 1316 5273 adventu
1343 5217 1476 5273 Elia:
1501 5218 1697 5274 locutus
1719 5227 1792 5272 est
1817 5218 1916 5284 eis,

435 5325 551 5379 qua
572 5312 636 5365 sit
659 5311 1000 5364 convenientia
1027 5312 1156 5365 inter
1180 5310 1478 5365 Matt/tamn:
1499 5320 1545 5365 et
1568 5309 1820 5364 Marcum.

416 5401 544 5456 115.
582 5401 829 5470 Sequitur
867 5401 1145 5456 Matthcuus
1171 5417 1190 5456 :
1227 5401 1297 5455 Et
1336 5403 1762 5471 interrogaverunt
1808 5419 1920 5456 eum

344 5491 583 5561 discipuli
603 5491 821 5545 dicentes
843 5507 861 5545 :
890 5490 1024 5557 Quid
1043 5508 1158 5562 ergo
1182 5491 1374 5546 Scribce
1393 5491 1566 5544 dicunt
1589 5491 1724 5563 quod
1747 5490 1922 5546 Etiam

344 5591 574 5650 Oporteat
615 5583 830 5650 primunt
870 5582 1072 5635 venire?
1103 5581 1170 5634 At
1211 5581 1298 5636 ille
1341 5582 1650 5652 respondens
1690 5584 1762 5635 ait
1801 5583 1872 5636 eis
1899 5598 1919 5637 :

346 5671 490 5726 Elias
517 5674 716 5740 quidem
735 5682 969 5726 venturus
993 5683 1064 5727 est
1081 5714 1094 5735 ,
1126 5683 1170 5726 et
1198 5673 1420 5726 restituet
1450 5675 1618 5726 omnia
1643 5689 1662 5727 :
1683 5673 1793 5726 dico
1821 5689 1920 5726 au-

344 5771 444 5817 tem
469 5763 604 5818 vobis
625 5766 744 5835 quia
766 5764 910 5819 Elius
929 5765 1042 5835 jam
1065 5766 1214 5829 venit,
1237 5775 1402 5818 etnon
1424 5774 1760 5836 cognoverunt
1785 5782 1916 5833 eum,

389 5873 430 5904 -ί
456 5879 552 5923 nat.
580 5881 632 5924 et
647 5874 743 5926 duo
765 5882 892 5929 ωε..
913 5873 1189 5927 sententiam
1208 5874 1400 5928 veritate
1413 5875 1669 5928 simillium.

1606 421 1811 480 LIBER
1847 416 2226 476 SECUNDUS.

3422 420 3562 477 ιιδι

1989 531 2078 586 seel
2101 536 2328 603 fecerunt
2362 531 2416 587 in
2443 547 2500 587 eo
2523 548 2846 604 quacumque
2879 532 3142 588 voluerunt
3165 549 3187 599 ;
3211 536 3283 589 sic
3317 546 3361 588 et
3399 535 3565 592 Filius

1991 623 2208 678 hominis
2234 641 2474 695 passurus
2493 635 2565 680 est
2585 625 2646 679 ab
2677 627 2767 679 eis.
2793 625 2934 679 Tunc
2951 627 3299 681 intellexerunt
3326 628 3562 698 discipuli

1955 743 1973 756 ς
1991 717 2110 786 quia
2129 717 2192 770 de
2206 716 2408 770 Ioanne
2418 717 2647 789 Baptista
2662 719 2867 773 dixisset
2885 720 2954 773 eis
2973 717 3181 790 (Matth.
3200 735 3329 783 xvn,
3345 720 3562 784 10-15).
3600 782 3602 784 _

1994 806 2108 860 Iloc
2135 806 2275 862 idem
2302 807 2530 875 Marcus,
2561 810 2722 865 etiam
2747 809 2885 864 hunc
2905 810 3143 865 ordinem
3165 825 3404 880 servans,
3429 829 3567 869 com-

1993 900 2308 956 memoravit
2349 909 2404 955 et
2431 900 2485 955 in
2513 901 2763 956 nonnulla
2789 902 3095 958 diversitate
3119 894 3434 972 verborum,
3467 923 3566 963 nu-

1993 1005 2181 1060 squam
2224 999 2401 1047 tamen
2435 992 2502 1047 ab
2540 992 2777 1062 ejusdem
2811 995 3093 1050 sententia:
3121 997 3344 1053 veritate
3368 998 3570 1054 disces.

1995 1081 2066 1136 sit
2094 1080 2284 1153 (Marc.
2312 1098 2363 1137 ιχ
2385 1124 2401 1148 ,
2441 1083 2628 1155 10-12)
2659 1101 2671 1138 :
2701 1085 2794 1140 sed
2823 1085 2935 1156 ipse
2963 1102 3066 1141 non
3093 1088 3324 1154 addidit,
3359 1090 3566 1148 intelle-

1995 1171 2142 1227 xisse
2167 1172 2454 1245 discipulos
2478 1175 2616 1245 quod
2636 1175 2892 1232 Joannem
2921 1177 3174 1235 Dominus
3197 1180 3566 1253 signiﬁcasset,

1995 1261 2222 1318 dicendo
2247 1265 2388 1334 quod
2418 1266 2559 1321 Elias
2582 1266 2690 1335 jam
2719 1267 2942 1323 venerit.

1997 1353 2224 1411 CAPUT
2262 1355 2442 1411 LVIII.
2470 1387 2540 1398 —-
2566 1355 2647 1412 De
2671 1357 2763 1413 illo
2787 1359 2874 1428 qui
2909 1361 2953 1414 ei
2985 1360 3158 1416 obtulit
3187 1361 3351 1433 ﬁlium
3384 1381 3530 1420 suum
3551 1408 3567 1432 ,

2067 1463 2214 1518 quem
2233 1447 2470 1520 discipuli
2497 1465 2678 1504 sanare
2700 1467 2798 1505 non
2830 1460 3114 1524 potuerant,
3145 1455 3565 1522 quemadmodum

2071 1547 2172 1593 tres
2199 1539 2284 1593 isti
2310 1541 2622 1594 consentiant
2646 1543 2795 1596 etiam
2817 1543 2995 1600 ordine
3019 1547 3342 1601 narrationis.

2073 1630 2195 1685 116.
2225 1631 2474 1703 Sequitur
2498 1633 2803 1702 Mattlneus,
2831 1648 2885 1692 et
2910 1636 3038 1692 dicit
3070 1657 3083 1693 :
3115 1637 3184 1692 Et
3209 1656 3326 1693 cum
3365 1641 3576 1695 venisset

1999 1724 2068 1777 ad
2095 1725 2331 1793 turbam,
2373 1729 2581 1782 accessit
2622 1729 2690 1782 ad
2715 1746 2826 1784 eum
2866 1731 3015 1785 homo
3051 1733 3257 1802 genibus
3301 1734 3576 1804 provolutis

1999 1825 2115 1872 ante
2142 1835 2272 1884 eum,
2300 1819 2470 1874 dicens
2496 1836 2515 1875 :
2539 1821 2772 1888 Domine,
2811 1825 3045 1880 miserere
3070 1827 3164 1895 ﬁlii
3186 1827 3282 1880 mei
3299 1870 3314 1894 ,
3345 1829 3462 1900 quia
3494 1826 3576 1882 lu-

2001 1908 2196 1963 naticus
2217 1919 2307 1974 est,
2333 1920 2380 1965 et
2400 1910 2532 1966 male
2552 1915 2757 1982 patitur,
2782 1923 2908 1982 etc.,
2933 1931 3100 1986 usque
3117 1917 3182 1971 ad
3214 1919 3338 1972 illud
3371 1921 3457 1974 ubi
3479 1922 3576 1986 ait,

2004 1998 2118 2053 Hoc
2141 2010 2308 2054 autem
2332 2018 2486 2071 genus
2508 2019 2607 2056 non
2633 2005 2828 2074 ejicilur
2848 2007 2945 2059 nisi
2963 2024 3054 2077 per
3077 2009 3352 2062 orationem
3381 2019 3427 2064 et
3445 2012 3579 2083 jeju-

2003 2093 2142 2146 nium
2172 2093 2381 2163 (Matth.
2412 2090 2515 2147 xvn
2543 2135 2557 2158 ,
2599 2095 2804 2166 14-20).
2841 2097 2950 2152 lloc
2975 2109 3028 2152 et
3067 2099 3272 2154 Marcus
3311 2110 3364 2156 et
3407 2101 3580 2157 Lucas

2003 2187 2191 2242 eodem
2219 2188 2375 2241 etiam
2402 2188 2587 2243 ordine
2614 2200 2929 2256 memorant,
2955 2192 3068 2246 sine
3095 2193 3196 2246 ulla
3219 2196 3582 2263 repugnantia:

2002 2279 2296 2347 qnzestione
2323 2277 2512 2346 (Marc.
2543 2295 2628 2346 ις,
2656 2280 2722 2334 16
2753 2281 2858 2348 28,
2891 2293 2934 2335 et
2963 2276 3087 2336 Luc.
3121 2301 3196 2351 ιχ,
3229 2285 3437 2359 58-45).

2005 2369 2229 2427 ΟΜ)οΤ
2266 2371 2401 2426 LIX.
2442 2401 2513 2411 ——
2545 2371 2644 2427 Ubi
2684 2373 2748 2427 de
2790 2375 3022 2444 passione
3049 2392 3140 2429 sua
3169 2393 3282 2430 cum
3308 2378 3381 2432 eis
3421 2379 3582 2434 dixis-

2075 2475 2166 2528 set,
2195 2466 2473 2520 contristati
2497 2475 2632 2532 sunt,
2655 2467 2789 2538 quod
2816 2477 2913 2522 tres
2932 2468 3030 2538 ipsi
3054 2469 3223 2523 eodem
3246 2471 3421 2526 ordine
3449 2488 3584 2528 com-

2075 2568 2369 2612 memorant.

2077 2651 2199 2705 117.
2266 2651 2518 2720 Sequitur
2566 2650 2860 2715 Mattluens,
2913 2651 3096 2709 dicens
3128 2669 3141 2707 :
3171 2652 3584 2710 Conversantibus

2003 2753 2173 2797 autem
2216 2743 2286 2797 eis
2328 2744 2380 2797 in
2411 2741 2641 2807 Galilcea,
2675 2744 2801 2797 dixit
2826 2743 2928 2798 illis
2951 2742 3101 2799 Iesus
3130 2761 3148 2799 :
3177 2744 3342 2800 Filius
3371 2747 3587 2803 hominis

2007 2832 2283 2887 tradendus
2320 2842 2393 2887 cst
2434 2834 2486 2887 in
2525 2850 2703 2886 manus
2743 2833 3031 2900 hominum;
3057 2843 3104 2887 et
3127 2835 3350 2889 occident
3379 2830 3515 2900 eum,
3538 2847 3586 2891 et

2007 2926 2152 2980 tertia
2180 2927 2260 2980 die
2286 2935 2529 2997 resurget.
2550 2924 2611 2978 Et
2627 2925 2904 2980 contristati
2916 2937 3029 2980 sunt
3045 2926 3356 2983 vehementer
3373 2929 3583 2995 (Matth.

2006 3032 2152 3081 xvn,
2203 3017 2292 3082 21,
2330 3015 2443 3087 22).
2484 3015 2596 3071 Hoc
2631 3016 2817 3070 eodem
2856 3017 3042 3072 ordine
3071 3017 3276 3073 Marcus
3313 3019 3588 3090 Lucasque

2005 3115 2428 3163 commemorant
2457 3105 2644 3180 (Marc.
2679 3123 2752 3173 ιι,
2781 3107 2975 3173 29-51,
3007 3119 3054 3162 et
3081 3108 3210 3164 Luc.
3243 3127 3318 3178 Ix,
3349 3112 3438 3180 44,
3471 3111 3584 3185 45).

2008 3196 2233 3253 CAPUT
2271 3197 2471 3252 LX.—
2499 3197 2596 3252 Ubi
2616 3198 2679 3252 de
2704 3214 2790 3252 ore
2818 3198 2967 3268 piscis
2984 3201 3132 3254 solvit
3161 3202 3416 3270 tributum,
3449 3204 3584 3273 quod

2503 3288 2776 3343 Matthteus
2806 3289 2944 3344 solus
2972 3291 3111 3344 dicit.

2081 3383 2203 3438 118.
2261 3381 2510 3452 Sequitur
2548 3380 2853 3447 Matthteus,
2885 3381 3180 3438 dicenszEt
3207 3401 3320 3437 cum
3347 3385 3591 3441 venissent

2011 3475 2387 3546 Capharnaum,
2411 3482 2722 3527 accesserunt
2749 3474 2832 3543 qui
2847 3473 3140 3527 didrachma
3163 3476 3487 3545 accipiebant,
3521 3477 3592 3531 ad

2015 3567 2304 3632 Petrum,et
2333 3567 2566 3620 dixerunt
2583 3567 2627 3620 ei
2649 3581 2668 3620 :
2691 3565 2937 3637 Magister
2961 3576 3116 3620 vester
3144 3584 3242 3621 non
3264 3568 3408 3622 solvit
3424 3569 3591 3623 didra-

2011 3660 2198 3714 chma?
2228 3659 2337 3723 Ait,
2369 3657 2569 3722 Etiam,
2593 3667 2721 3720 etc.,
2751 3672 2920 3726 usque
2949 3657 3012 3710 ad
3041 3657 3164 3712 illud
3191 3657 3281 3713 ubi
3310 3659 3403 3726 ait,
3445 3658 3592 3714 Inve-

2013 3751 2119 3804 nies
2143 3759 2404 3814 staterent;
2429 3748 2572 3802 illum
2597 3765 2797 3802 sumens
2824 3750 2889 3801 da
2917 3749 2986 3802 eis
3019 3765 3110 3817 pro
3135 3765 3215 3802 me
3235 3759 3281 3804 et
3307 3758 3352 3803 te
3377 3749 3588 3822 (Matth.

2015 3862 2141 3910 xvn,
2172 3843 2380 3917 ‘25-‘26).
2415 3844 2521 3897 Ilnc
2547 3842 2692 3898 solus
2717 3843 2814 3896 iste
2838 3850 3236 3908 commemorat,
3277 3858 3384 3913 quo
3432 3844 3594 3899 inter-

2015 3940 2188 4011 posito
2217 3937 2458 3992 eumdem
2478 3934 2714 3988 ordinem
2745 3932 2997 4004 sequitur,
3015 3933 3064 3986 in
3087 3948 3192 4004 quo
3211 3949 3330 3988 cum
3347 3949 3413 3989 eo
3435 3936 3592 3990 etiam

2018 4031 2224 4084 Marcus
2254 4038 2306 4082 et
2334 4027 2500 4081 Lucas
2528 4027 2722 4095 pariter
2749 4025 3037 4079 ambulant.

2015 4120 2243 4177 CAPUT
2282 4119 2416 4173 LXI.
2465 4149 2536 4158 -—
2583 4116 2659 4171 De
2694 4133 2847 4187 puero
2895 4116 3105 4187 parvulo
3151 4134 3297 4190 quem
3337 4120 3597 4189 proposuit

2089 4211 2408 4276 imitandum,
2437 4211 2499 4264 de
2522 4209 2775 4263 scandatis
2802 4208 2992 4273 mundi,
3025 4208 3088 4262 de
3115 4208 3344 4263 membris
3370 4209 3595 4279 corporis

2087 4301 2565 4366 scandalizantibus,
2612 4301 2674 4354 de
2713 4300 2904 4370 angelis
2933 4297 3256 4370 parvulorum
3300 4301 3385 4370 qui
3429 4301 3597 4354 vident

2092 4396 2270 4464 faciem
2299 4393 2490 4459 Patris,
2523 4393 2585 4446 de
2609 4408 2710 4444 una
2735 4407 2826 4444 ove
2851 4405 2914 4443 ea:
2935 4389 3106 4442 ovibus
3139 4399 3356 4455 centum,
3403 4392 3465 4444 de
3488 4391 3572 4461 fra

2092 4497 2166 4540 tre
2206 4485 2521 4554 corripiendo
2563 4485 2616 4536 in
2661 4492 2847 4536 secreto
2868 4523 2882 4546 ,
2921 4480 2984 4534 de
3016 4481 3262 4535 solvendis
3287 4482 3602 4557 ligandisque

2091 4576 2326 4649 peccatis,
2345 4573 2690 4629 deconcordia
2715 4572 2925 4626 duorum
2949 4582 2997 4625 et
3017 4573 3399 4644 congregatione
3424 4575 3596 4639 trium,

2092 4669 2156 4721 de
2182 4665 2488 4720 dimittendis
2516 4665 2730 4733 peccatis
2771 4679 2923 4732 usque
2963 4663 3244 4734 septuagies
3280 4665 3494 4732 septies,
3537 4665 3600 4721 de

2093 4777 2232 4814 servo
2254 4759 2334 4812 cui
2361 4758 2621 4811 dimissum
2648 4765 2718 4810 est
2746 4756 2956 4809 multum
2985 4755 3230 4822 debitum,
3260 4769 3306 4810 et
3342 4758 3450 4829 ipse
3474 4777 3598 4830 ραν..

2082 4867 2204 4904 vum
2235 4867 2332 4902 non
2368 4849 2557 4902 dimisit
2581 4863 2835 4914 conservo,
2868 4847 3137 4902 Matthwus
3174 4850 3598 4920 quemadmodum

2094 4942 2284 4997 cceteris
2313 4959 2412 4994 non
2440 4949 2704 5011 repugnat.

2097 5035 2218 5090 119.
2270 5034 2518 5104 Sequitur
2556 5047 2683 5101 ergo
2722 5031 2858 5086 idem
2898 5031 3204 5097 Mattlueus,
3250 5043 3304 5088 et
3331 5034 3458 5090 dicit
3488 5054 3502 5091 :
3531 5035 3598 5092 In

2023 5129 2115 5183 illa
2143 5129 2268 5182 hora
2286 5135 2596 5181 accesserunt
2616 5125 2854 5196 discipuli
2881 5126 2949 5177 ad
2971 5125 3145 5179 Iesum
3167 5128 3383 5182 dicentes
3403 5145 3423 5183 :
3452 5129 3596 5198 Quis,

2024 5232 2192 5296 putas,
2225 5222 2389 5292 major
2411 5230 2481 5274 est
2515 5219 2567 5272 in
2595 5235 2748 5287 regno
2773 5218 3045 5272 rat/orum?
3070 5216 3136 5271 Et
3162 5220 3410 5274 advocans
3445 5221 3599 5276 Iesus

2025 5316 2308 5388 parvulum,
2335 5313 2509 5366 statuit
2545 5327 2655 5364 eum
2693 5310 2744 5362 in
2781 5309 2942 5362 medio
2964 5325 3150 5374 eorum,
3176 5321 3221 5363 et
3247 5311 3376 5365 dixit
3401 5328 3420 5366 .'
3440 5313 3598 5368 Amen

2025 5410 2136 5463 dico
2158 5407 2312 5471 vobis,
2339 5405 2435 5458 nisi
2460 5402 2692 5465 conversi
2715 5400 2928 5472 fueritis,
2957 5409 3002 5453 et
3029 5401 3308 5471 efficiamini
3327 5404 3452 5457 sicut
3476 5421 3600 5474 par-

2025 5503 2149 5568 vuli,
2181 5517 2277 5554 non
2306 5497 2552 5552 intrabitis
2574 5497 2624 5548 in
2653 5511 2858 5562 reqnnm
2887 5495 3152 5561 cwlorum,
3185 5512 3347 5565 usque
3375 5498 3438 5552 ad
3470 5499 3596 5553 illud

2027 5593 2112 5649 ubi
2139 5593 2240 5657 ait,
2266 5591 2352 5644 Sic
2376 5598 2421 5642 et
2450 5587 2600 5640 Pater
2634 5602 2772 5639 meus
2796 5585 3007 5638 caelestis
3038 5587 3186 5656 faciet
3217 5588 3352 5640 vobis
3372 5628 3386 5654 ,
3421 5591 3463 5642 si
3498 5600 3598 5644 non

2024 5681 2313 5738 remiseritis
2363 5679 2696 5747 unusquisque
2737 5675 2886 5746 fratri
2926 5693 3017 5728 suo
3067 5676 3129 5729 de
3166 5677 3396 5731 cordibus
3425 5680 3602 5734 vestris

2026 5774 2237 5847 (Matth.
2272 5769 2443 5838 xvm).
2490 5769 2567 5824 Ex
2609 5768 2710 5821 isto
2758 5767 3029 5836 aliquanto
3073 5768 3358 5837 pralixiore
3389 5769 3598 5824 DOmini

2025 5878 2271 5923 sermone
2309 5877 2414 5916 non
2443 5860 2615 5916 omnia
2637 5899 2653 5924 ,
2697 5857 2792 5915 sed
2830 5856 3071 5926 quzcdam
3109 5859 3313 5916 Marcus
3351 5859 3598 5932 eumdem
