4082 6460
522 372 660 427 H55

521 501 748 558 sequens
779 483 1018 542 ordinem
1050 485 1260 555 posuit;
1313 481 1554 552 qua‘datn
1601 480 1759 535 etiam
1809 478 1941 547 ipse,
1983 490 2101 544 qua:

521 580 796 634 Mattlncus
825 594 928 632 non
957 575 1102 640 dicit,
1136 575 1356 629 inseruit
1403 571 1594 643 (Marc.
1644 587 1717 636 lx,
1748 568 1964 637 55-49).
1996 566 2100 620 To-

523 683 607 726 tus
627 681 803 726 autem
825 684 1000 724 sermo
1019 681 1292 737 quousque
1313 680 1433 718 eum
1456 659 1898 718 considerandum
1921 673 2122 713 susce--

522 765 714 831 pinnis,
745 777 773 815 a
805 762 962 816 Petro
1002 759 1116 812 solo
1157 755 1558 825 interpellatur,
1594 761 1866 823 quaerente
1892 750 2098 820 quoties

523 858 666 911 l'ratri
694 856 881 909 debeat
905 851 1122 922 ignosci.
1156 850 1301 904 Talia
1328 849 1468 902 enim
1494 847 1746 901 Dominus
1763 845 2094 914 loquebatur,

522 956 579 1000 ut
607 947 732 999 satis
759 945 985 1004 eluceat,
1015 943 1174 996 etiam
1208 940 1308 994 hoc
1333 939 1472 1008 quod
1502 939 1691 992 Petrus
1718 933 2094 1003 interrogavit,

519 1039 673 1106 eique
718 1049 1030 1105 responsum
1061 1041 1161 1096 est,
1193 1031 1258 1084 ad
1290 1029 1534 1084 eumdem
1583 1027 1853 1097 pertinere
1896 1037 2094 1078 sermo-

520 1145 658 1181 nem.
692 1127 860 1180 Lucas
881 1133 1079 1186 autem,
1109 1122 1208 1175 nisi
1237 1120 1360 1174 illud
1390 1119 1455 1173 de
1479 1117 1695 1188 parvulo
1716 1131 1872 1186 quem
1899 1113 2096 1167 consti-

520 1219 616 1271 tnit
641 1227 763 1271 ante
787 1215 1076 1284 discipulos
1107 1210 1440 1276 imitandum,
1471 1224 1592 1263 cum
1621 1207 1686 1261 de
1712 1222 1804 1261 sua
1834 1204 2096 1274 magnitu~

515 1311 638 1363 dine
663 1308 976 1378 cogitarent,
1000 1305 1129 1360 nihil
1158 1307 1259 1358 hoc
1278 1303 1459 1356 ordine
1479 1309 1691 1355 servato
1711 1303 2097 1352 commemorat

516 1399 664 1471 (Luc.
706 1415 786 1466 ιι,
827 1398 1040 1466 46-48).
1075 1396 1128 1449 Si
1159 1410 1260 1465 qua
1296 1395 1435 1448 enim
1481 1393 1583 1446 alia
1630 1389 1873 1452 similiter
1921 1387 2092 1449 dixit,

515 1509 632 1562 quin
657 1501 710 1546 et
739 1493 788 1544 in
819 1491 917 1543 isto
946 1502 1192 1544 sermone
1221 1496 1344 1539 sunt
1390 1485 1578 1554 posita,
1611 1481 1734 1535 alibi
1778 1488 1832 1534 ct
1873 1494 1937 1532 ex
1978 1477 2096 1532 aliis

515 1582 883 1641 occasionibus
911 1581 1048 1636 dicta
1080 1579 1303 1634 recoluit
1331 1595 1344 1632 :
1375 1578 1511 1630 sicut
1537 1575 1770 1630 Joannes
1809 1572 1874 1625 de
1903 1570 2095 1624 remis-

514 1679 664 1732 sione
693 1683 1047 1746 peccatorum,
1070 1670 1212 1742 quod
1241 1670 1582 1733 tenebuntur,
1612 1667 1654 1718 si
1678 1663 1761 1718 cui
1790 1660 2092 1724 tenuerint;

515 1778 570 1824 et
597 1769 944 1828 ditnittentur,
966 1765 1008 1818 si
1037 1764 1118 1818 cui
1146 1761 1461 1824 dimiserint,
1505 1753 2094 1828 postresnrrectionem

515 1878 548 1915 a
593 1859 816 1915 Domino
844 1857 1042 1911 dictum
1073 1860 1454 1908 commemorat
1488 1849 1664 1920 (Joan.
1697 1861 1795 1910 xx,
1819 1842 1946 1916 25);
1974 1858 2094 1897 cum

516 1951 795 2006 Matthieus
821 1949 872 2002 in
905 1947 1007 2001 hoc
1030 1958 1278 2002 sermone
1309 1942 1588 1996 Dominum
1630 1938 1728 1992 hoc
1757 1937 1952 1990 dixisse
1979 1949 2093 1988 me-

517 2043 751 2108 minerit,
782 2038 923 2110 quod
954 2047 1008 2094 et
1036 2037 1193 2092 Petro
1219 2042 1372 2090 antea
1401 2033 1600 2087 dictum
1632 2031 1793 2084 fuisse
1820 2029 1956 2082 idem
1979 2028 2093 2095 ipse

515 2145 738 2191 testatur
764 2132 977 2203 (Mattlt.
1005 2147 1112 2195 xvi,
1146 2130 1257 2202 l9).
1281 2127 1481 2182 Eadem
1513 2127 1686 2194 itaque
1715 2137 1858 2192 szepe
1887 2136 1949 2176 ac
1976 2121 2093 2190 plu-

517 2227 664 2281 ribus
702 2227 832 2281 locis
867 2224 1046 2278 Jesum
1073 2222 1294 2285 dixisse,
1325 2217 1512 2273 necubi
1541 2229 1868 2277 moveamur,
1895 2212 1939 2266 si
1965 2211 2098 2268 ordo

515 2320 772 2372 dictorum
803 2314 1117 2386 quibusdam
1162 2326 1456 2381 repugnare
1507 2308 1792 2376 potabitur,
1819 2306 1961 2358 sicut
1983 2303 2094 2373 jam

517 2412 676 2464 toties
703 2404 1210 2469 commendavimus,
1241 2401 1550 2456 meminisse
1593 2397 1868 2463 debemus,
1899 2409 1968 2448 ne
1997 2395 2097 2446 hoc

515 2519 725 2572 semper
748 2501 1036 2555 admonere
1063 2510 1280 2551 necesse
1310 2496 1399 2546 sit.

515 2591 742 2649 CAI'UT
783 2589 942 2645 LXII.
981 2617 1051 2629 —-
1075 2585 1289 2653 Quando
1317 2585 1652 2654 interrogatus
1671 2589 1741 2634 est
1763 2587 1929 2632 utrum
1953 2576 2096 2630 liceat

587 2685 833 2738 dimittere
857 2697 1082 2745 uxorem,
1111 2677 1532 2745 quemadmodum
1556 2675 1684 2728 inter
1717 2689 1769 2726 se
1789 2670 2097 2724 consentiant

586 2775 858 2830 Matt/nens
883 2782 930 2827 et
965 2771 1190 2835 Marcus,
1219 2769 1439 2822 maxime
1459 2767 1521 2820 de
1550 2765 1673 2833 ipsis
1694 2760 2100 2832 interrogationi-

585 2870 676 2923 bus
697 2866 774 2922 vel
794 2864 1000 2920 Domini
1020 2863 1095 2916 vel
1113 2861 1410 2915 Judworum
1434 2870 1582 2928 atque
1609 2855 1882 2926 responsis,
1915 2853 1968 2906 in
1987 2851 2096 2922 qui-

587 2964 676 3017 bus
695 2960 924 3017 videntur
944 2957 1314 3029 aliquantulum
1338 2953 1555 3007 variare.

588 3057 710 3113 1°20.
734 3054 984 3124 Sequitur
1009 3051 1302 3112 Mattiacas,
1329 3052 1398 3102 ita
1422 3057 1643 3102 narrans
1673 3058 1685 3100 :
1718 3039 1780 3094 Et
1801 3039 1985 3114 factum
2004 3044 2098 3104 est,
2139 3115 2148 3119 ξ

519 3165 633 3201 cum
660 3153 1052 3200 consummasset
1072 3141 1220 3196 Jesus
1237 3156 1486 3194 sermones
1507 3140 1643 3201 istos,
1673 3137 1902 3208 migravit
1931 3152 1963 3189 α
1990 3133 2100 3190 (ἔα-

521 3239 675 3304 Iilwa,
720 3247 763 3290 et
796 3235 923 3289 venit
953 3236 1004 3287 in
1031 3233 1158 3303 [ineo
1184 3231 1382 3285 Judwa:
1411 3241 1548 3283 trans
1573 3228 1853 3282 Jordanem
1884 3241 1903 3280 :
1933 3236 1978 3280 et
2020 3242 2100 3280 se-

520 3341 647 3384 cuta:
661 3337 774 3382 sunt
801 3343 913 3381 eum
937 3327 1094 3379 turbae
1118 3325 1308 3388 multm,
1331 3335 1377 3376 et
1406 3323 1689 3376 curaviteos
1715 3321 1803 3374 ibi.
1837 3320 1902 3373 Et
1927 3337 2098 3374 acces-

519 3435 689 3475 serunt
745 3419 812 3472 ad
850 3435 959 3471 eum
1013 3415 1282 3478 Pharisa'i,
1323 3424 1563 3467 tentantes
1600 3429 1732 3478 eum,
1764 3423 1809 3464 et
1837 3412 2098 3465 dicentes:

521 3516 582 3571 Si
608 3517 720 3568 licet
749 3511 938 3566 homini
975 3510 1220 3563 dimittere
1261 3523 1466 3560 na‘orem
1509 3523 1651 3559 suam
1690 3519 2001 3575 quacumque
2039 3518 2101 3556 ea:

523 3623 697 3668 causa,
729 3614 858 3669 etc.,
891 3617 1056 3672 usque
1083 3600 1149 3655 ad
1182 3599 1307 3653 illud
1336 3600 1420 3652 ubi
1458 3600 1549 3659 ait,
1581 3597 1678 3661 Qui
1725 3605 1884 3666 potest
1923 3610 2104 3664 capere

520 3699 687 3768 capiat
715 3695 823 3767 (Id.
857 3710 964 3760 XIX,
1001 3691 1180 3761 illi).
1214 3691 1326 3744 lloc
1365 3697 1420 3744 et
1455 3689 1659 3742 Marcus
1695 3695 2098 3752 commemorat,

520 3791 767 3845 eumdem
789 3788 1030 3843 ordinem
1061 3796 1244 3840 tenens
1267 3783 1454 3853 (Marc.
1490 3797 1544 3847 χ,
1573 3781 1737 3852 1-12).
1761 3782 1900 3834 Sane
1922 3778 2100 3833 viden-

521 3885 649 3940 dum
675 3892 778 3948 est,
804 3898 870 3936 ne
895 3895 1188 3952 repugnare
1220 3879 1475 3940 videatur,
1506 3875 1645 3945 quod
1678 3875 1814 3930 idem
1842 3873 2047 3927 Marcus
2071 3887 2101 3924 a

523 3977 750 4032 Domino
772 3973 899 4028 dicit
924 3974 1272 4042 interrogatos
1299 3971 1612 4034 Phariswos,
1642 3968 1766 4038 quid
1795 3968 1872 4020 eis
1893 3965 2104 4036 Moyses

523 4067 874 4140 praeceperit,
919 4073 1077 4134 atque
1111 4064 1179 4117 ita
1215 4064 1332 4117 illos
1384 4059 1728 4130 interroganti
1760 4057 2104 4126 respondisse

525 4160 594 4216 de
617 4159 875 4228 permisso
895 4155 993 4211 sibi
1017 4155 1191 4209 libello
1215 4153 1414 4223 repudii
1442 4168 1456 4204 :
1479 4168 1598 4206 eum
1622 4149 1895 4204 Matthazus
1912 4147 2107 4202 dixerit

524 4251 704 4306 verbis
728 4247 955 4309 Domini,
985 4247 1174 4317 quibus
1194 4243 1500 4298 ostenderat
1527 4257 1590 4296 ex
1617 4241 1754 4309 Lege
1786 4241 1948 4294 Deum
1971 4255 2105 4292 eon-

523 4343 762 4413 junxisse
787 4338 1080 4394 masculum
1105 4346 1159 4391 et
1180 4336 1453 4400 feminam,
1477 4346 1523 4388 et
1552 4343 1827 4402 propterea
1867 4345 1972 4385 non
2013 4345 2106 4385 eos

525 4437 722 4491 debere
749 4433 816 4487 ab
853 4432 1065 4485 homine
1107 4431 1362 4498 separari,
1423 4427 1540 4481 illos
1588 4426 1835 4480 retulisse
1880 4440 2106 4494 respuu-

527 4530 752 4588 sionem,
773 4522 906 4590 Quid
930 4538 1047 4592 ergo
1074 4519 1276 4590 Moyses
1302 4519 1552 4571 mandavit
1575 4517 1686 4568 dati
1715 4517 1932 4569 libellum
1957 4531 2106 4583 repu-

527 4619 629 4682 dii,
658 4626 702 4670 et
738 4614 1022 4668 dimittere?
1049 4612 1250 4680 Quibus
1279 4611 1467 4665 iterum
1499 4610 1592 4670 ait.
1628 4609 1878 4672 Quoniam
1905 4606 2108 4677 Moyses

529 4712 597 4765 ad
625 4710 866 4764 duritiam
893 4707 1058 4762 cordis
1082 4705 1228 4760 vestri
1248 4705 1472 4774 permisit
1494 4702 1628 4756 vobis
1653 4703 1901 4755 dimittere
1929 4717 2108 4755 uxores

526 4813 714 4860 vestras
745 4819 764 4857 :
789 4802 851 4856 ab
873 4801 1013 4855 initio
1046 4810 1214 4854 autem
1256 4815 1356 4852 non
1391 4798 1463 4850 sic
1501 4797 1616 4866 fuit.
1647 4795 1779 4851 Nam
1810 4804 1865 4848 ct
1905 4795 2109 4848 Marcus

528 4897 668 4951 hanc
697 4893 903 4949 Domini
933 4891 1331 4961 responsionem
1359 4904 1462 4943 non
1481 4897 1636 4950 tacet,
1653 4888 1744 4941 sed
1769 4896 2107 4956 posteaquam

529 4991 580 5046 ei
608 4988 995 5059 responderunt
1020 4984 1362 5055 interroganti
1385 4984 1452 5038 de
1477 4983 1656 5038 libello
1686 4980 1911 5052 repudii.

594 5083 724 5158 ηι.
752 5082 807 5136 1η
831 5095 938 5152 quo
965 5080 1151 5135 ordine
1175 5079 1258 5133 vel
1283 5078 1443 5132 modo
1462 5076 1742 5133 verborum
1783 5076 1883 5129 hoc
1919 5074 2113 5129 intelli-

529 5193 655 5248 gere
693 5175 969 5238 debemus,
999 5173 1066 5229 ad
1098 5174 1172 5228 rei
1193 5172 1464 5228 veritatem
1498 5169 1626 5224 nihil
1654 5169 1907 5222 interesse
1936 5178 2110 5221 utrum

536 5269 762 5323 Domino
785 5266 1170 5336 separationem
1205 5263 1503 5333 prohibenti
1530 5271 1584 5316 et
1609 5260 1922 5315 sententiam
1962 5274 2110 5313 suam

533 5361 601 5416 de
624 5360 762 5429 Lege
789 5358 1038 5419 ﬁrmanti,
1063 5357 1160 5426 ipsi
1187 5355 1457 5409 intulerint
1476 5352 1821 5423 quaestionem
1843 5354 1907 5405 de
1934 5351 2112 5408 libello

536 5452 741 5520 repudii
767 5467 859 5518 per
886 5449 1132 5504 eumdem
1163 5447 1374 5518 Muyson
1399 5447 1495 5500 sibi
1526 5445 1804 5514 permisso,
1839 5459 1930 5512 per
1955 5458 2112 5512 quem

538 5553 591 5597 et
620 5542 743 5596 illud
773 5541 1027 5610 scriptum
1059 5548 1160 5606 est,
1200 5537 1336 5608 quod
1370 5537 1506 5593 Deus
1538 5536 1869 5603 conjunxerit
1906 5550 2112 5588 mascu-

538 5635 644 5689 lum
676 5642 728 5687 et
758 5633 1003 5687 feminam
1041 5629 1188 5701 (lien.
1225 5647 1282 5694 ιι,
1317 5629 1442 5698 24);
1489 5645 1555 5682 an
1587 5627 1700 5683 .hoc
1746 5628 1883 5681 idem
1931 5627 2003 5680 illi
2046 5627 2113 5681 de

541 5734 803 5794 przecepto
834 5721 999 5793 Moysi
1027 5737 1120 5776 eos
1149 5720 1493 5789 interroganti
1543 5718 1932 5788 responderint.
1980 5716 2111 5770 Nam

534 5829 587 5873 et
619 5817 860 5870 volumtas
903 5815 1017 5885 ejus
1057 5814 1128 5870 ita
1150 5829 1219 5890 _se
1262 5812 1508 5876 habebat,
1541 5820 1597 5864 ut
1635 5826 1737 5868 non
1763 5810 1838 5864 eis
1871 5808 2116 5863 redderet

1289 374 1380 433 DE
1419 367 1760 427 CONSENSU
1806 362 2451 432 EVANGELISTARUM,
2495 369 2551 424 S.
2594 369 2962 427 AUGUSTINI

3639 375 3790 432 ἠπ

2209 477 2469 533 rationem
2511 493 2608 534 cur
2643 480 2772 535 illud
2800 481 3008 553 Moyses
3033 482 3356 552 permiserit,
3381 483 3481 540 nisi
3513 485 3662 556 prius
3690 484 3795 554 ipsi

2207 569 2308 623 hoc
2345 583 2881 640 commemorassent;
2911 590 3030 644 qua:
3055 576 3299 632 voluntas
3337 577 3485 647 ejus,
3527 593 3589 632 ea
3631 594 3794 646 quam

2205 661 2413 717 Marcus
2439 666 2649 732 posuit,
2680 665 3092 736 interrogatione
3117 668 3406 736 signiﬁcata
3436 678 3518 722 est
3546 687 3559 723 :
3587 680 3643 724 et
3666 668 3792 723 illo-

2206 771 2322 808 rum
2352 756 2596 810 voluntas
2628 757 2738 827 ipsa
2763 768 2898 824 erat,
2929 769 2984 812 ut
3008 758 3075 813 de
3094 761 3410 814 auctoritate
3436 759 3627 830 Moysi,
3659 777 3794 830 quo-

2206 847 2346 899 niam
2381 847 2649 902 mandavit
2679 848 2834 902 darili
2865 849 3062 905 bellum
3103 850 3328 919 repudii,
3368 861 3616 921 tanquam
3656 867 3790 906 con-

2201 935 2480 991 cluderent
2516 953 2636 992 eum
2665 939 3054 1008 separationem
3090 940 3206 995 sine
3251 941 3413 996 dubio
3443 951 3784 1004 velatarum;

2198 1025 2307 1080 hoc
2333 1027 2692 1082 enimdicturi
2737 1030 2896 1083 etiam
2939 1039 3202 1087 tentantes
3256 1043 3612 1088 accesserant.
3657 1033 3789 1101 Qua:

2201 1117 2446 1172 voluntas
2474 1133 2660 1172 eorum
2701 1120 2778 1174 sic
2828 1135 3083 1190 expressa
3127 1132 3207 1176 est
3248 1138 3340 1192 per
3377 1122 3702 1187 Matthmum,
3730 1133 3790 1178 ut

2210 1223 2316 1262 non
2345 1223 2439 1264 eos
2465 1225 2584 1264 esse
2625 1223 3068 1267 commemoraret
3112 1213 3484 1284 interrogatos,
3523 1215 3619 1270 sed
3647 1217 3790 1270 ultro

2200 1300 2441 1357 intulisse
2471 1303 2538 1359 de
2569 1305 2818 1358 mandato
2845 1304 3035 1376 Moysi,
3084 1320 3191 1375 quo
3221 1305 3373 1360 velut
3413 1307 3788 1362 convincerent

2203 1392 2483 1448 Dominum
2509 1397 2895 1464 separationem
2922 1397 3204 1466 conjugum
3232 1397 3624 1467 prohibentem.
3652 1397 3784 1452 Cum

2199 1498 2327 1554 ergo
2355 1487 2600 1540 voluntas
2633 1487 2982 1556 loquentium,
3013 1489 3096 1542 cui
3122 1487 3321 1542 debent
3349 1489 3508 1542 verba
3539 1489 3744 1544 servire
3765 1529 3783 1553 ,

2200 1575 2267 1629 ab
2300 1575 2632 1646 Evangelista
2669 1587 2896 1648 utroque
2936 1588 3227 1634 monstrata
3273 1581 3363 1647 sit,
3393 1581 3522 1634 nihil
3566 1581 3788 1637 interest

2201 1681 2358 1735 quam
2405 1667 2651 1722 diversus
2681 1669 2820 1724 inter
2855 1669 3040 1725 ambos
3079 1670 3238 1724 fuerit
3275 1671 3521 1725 narrandi
3548 1671 3784 1740 modus,

2201 1756 2326 1810 dum
2352 1757 2419 1811 ab
2445 1758 2883 1815 eadem-veritate
2902 1771 3098 1815 neuter
3125 1761 3456 1817 abscederet.
3491 1741 3500 1755 ’

2277 1847 2395 1901 122.
2430 1849 2610 1904 Potest
2649 1851 2810 1906 etiam
2850 1850 2952 1906 hoc
2990 1852 3243 1922 intelligi,
3271 1852 3412 1922 quod
3434 1894 3449 1918 ,
3493 1855 3632 1908 sicut
3659 1853 3787 1910 dicit

2199 1938 2422 2002 Marcus,
2455 1942 2602 2010 prius
2629 1958 2723 1997 eos
2749 1943 2818 1998 de
2843 1959 3008 1999 uxore
3037 1943 3349 1998 dimittenda
3394 1945 3787 2016 interrogantes

2198 2031 2457 2086 Dominus
2487 2033 2719 2088 vicissim
2764 2033 3134 2105 interrogaret,
3181 2035 3309 2104 quid
3353 2035 3432 2090 eis
3472 2037 3787 2105 praeceperit

2201 2122 2410 2192 Moyses
2443 2143 2457 2180 :
2485 2125 2574 2194 qui
2609 2140 2732 2180 cum
2766 2126 3200 2196 respondissent,
3230 2127 3444 2198 Moysen
3476 2128 3787 2197 permisisse

2201 2214 2434 2270 libellum
2464 2217 2670 2286 repudii
2711 2219 2964 2282 scribere,
2996 2227 3050 2272 et
3076 2217 3363 2281 dimittere,
3393 2219 3666 2286 respondit
3704 2219 3787 2273 eis

2199 2305 2267 2361 de
2297 2307 2408 2376 ipsa
2436 2307 2573 2377 Lege
2597 2323 2693 2379 per
2719 2308 2932 2379 Moysen
2961 2309 3112 2373 data,
3152 2310 3420 2379 quomodo
3451 2310 3592 2381 Deus
3631 2310 3785 2364 insti-

2201 2400 2689 2469 tueritconjugiutn
2737 2400 2956 2454 masculi
3005 2410 3057 2453 et
3101 2400 3332 2466 Icarium,
3359 2400 3634 2457 dicensea
3663 2415 3784 2470 quae

2201 2492 2348 2558 ponit
2375 2491 2671 2556 Mattiacas,
2713 2493 2764 2546 id
2808 2502 2910 2558 est,
2959 2491 3296 2563 Nonlegistis
3323 2493 3444 2563 quia
3470 2494 3556 2562 qui
3574 2495 3693 2563 fecit
3719 2496 3784 2546 ab

2200 2583 2363 2646 initio,
2395 2584 2673 2637 masculum
2701 2593 2748 2638 et
2773 2585 3026 2654 feminam
3039 2585 3156 2655 fecit
3182 2601 3290 2650 eos,
3319 2593 3374 2639 et
3400 2595 3614 2638 Caetera.
3650 2584 3785 2650 Qui-

2201 2673 2300 2727 bus
2325 2675 2516 2728 auditis
2545 2675 2617 2727 illi
2654 2674 2704 2728 id
2745 2675 2884 2742 quod
2911 2675 2958 2730 ei
2993 2676 3163 2744 primo
3192 2676 3532 2744 interroganti
3565 2690 3758 2742 reSpon

2200 2763 2422 2831 derant,
2477 2765 2874 2835 repetiverunt,
2923 2766 3198 2831 dicentes,
3253 2765 3387 2830 Quid
3429 2782 3548 2835 ergo
3579 2766 3786 2834 Moyses

2201 2856 2457 2911 mandavit
2506 2857 2619 2911 dari
2662 2857 2884 2911 libellum
2934 2859 3170 2927 repudii,
3223 2869 3268 2910 et
3299 2857 3601 2910 dimittere?
3639 2858 3788 2911 Tum

2203 2949 2359 3006 Iesus
2386 2965 2598 3004 causam
2627 2949 2857 3005 ostendit
2885 2964 3006 3005 esse
3040 2951 3287 3004 duritiam
3326 2948 3501 3004 eordis
3528 2949 3786 3018 ipsorum,

2203 3058 2361 3111 quam
2404 3042 2610 3098 Marcus
2640 3042 2916 3097 brevitatis
2947 3057 3102 3096 causa
3145 3042 3294 3110 prius
3325 3038 3496 3108 ponit,
3537 3047 3790 3108 tanquam

2212 3143 2284 3196 illi
2319 3141 2498 3209 priori,
2530 3157 2686 3201 quam
2715 3144 2988 3198 Matthmus
3015 3141 3315 3207 intermisit,
3344 3157 3530 3198 eorum
3558 3161 3788 3216 respon-

2203 3234 2339 3288 sioni
2365 3233 2651 3296 redditam;
2682 3233 2813 3286 nihil
2846 3233 3090 3302 deperire
3118 3233 3367 3302 judicans
3397 3237 3595 3290 veritat
3614 3279 3628 3300 ,
3658 3252 3791 3306 quo-

2203 3337 2430 3392 cumque
2450 3323 2568 3378 loco
2591 3323 2791 3378 eisdem
2815 3323 2942 3393 ipsis
2965 3324 3136 3378 verbis
3165 3340 3283 3393 qua:
3305 3324 3386 3378 bis
3403 3325 3650 3379 dixerant
3671 3327 3792 3378 reti-

2204 3413 2438 3478 deretur,
2457 3415 2704 3483 quoniam
2723 3415 2850 3483 ipsis
2865 3415 3040 3468 verbis
3056 3412 3171 3469 eam
3190 3415 3494 3469 reddiderat
3512 3416 3789 3469 Dominus.

2205 3505 2427 3561 CAPUT
2455 3505 2630 3560 LXIII.
2657 3536 2731 3548 -—
2754 3505 2831 3560 De
2856 3507 3081 3575 parvulis
3105 3507 3286 3579 quibus
3324 3524 3502 3560 manus
3530 3507 3791 3577 imposuit,

2278 3600 2338 3653 de
2366 3599 2515 3653 divite
2541 3600 2624 3653 cui
2653 3601 2801 3665 dixit,
2838 3599 3016 3655 Vende
3057 3601 3231 3653 omnia
3267 3609 3388 3665 tua;
3423 3601 3486 3654 de
3514 3601 3658 3653 vinea
3693 3615 3795 3669 quo

2269 3691 2508 3745 conducti
2528 3700 2644 3744 sunt
2670 3691 2887 3760 aperarii
2915 3707 3004 3758 per
3028 3691 3178 3744 horas
3203 3691 3443 3756 diversas,
3465 3690 3797 3760 quemadmo-

2278 3784 2398 3836 dum
2426 3782 2698 3837 Mattltams
2727 3783 2920 3836 duobus
2950 3785 3066 3836 aliis
3097 3801 3196 3837 non
3222 3793 3483 3854 repugnet.

2281 3873 2400 3929 125.
2424 3875 2672 3943 Sequitur
2691 3874 2968 3928 Mattiiaeus
2985 3889 2997 3925 :
3017 3872 3159 3926 Tunc
3183 3875 3336 3926 oblati
3363 3883 3480 3926 sunt
3505 3874 3552 3926 ei
3570 3871 3793 3943 parvuli,

2208 3979 2262 4022 ut
2289 3983 2466 4022 manus
2494 3968 2566 4021 eis
2592 3969 2886 4037 imponeret,
2919 3976 2966 4018 et
2995 3976 3157 4019 oraret
3186 3982 3206 4020 :
3226 3966 3463 4034 discipuli
3499 3975 3666 4018 autem
3710 3964 3796 4014 in-

2209 4063 2604 4132 crepabanteos,
2627 4069 2686 4114 et
2711 4069 2922 4124 czetcra,
2955 4074 3122 4127 usque
3151 4057 3216 4111 ad
3245 4059 3372 4112 iilnd
3399 4057 3486 4110 ubi
3511 4058 3603 4118 ait,
3636 4053 3798 4108 Multi

2210 4154 2342 4207 enim
2365 4163 2480 4206 sunt
2503 4153 2681 4216 vocati,
2702 4151 2849 4220 pauci
2864 4161 3029 4204 autem
3054 4150 3196 4203 electi
3223 4149 3430 4221 (Matth.
3451 4165 3557 4211 xIx,
3589 4149 3673 4210 l3;
3702 4162 3796 4211 xx,

2213 4244 2326 4311 16).
2352 4244 2502 4298 llunc
2526 4258 2644 4297 cum
2673 4243 2918 4296 Matthazo
2936 4243 3142 4297 Marcus
3158 4242 3396 4297 ordinem
3413 4241 3795 4312 tennitUIare.

2208 4353 2267 4400 ι.
2299 4337 2506 4406 lli-5|),
2529 4335 2622 4390 sed
2649 4335 2716 4389 de
2741 4334 3019 4389 conductis
3044 4335 3303 4404 operariis
3329 4333 3394 4386 ad
3417 4335 3626 4386 vineam
3647 4332 3798 4384 solus

2213 4429 2490 4484 Matthazus
2533 4427 2842 4496 interponit.
2880 4427 3048 4480 Lucas
3079 4437 3255 4479 autem
3293 4439 3411 4478 cum
3461 4436 3799 4476 commemo-

2213 4535 2383 4581 rasset
2401 4523 2528 4577 illud
2548 4521 2686 4593 quod
2707 4521 2784 4575 eis
2797 4521 2927 4575 dixit
2943 4519 3301 4589 qtuerentibus
3318 4519 3456 4571 inter
3469 4531 3528 4570 se
3549 4516 3798 4585 quisnam

2215 4618 2385 4688 major
2431 4624 2604 4680 esset,
2639 4614 2879 4682 adjunxit
2906 4612 2973 4666 de
3003 4612 3093 4664 illo
3122 4626 3278 4679 quem
3309 4609 3551 4662 viderant
3571 4607 3800 4676 ejicien-

2216 4721 2320 4766 tem
2349 4709 2606 4764 d:rmonia
2629 4749 2643 4774 ,
2675 4721 2792 4759 cum
2825 4720 2945 4758 eum
2991 4719 3096 4756 non
3138 4709 3448 4771 sequeretur
3477 4717 3488 4753 :
3523 4697 3647 4752 inde
3685 4696 3797 4765 jam

2214 4802 2506 4873 digreditur
2535 4801 2601 4853 ab
2631 4799 2744 4854 istis
2773 4796 3012 4862 duobus,
3052 4795 3138 4848 ubi
3181 4796 3252 4846 ait
3294 4809 3415 4847 eum
3453 4792 3693 4844 firmasse
3725 4790 3800 4840 Ia-

2214 4895 2350 4949 ciem
2369 4909 2516 4947 suam
2530 4902 2594 4945 ut
2607 4893 2703 4946 iret
2721 4891 2770 4943 in
2788 4889 3080 4944 Jerusalem
3101 4885 3251 4956 (Luc.
3268 4902 3342 4950 is,
3357 4884 3512 4938 46-δί
3528 4885 3567 4950 );
3593 4897 3658 4936 ac
3676 4891 3799 4952 post

2217 4985 2378 5038 multa
2428 4981 2734 5050 interposita
2776 4979 3009 5033 occurrit
3047 4977 3126 5031 eis
3164 4990 3350 5030 rursus
3373 4975 3439 5027 ad
3467 4987 3797 5028 commemo-

2217 5074 2440 5129 randum
2469 5073 2626 5126 istum
2657 5072 2872 5125 divitem
2911 5069 2993 5122 cui
3021 5069 3236 5132 dicitur,
3283 5064 3449 5118 Vende
3482 5064 3655 5117 omnia
3684 5077 3799 5132 quat

2217 5169 2368 5224 habes
2387 5167 2496 5236 (Id.
2515 5183 2659 5231 xvm,
2682 5166 2747 5220 18
2779 5166 2893 5233 50);
2913 5181 3070 5234 quem
3100 5179 3239 5217 nunc
3264 5163 3347 5215 isti
3375 5166 3798 5215 commemorant

2217 5277 2282 5317 ex
2311 5260 2496 5314 ordine
2535 5275 2640 5328 quo
2676 5259 2874 5328 pariter
2897 5264 3042 5310 eunt.
3077 5255 3208 5309 Nam
3241 5255 3310 5308 ibi
3340 5255 3498 5308 etiam
3531 5253 3701 5306 Lucas
3732 5250 3799 5302 de

2217 5351 2332 5406 istis
2373 5350 2641 5422 parvulis.
2691 5359 2970 5414 antequam
3019 5347 3196 5400 divitis
3241 5346 3396 5399 faciat
3437 5343 3794 5397 mentionem.

2208 5443 2660 5512 quemadmodum
2699 5451 2752 5496 et
2782 5441 2884 5504 isti,
2918 5456 3022 5494 non
3049 5439 3421 5510 pra-temittit.
3454 5438 3528 5491 De
3553 5437 3643 5490 illo
3671 5447 3796 5503 ergo

2219 5534 2380 5588 divite
2417 5532 2504 5602 qui
2547 5532 2756 5601 quaerit,
2784 5530 2908 5600 qttid
2939 5530 3058 5584 boni
3090 5531 3243 5583 faciat
3271 5537 3326 5581 ut
3355 5529 3512 5581 vitam
3543 5537 3796 5579 mternam

2219 5635 2590 5693 consequatur,
2615 5632 2789 5692 potest
2811 5621 2974 5675 videri
2995 5622 3192 5674 distare
3217 5619 3413 5688 aliquid
3442 5616 3580 5688 quod
3609 5631 3795 5670 securi-

2220 5717 2342 5772 dum
2372 5718 2674 5770 Matthteum
2709 5715 2928 5778 dicitur,
2962 5713 3098 5777 Quid
3128 5729 3204 5765 me
3230 5712 3508 5780 interrogas
3532 5709 3594 5761 de
3619 5708 3746 5760 bono
3771 5706 3794 5760 .’

2221 5809 2508 5864 secundum
2555 5808 2674 5864 illos
2717 5815 2892 5862 autem
2917 5846 2932 5874 ,
2959 5805 3094 5871 Quid
3122 5821 3200 5858 me
3227 5803 3350 5858 dicis
3385 5803 3566 5856 bonum
3587 5801 3613 5854 .’
3639 5797 3788 5861 Nam,
