4082 6468
366 394 454 450 ετ
1618 387 1815 444 LIBER
1848 376 2224 444 secu’snus.

304 506 444 573 Quid
483 521 563 560 me
596 505 875 576 interrogas
914 503 976 558 de
1013 502 1178 557 bona?
1209 500 1276 556 ad
1319 500 1446 556 illud
1485 501 1648 570 magis
1692 500 1878 556 referri

302 608 498 668 potest,
527 597 667 668 quod
697 597 772 651 ait
803 596 892 650 ille
928 608 1200 665 qumrens,
1235 592 1368 659 Quid
1411 594 1524 647 boni
1558 593 1783 662 faciam?
1807 590 1882 646 lbi

303 691 448 747 enim
475 699 528 744 et.
561 689 754 743 bonum
787 687 1094 747 nominavit,
1123 693 1176 739 et
1207 684 1554 754 interrogatio
1590 691 1670 737 est
1705 699 1718 736 :
1758 681 1879 736 Ma-

303 793 458 854 gister
492 793 666 835 autem
693 781 846 844 bone,
876 779 1106 834 nondum
1131 786 1214 833 est
1245 777 1604 847 interrogatio.
1638 777 1886 829 Commo-

302 875 524 930 dissime
551 888 678 943 ergo
707 872 1014 942 intelligitur
1038 883 1321 940 utrumque
1340 870 1559 935 dictum,
1585 868 1720 934 Quid
1758 868 1884 921 dicis

302 982 384 1019 me
410 966 628 1027 bonum;
654 972 726 1026 et,
756 963 1037 1033 interrogas
1065 979 1143 1016 me
1162 962 1223 1014 de
1243 960 1371 1014 bona
1391 960 1428 1014 2*

303 1057 530 1112 CAPUT
570 1056 751 1111 LXIV.
779 1087 852 1096 —
883 1054 978 1110 Ubi
1004 1064 1188 1109 secreto
1240 1052 1505 1106 duodecim
1533 1051 1790 1121 discipulis
1823 1050 1885 1104 de

378 1148 612 1215 passione
634 1163 727 1199 sua
756 1146 1007 1216 pra’dixit,
1039 1155 1083 1198 et
1102 1154 1262 1197 mater
1281 1143 1502 1208 ﬁliorum
1524 1141 1753 1195 Zébedazi
1771 1157 1884 1194 cum

378 1239 500 1308 ﬁliis
525 1237 629 1292 suis
649 1238 790 1308 petiit
813 1246 868 1290 ut
893 1252 1022 1289 unus
1047 1251 1219 1288 eorum
1239 1235 1305 1286 ad
1326 1236 1578 1286 dexteram
1601 1233 1734 1302 ejus,
1759 1231 1886 1284 alter

377 1329 446 1381 ad
471 1329 725 1383 sinistram
743 1326 950 1393 sederet,
970 1324 1217 1395 quomodo
1237 1341 1333 1377 non
1356 1331 1596 1393 repugnet
1611 1319 1886 1374 Matthmus

380 1420 495 1473 aliis
522 1419 735 1473 duobus.

381 1512 504 1566 124.
533 1512 784 1582 Sequitur
829 1509 1125 1575 Matthreus,
1166 1517 1219 1563 et
1260 1507 1389 1562 dicit
1453 1525 1467 1560 :
1519 1505 1584 1560 Et
1617 1504 1888 1559 ascendens

299 1601 349 1655 Γ
348 1620 460 1657 esus
497 1602 868 1672 Jerosolgmam
911 1601 1181 1670 assumpsit
1210 1598 1474 1652 duodecim
1500 1595 1772 1667 discipulos
1805 1610 1888 1648 se-

304 1706 466 1762 creto,
505 1703 553 1748 et
579 1696 651 1748 ait
678 1695 780 1748 illis
819 1709 838 1748 :
884 1692 1013 1747 Ecce
1049 1691 1364 1746 ascendimus
1403 1690 1807 1759 Jerosolymam,
1845 1695 1894 1740 et

309 1787 450 1850 [ilius
480 1785 696 1841 hominis
726 1782 954 1838 tradetur
991 1781 1298 1854 principibus
1334 1779 1648 1834 sacerdotum
1669 1788 1716 1832 et
1748 1777 1891 1832 Scri~

309 1881 416 1945 bis;
443 1887 487 1933 et
515 1877 916 1932 condemnabam
953 1891 1062 1929 eum
1092 1884 1266 1937 morte,
1299 1883 1344 1927 ct
1385 1873 1722 1925 tradent'eum
1757 1866 1889 1922 Gen-

313 1971 444 2026 tibus
472 1971 538 2022 ad
573 1967 910 2021 deludendum
941 1976 988 2020 et
1017 1964 1378 2036 ﬂagellandum
1404 1973 1448 2016 et
1469 1961 1890 2030 cruci/igendmu;

311 2059 527 2115 et.tertia
552 2059 632 2112 die
654 2068 896 2128 resurget.
924 2056 1062 2110 Tunc
1087 2057 1292 2110 accessit
1316 2055 1382 2107 ad
1421 2069 1532 2106 eum
1565 2062 1724 2104 mater
1750 2049 1888 2117 [ilio-

311 2171 426 2211 rum
454 2152 677 2206 Zebedwi
700 2168 812 2205 cum
845 2151 966 2220 ﬁliis
990 2151 1115 2214 suis,
1140 2151 1380 2212 adormts,
1420 2159 1468 2202 et
1500 2157 1668 2216 petens
1702 2143 1892 2214 aliquid

312 2243 376 2296 ab
398 2260 474 2305 eo,
493 2252 618 2306 etc.,
644 2240 810 2311 usque
834 2240 898 2294 ad
927 2240 1052 2293 illud
1081 2240 1166 2293 ubi
1197 2239 1290 2302 ait,
1326 2238 1467 2291 Sicut
1497 2235 1656 2292 Filius
1678 2235 1892 2287 hominis

313 2351 415 2387 non
463 2335 593 2387 venit
636 2331 942 2396 ministrari,
981 2330 1068 2384 sed
1111 2329 1414 2389 ministrare,
1443 2338 1488 2380 et
1527 2328 1647 2380 dare
1673 2327 1893 2378 animant

313 2441 457 2479 suam
493 2423 880 2491 redemptionem
932 2437 1024 2493 pro
1071 2421 1242 2473 multis
1291 2417 1496 2486 (Matth.
1541 2434 1629 2482 xx,
1678 2415 1888 2487 17528).

314 2515 467 2571 Huuc
492 2529 612 2569 cum
642 2514 732 2566 illo
761 2513 1000 2567 ordinem
1029 2513 1186 2566 etiam
1213 2511 1418 2564 Marcus
1443 2517 1605 2573 tenet,
1641 2507 1774 2561 ﬁlios
1794 2507 1897 2560 Ze-

314 2611 482 2667 Βεᾱιιεὶ
519 2609 805 2679 perlubens
837 2607 1033 2660 dixisse
1066 2604 1205 2673 quod
1256 2605 1322 2657 ab
1367 2604 1478 2665 eis,
1520 2619 1622 2655 non
1665 2616 1758 2669 per
1799 2613 1893 2654 eos

315 2702 480 2772 ipsos,
505 2699 595 2753 sed
629 2713 723 2768 per
753 2708 974 2771 matrem
1004 2696 1200 2749 dictum
1227 2709 1347 2748 esse
1374 2692 1650 2746 Mattba‘us
1677 2705 1896 2760 expres-

314 2795 404 2856 sit,
427 2807 549 2852 cuiu
580 2792 665 2844 illa
705 2805 889 2844 eorum
922 2789 1240 2841 voluntatem
1287 2787 1547 2839 attulisset
1595 2785 1658 2838 ad
1717 2785 1895 2838 Domi-

316 2901 462 2936 num.
502 2881 655 2938 Unde
695 2879 862 2949 magis
912 2880 1055 2948 ipsos
1110 2895 1268 2948 quam
1317 2879 1458 2931 illam
1514 2877 1709 2930 dixisse
1751 2877 1892 2946 quod

316 2975 514 3028 dictum
555 2983 666 3037 est,
707 2971 913 3026 Marcus
954 2971 1186 3024 breviter
1236 2969 1512 3022 intimavit.
1565 2968 1798 3036 Denique
1842 2976 1896 3020 et

317 3064 575 3119 Dominus
594 3105 609 3128 ,
634 3073 688 3118 et
721 3063 1010 3117 secundum
1042 3061 1344 3115 Mattltmum
1371 3059 1732 3114 ct'secnndmn
1762 3059 1898 3113 Mora»

317 3173 461 3223 cum,
491 3157 618 3226 ipsis
645 3157 816 3226 potius
836 3171 992 3225 quam
1025 3154 1176 3208 matri
1203 3153 1488 3222 respondit.
1521 3153 1689 3207 Lucas
1715 3163 1894 3209 autem

320 3259 662 3319 posteaquam
685 3263 748 3301 ex
778 3247 962 3301 eodem
990 3245 1176 3300 ordine
1203 3246 1656 3306 commemorm'it,‘
1688 3260 1806 3314 qum
1830 3245 1897 3300 de

319 3341 566 3410 passione
591 3347 658 3394 er
671 3339 735 3393 de
766 3337 1157 3392 resurrectione
1185 3352 1277 3390 sua
1305 3335 1579 3389 duodecim
1625 3335 1898 3406 discipulis

319 3432 643 3502 praedixerit,
675 3431 1030 3501 praetermittit
1056 3446 1116 3484 ea
1156 3445 1272 3498 quae
1310 3429 1394 3482 isti
1431 3439 1851 3483 commemorant
1879 3471 1894 3495 ,

320 3532 441 3592 post
477 3539 594 3591 qua:
635 3522 942 3590 interposita
979 3527 1265 3574 occurrunt
1302 3519 1348 3571 ei
1395 3518 1460 3571 ad
1505 3519 1719 3573 .lericho
1746 3518 1893 3592 (Luc.

320 3628 472 3679 XVIII,
526 3613 735 3682 31-55).
788 3611 938 3676 Quod
987 3616 1162 3664 autem
1217 3609 1466 3663 dixerunt
1517 3609 1794 3663 Mattliarus
1845 3619 1899 3664 et

321 3703 526 3756 Marcus
554 3703 620 3756 de
643 3701 972 3770 principibus
1000 3700 1257 3770 gentium,
1288 3699 1375 3768 qui
1405 3699 1744 3754 dominantur
1769 3701 1897 3754 Stib-

318 3794 502 3862 jectis,
531 3808 635 3846 non
664 3793 730 3846 ita
762 3792 992 3845 futurum
1022 3792 1158 3845 inter
1187 3791 1325 3852 illos,
1374 3790 1466 3844 sed
1515 3806 1634 3844 eum
1680 3791 1770 3860 qui
1798 3791 1900 3846 erit

323 3884 496 3954 major
530 3885 687 3938 etiam
715 3901 925 3939 servum
969 3885 1193 3939 aliorum
1225 3883 1453 3938 futurum
1483 3901 1496 3937 :
1527 3883 1778 3939 dicittale
1806 3885 1903 3938 ali-

321 3977 448 4044 quid
488 3985 544 4030 et
581 3977 768 4038 Lucas.
798 3977 890 4030 sed
919 3993 1022 4030 non
1047 3991 1111 4031 eo
1133 3977 1248 4030 loco
1279 3974 1387 4044 (Id.
1415 3991 1545 4041 xxii,
1572 3975 1764 4046 24-27)
1789 3993 1804 4037 ;
1849 3984 1902 4030 et

324 4066 459 4120 nrdo
490 4067 598 4134 ipse
631 4067 840 4132 indicat,
871 4069 1060 4122 iterum
1103 4081 1222 4120 esse
1260 4066 1503 4120 eamdem
1528 4067 1842 4120 sententiam
1871 4081 1902 4120 a

327 4158 552 4211 Domino
597 4159 812 4212 dictam.

324 4246 547 4303 CAPUT
587 4247 832 4302 LXV.—
860 4247 936 4300 De
976 4247 1119 4301 crucis
1161 4245 1364 4300 Iericho
1393 4247 1709 4313 illuminatis,
1732 4263 1905 4316 quem-

399 4338 672 4392 admodum
718 4356 823 4392 non
847 4339 1138 4391 adversetur
1181 4337 1455 4391 Matt/meus
1484 4337 1578 4392 vel
1606 4337 1802 4403 Marco,
1828 4339 1905 4394 vel

402 4428 569 4482 Lucae.

403 4519 524 4572 ηδ.
552 4519 804 4587 Sequitur
819 4518 1093 4572 Mattlueus
1124 4537 1137 4573 :
1173 4518 1237 4572 Et
1257 4519 1622 4588 egredientibus
1643 4519 1713 4572 eis
1733 4518 1794 4572 ab
1814 4517 1906 4572 Je-

328 4611 491 4674 richo,
517 4621 686 4664 secuta
714 4621 784 4663 est
800 4628 910 4665 eum
935 4612 1076 4664 turba
1103 4611 1279 4664 multa.
1315 4611 1376 4663 Et
1417 4627 1527 4664 ecce
1549 4612 1647 4664 duo
1677 4611 1794 4664 ι·ωεὶ
1823 4627 1906 4664 se-

328 4703 497 4757 dentes
528 4720 678 4755 sccus-
695 4705 824 4755 viam
848 4703 1258 4771 mulierum-quia
1280 4701 1430 4755 Jesus
1460 4703 1706 4764 transiret,
1725 4713 1772 4755 et
1797 4703 1905 4755 cla-

327 4803 606 4856 mauerunt,
627 4791 885 4846 diccntrﬂ
913 4793 1146 4858 Domine,
1167 4795 1398 4846 miserere
1417 4796 1590 4859 nostri,
1622 4795 1697 4862 ﬁli
1721 4794 1904 4862 David,

329 4899 458 4947 cle.,
492 4903 665 4956 usque
689 4887 752 4939 ad
787 4887 909 4939 illud
943 4887 1028 4939 ubi
1060 4888 1148 4951 ait,
1188 4886 1252 4938 Et
1282 4889 1541 4956 confesti»:
1581 4889 1828 4952 viderunt,
1861 4897 1909 4942 et

333 4981 488 5032 secuti
532 4989 646 5032 sunt
691 4995 801 5032 eum
847 4977 1076 5050 ('lllatth.
1107 4996 1196 5044 xx,
1227 4978 1446 5048 29-54).
1491 4979 1600 5032 Hoc
1627 4989 1679 5033 et
1705 4979 1910 5034 Marcus

329 5081 750 5136 commemorat,
803 5072 893 5125 sed
937 5071 1002 5125 de
1051 5087 1154 5124 uno
1195 5086 1336 5124 caaeu
1391 5071 1582 5124 factum
1635 5070 1906 5140 (Harax,

333 5162 403 5216 46
440 5163 554 5233 5‘2).
577 5164 702 5230 Qua:
733 5163 798 5214 ita
828 5164 1050 5216 solvitur
1073 5163 1316 5231 quarstio,
1349 5170 1401 5214 ut
1425 5161 1510 5215 illa
1541 5163 1708 5216 soluta
1739 5163 1910 5218 estde

334 5253 565 5317 duobus,
593 5254 696 5322 qui
722 5253 977 5318 legionem
1001 5252 1296 5306 dmmonnm
1319 5253 1646 5320 patiebantur
1668 5254 1717 5306 in
1743 5254 1913 5323 regio—

299 5353 308 5358 '
337 5364 404 5400 ne
428 5346 816 5401 Gerasenorum
837 5346 1056 5415 (Supra,
1084 5362 1196 5413 cap.
1215 5345 1301 5406 9.45,
1328 5362 1379 5396 η.
1399 5345 1510 5412 50).
1534 5343 1664 5396 Nam
1686 5345 1909 5399 duorum

339 5439 498 5490 etiam
523 5453 803 5494 czoeurum.
831 5451 962 5502 quos
999 5435 1157 5487 modo
1187 5434 1520 5502 interposuit,
1554 5451 1714 5488 unum
1748 5434 1912 5491 fuisse

340 5529 675 5581 mitissimum
703 5537 755 5580 el
798 5525 848 5580 in
897 5525 981 5577 illa
1014 5524 1224 5577 civitate
1252 5524 1679 5588 fatuusissin'tutn,
1709 5541 1775 5579 ex
1813 5525 1912 5579 hoc

341 5620 500 5672 etiam
533 5618 660 5672 satis
681 5625 920 5685 apparet,
951 5615 1087 5685 quod
1118 5625 1171 5668 et
1197 5630 1384 5666 nomen
1405 5615 1516 5680 ejus
1537 5626 1588 5666 et
1613 5618 1772 5683 patris
1798 5619 1912 5684 ejus

338 5709 544 5764 Marcus
573 5709 1008 5764 commemoravit
1039 5727 1050 5761 :
1075 5706 1214 5776 quod
1246 5707 1297 5760 in
1337 5715 1412 5760 Iul
1441 5709 1686 5777 superius
1715 5711 1913 5765 sanatis

340 5820 372 5854 a
400 5803 630 5856 Dtuuino:
656 5818 758 5856 non
789 5800 938 5854 facile
966 5799 1212 5865 occurrit,
1248 5798 1346 5853 nisi
1368 5813 1486 5853 eum
1507 5797 1703 5853 Jairum
1733 5801 1911 5855 acciti.

3419 395 3440 447 1
3457 393 3563 450 158

1985 515 2308 572 Synagogum
2330 503 2487 559 etiam
2510 504 2721 560 nomine
2746 506 3029 575 expressit,
3053 505 3202 577 cujus
3229 506 3388 562 ﬁliam
3417 520 3554 564 resin.

1985 592 2194 646 scitavit
2217 591 2373 648 .lesus
2400 593 2418 666 (
2449 591 2613 649 Marc.
2637 611 2688 658 ν,
2716 593 2891 651 22-«13
2911 595 2949 666 ).
2983 596 3039 650 In
3068 611 3174 667 quo
3199 597 3358 652 etiam
3393 599 3559 668 magis

1987 681 2086 737 iste
2110 697 2298 738 sensus
2322 697 2562 755 apparet,
2587 687 2709 757 quia
2729 697 2781 742 et
2805 688 2892 742 ille
2912 688 3358 760 archisynagogus
3378 691 3560 760 utique

1987 772 2038 826 in
2061 772 2179 827 loco
2202 773 2302 828 isto
2320 775 2509 829 nobilis
2531 775 2642 830 fuit.
2669 776 2861 830 Procul
2882 777 3040 832 dubio
3058 779 3231 849 itaque
3255 779 3560 832 Bartimreus

1989 861 2089 918 iste
2115 863 2301 919 Tim-.ei
2325 865 2463 920 ﬁlius
2489 881 2556 921 ex
2584 867 2758 937 aliqua
2787 883 2973 938 magna
3004 866 3255 924 felicitate
3298 868 3556 938 dejectus,

1988 953 2277 1010 notissima:
2302 967 2354 1010 et
2382 955 2746 1011 famosissima:
2772 959 2998 1013 miserim
3031 958 3144 1027 fuit,
3163 960 3308 1030 quod
3341 976 3446 1015 non
3477 975 3564 1014 sn-

1990 1045 2098 1099 lum
2126 1062 2320 1114 caecus,
2337 1063 2525 1103 verum
2553 1048 2712 1104 etiam
2739 1050 3011 1106 mendicus
3039 1051 3276 1107 sedebat.
3315 1052 3450 1107 Hinc
3477 1064 3559 1108 est

1989 1154 2116 1208 ergo
2138 1139 2276 1209 quod
2305 1141 2475 1210 ipsum
2505 1142 2674 1198 solum
2704 1143 2865 1198 voluit
2891 1159 3310 1199 commemorare
3332 1145 3558 1210 Marcus,

1989 1234 2142 1301 cujus
2181 1233 2494 1289 illuminatio
2537 1245 2643 1290 tam
2689 1229 2883 1290 clara'm
2925 1235 3116 1291 famam
3149 1238 3274 1292 huic
3311 1237 3564 1292 miraculo

1989 1326 2329 1392 comparavit,
2359 1340 2515 1394 quam
2546 1334 2659 1381 erat
2681 1326 2817 1381 illius
2840 1336 2962 1381 uota
2988 1327 3281 1382 calamitas.

2062 1415 2184 1469 196.
2205 1415 2373 1471 Lucas
2404 1433 2527 1472 vero
2544 1421 2783 1488 quamvis
2811 1420 3027 1475 omnino
3051 1420 3238 1474 eodem
3286 1419 3444 1475 modo
3480 1420 3570 1489 fag

1992 1515 2156 1572 ctum,
2187 1517 2359 1563 tamen
2389 1509 2438 1563 in
2465 1511 2568 1564 alio
2597 1525 2740 1565 caseo
2787 1510 3156 1582 intelligendus
3180 1521 3261 1564 est
3303 1526 3397 1579 par
3420 1525 3566 1565 com-

1994 1613 2290 1654 memorare
2326 1600 2659 1668 miraculum,
2705 1589 3039 1672 et'cjusd'em
3091 1601 3332 1656 miraculi
3378 1616 3556 1669 parem

1993 1689 2228 1744 modum.
2261 1691 2350 1746 llle
2380 1694 2572 1762 quippe
2602 1692 2703 1748 huc
2729 1693 2921 1748 factmn
2943 1693 3092 1756 dicit,
3124 1709 3242 1748 cum
3266 1692 3555 1763 appropin-

1993 1791 2178 1852 quaret
2203 1783 2412 1839 Jericho
2434 1784 2451 1854 (
2476 1784 2599 1840 Luc.
2627 1802 2771 1851 xvnt,
2801 1786 3000 1858 55-43)
3035 1805 3047 1840 :
3077 1796 3132 1841 at
3160 1787 3243 1841 isti
3272 1801 3393 1840 cum
3410 1801 3564 1854 egre-

1994 1875 2210 1930 deretur
2237 1876 2305 1931 ab
2330 1877 2561 1931 .lerieho.
2590 1879 2692 1934 Sed
2723 1895 2912 1934 nomen
2934 1880 3160 1934 civitatis
3189 1890 3241 1934 et
3262 1878 3382 1933 facti
3416 1879 3568 1932 simi-

1991 1965 2162 2035 litudo
2188 1967 2354 2035 putari
2383 1969 2567 2022 suadet
2593 1971 2758 2026 Semel
2796 1985 2914 2026 esse
2945 1971 3135 2025 factum
3166 1989 3179 2025 :
3209 1971 3301 2025 sed
3334 1972 3570 2037 Evange-

1998 2055 2144 2109 listas
2177 2056 2227 2108 in
2268 2057 2368 2110 hoc
2411 2059 2510 2112 sibi
2549 2059 2837 2124 adversari,
2876 2060 3016 2130 quod
3055 2061 3191 2115 alius
3235 2059 3396 2124 dicat,
3443 2058 3569 2112 Cum

1996 2148 2420 2218 appropinquaret
2465 2149 2691 2217 Jcricho,
2714 2151 2821 2215 alii,
2847 2152 2973 2206 Cum
3005 2150 3322 2222 egrederetur
3356 2151 3417 2202 ab
3436 2149 3572 2203 .Ieri-

1998 2238 2117 2304 cho,
2155 2256 2259 2292 non
2290 2255 2418 2294 sane
2455 2239 2557 2295 hoc
2596 2242 2896 2310 persuadet,
2924 2241 3025 2296 nisi
3053 2242 3131 2296 eis
3157 2242 3246 2311 qui
3291 2241 3572 2310 proclivius

1997 2329 2342 2384 credivolunt
2371 2330 2582 2385 mentiri
2632 2332 2995 2402 Evangelium,
3023 2349 3180 2402 quam
3223 2332 3328 2386 duo
3379 2331 3570 2386 similia

1997 2421 2342 2491 similiterque
2383 2422 2631 2476 miracula
2660 2423 2849 2478 fecisse
2886 2423 3085 2478 Jesum.
3119 2423 3254 2490 Quid
3297 2432 3473 2476 autem
3505 2423 3573 2475 sit

1998 2512 2324 2576 credibilius,
2378 2520 2433 2568 et
2475 2514 2598 2583 quid
2633 2515 2805 2582 potius
2852 2532 3055 2581 verum,
3107 2524 3161 2571 et
3180 2515 3352 2569 omnis
3403 2514 3576 2569 ﬁ‘delis

2000 2603 2137 2658 ﬁlius
2167 2604 2434 2674 Evangelii
2461 2604 2706 2660 facillime
2737 2607 2878 2661 videt
2899 2624 2912 2670 ;
2933 2617 2984 2661 et
3013 2609 3184 2661 omnis
3214 2607 3580 2661 contentiosus

1998 2695 2185 2751 saltem
2216 2711 2333 2750 cum
2362 2697 2662 2751 admonitus
2689 2697 2864 2764 fuerit,
2893 2699 2976 2753 Vel
3007 2698 3250 2764 tacendo,
3280 2697 3361 2751 vel
3391 2697 3576 2752 etiam-

1999 2786 2043 2838 si
2064 2795 2234 2842 tacere
2262 2787 2507 2852 noluerit,
2527 2788 2806 2856 cogitando
2828 2788 2924 2842 sibi
2959 2789 3069 2857 ipse
3095 2787 3400 2856 reSpondet.

1999 2877 2226 2932 CAPUT
2264 2877 2448 2932 LXVI.
2470 2909 2541 2918 —
2565 2878 2640 2933 De
2665 2879 2820 2932 asina:
2840 2877 3003 2949 pullo,
3038 2877 3284 2949 quomodo
3309 2875 3573 2929 Mattha’u.

2053 2969 2243 3022 cccteris
2285 2978 2562 3040 congruat,
2596 2971 2680 3040 qui
2718 2971 2881 3024 solum
2917 2970 3114 3042 pullum
3149 2980 3570 3023 commemorant-

2012 3071 2020 3086 ‘
2074 3059 2196 3114 127.
2227 3059 2476 3130 Sequitur
2516 3061 2828 3127 Mattlneus,
2851 3073 2905 3116 et
2938 3062 3066 3117 dicit
3103 3080 3120 3117 :
3157 3060 3222 3115 Et
3251 3079 3366 3115 cum
3392 3078 3572 3130 appro-

2000 3150 2322 3221 pinquassent
2340 3150 2688 3223 Jerosolymis,
2718 3163 2764 3206 et
2785 3153 3026 3207 venissent
3042 3152 3334 3224 Belhphage
3349 3152 3415 3204 ad
3438 3169 3570 3204 mon-

2000 3249 2099 3294 tem
2124 3240 2324 3308 Uliveti,
2358 3251 2474 3296 tunc
2499 3243 2530 3295 J
2537 3259 2648 3297 esus
2669 3243 2801 3297 misit
2823 3243 2949 3297 duos
2969 3243 3263 3314 discipulos,
3287 3243 3456 3295 dicens
3472 3243 3541 3295 eis
3561 3281 3574 3295 .

2001 3330 2084 3386 Ite
2109 3333 2161 3386 in
2187 3334 2448 3387 castellum
2466 3335 2600 3404 quod
2624 3345 2800 3388 contra
2828 3351 2912 3389 vos
2941 3343 3047 3399 est,
3092 3343 3136 3388 et
3163 3335 3330 3389 statim
3352 3335 3576 3388 invenie-

2001 3424 2065 3476 tis
2084 3425 2279 3478 asinam
2305 3425 2566 3496 alligatam
2599 3435 2644 3479 et
2677 3425 2871 3492 pullum
2897 3442 3012 3479 cum
3041 3442 3120 3488 ea,
3143 3436 3271 3488 etc.,
3313 3441 3476 3495 usque
3508 3424 3575 3479 ad

2003 3517 2310 3571 eumlocum
2337 3515 2426 3571 ubi
2447 3517 2540 3583 ait,
2563 3516 2859 3570 Benedictus
2883 3517 2969 3588 qui
2989 3517 3117 3570 venit
3138 3517 3190 3570 in
3220 3517 3423 3570 nomine
3464 3515 3574 3568 Do—

2003 3609 2152 3690 mini,
2187 3608 2433 3663 Hosanna
2481 3611 2534 3663 in
2575 3609 2830 3663 altissimis
2861 3609 3084 3680 (Matth.
3113 3625 3198 3664 xxI
3220 3649 3234 3673 ,
3269 3609 3424 3675 1-9).
3473 3607 3579 3664 Hoc

2003 3699 2164 3754 etiam
2193 3699 2396 3754 Marcus
2443 3711 2622 3754 narrat
2665 3699 2850 3753 eodem
2887 3700 3071 3754 ordine
3095 3697 3580 3771 eustodito(lllarc.

2004 3805 2080 3854 XI,
2109 3789 2242 3844 1-10
2273 3788 2316 3860 ).
2351 3791 2519 3844 Lucas
2543 3799 2719 3843 autem
2757 3789 2807 3843 in
2834 3789 3047 3844 Jericho
3077 3790 3406 3854 immoratur,
3437 3804 3576 3858 qua»

2006 3879 2126 3935 dam
2155 3895 2577 3935 commemorans
2604 3895 2720 3950 quae
2747 3879 2834 3934 isti
2867 3879 3338 3948 prwtermiserunt,
3371 3877 3437 3934 de
3480 3878 3582 3932 Za-

2007 3970 2156 4025 chan
2179 3970 2415 4042 principe
2462 3970 2889 4034 Publicanorum,
2919 3978 2971 4022 et
3001 3968 3241 4038 qumdam
3276 3969 3326 4022 in
3361 3970 3583 4038 parabo-

2007 4061 2073 4117 lis
2093 4061 2251 4116 dieta.
2283 4061 2410 4116 Post
2436 4061 2552 4116 hate
2575 4070 2629 4115 et
2659 4061 2769 4129 ipse
2796 4062 3026 4114 occurrit
3068 4061 3145 4114 eis
3176 4059 3240 4113 ad
3273 4060 3426 4127 hujus
3455 4058 3583 4128 pulli

2009 4153 2590 4218 commemorationem,
2647 4152 2698 4205 in
2744 4167 2850 4220 quo
2893 4151 3029 4204 sedit
3075 4150 3266 4218 Jesus(
3292 4148 3417 4201 Luc.
3470 4164 3575 4202 ιικ.

2010 4245 2144 4300 1-58
2170 4247 2210 4315 ).
2234 4244 2344 4300 Nec
2378 4254 2587 4298 moveat
2637 4244 2777 4313 quod
2830 4242 3106 4296 Mattlneus
3139 4241 3340 4294 asinam
3378 4239 3500 4292 dicit
3531 4246 3582 4291 et

2012 4338 2240 4408 pullum,
2264 4337 2440 4392 caaleri
2465 4345 2640 4389 autem
2661 4335 2728 4388 de
2754 4336 2899 4388 asina
2928 4343 3120 4387 tacent.
3151 4332 3261 4384 lmo
3289 4331 3447 4385 etiam
3497 4345 3581 4383 reo

2010 4429 2277 4484 cordanda
2318 4436 2400 4483 est
2437 4427 2524 4481 illa
2551 4426 2762 4495 regula,
2795 4440 2950 4493 quam
2989 4425 3057 4479 de
3106 4423 3489 4494 quinquagenis
3534 4433 3586 4476 et

2011 4522 2248 4577 centenis
2268 4519 2738 4581 discumbentibus,
2769 4531 2888 4571 cum
2913 4516 3144 4586 quinque
3173 4516 3394 4585 panibus
3419 4514 3584 4568 turba:

2013 4623 2374 4686 pascerentur,
2396 4629 2553 4682 supra
2583 4609 2963 4666 insinuavi-mus
2987 4608 3004 4680 (
3030 4609 3223 4680 Supra,
3263 4625 3379 4679 cap.
3405 4607 3496 4672 46,
3530 4625 3586 4660 u.

2012 4709 2125 4777 98)
2152 4727 2166 4763 :
2197 4723 2296 4778 qua
2330 4707 2609 4771 insinuata,
2644 4718 2746 4757 non
2769 4702 2988 4757 deberet
3021 4701 3123 4756 hoc
3143 4701 3251 4771 jam
3279 4714 3587 4771 permovere

2014 4800 2286 4860 lectorem,
2309 4811 2408 4850 nec
2427 4796 2470 4850 si
2488 4794 2768 4849 Mattharus
2789 4794 2859 4847 ita
2878 4792 2945 4848 de
2961 4794 3104 4862 pullo
3123 4792 3389 4852 tacuiSset.
3404 4806 3588 4859 quem.-

2015 4889 2298 4944 admodmn
2322 4888 2395 4942 illi
2421 4887 2488 4942 de
2507 4887 2980 4949 asina-tacuerunt;
3009 4894 3085 4940 ut‘
3105 4885 3332 4938 maxime
3369 4890 3586 4938 contra-

2014 4982 2149 5037 rium
2177 4989 2465 5050 putaretur,
2493 4979 2631 5047 quod
2658 4993 2792 5032 unus
2820 4978 3020 5031 asinam
3051 4977 3203 5042 dixit,
3253 4976 3339 5028 alii
3384 4975 3586 5043 pullum

2017 5073 2180 5126 asina:
2205 5089 2219 5136 ;
2249 5078 2446 5140 quanto
2477 5069 2652 5123 minus
2673 5069 2880 5123 moveri
2920 5077 3147 5137 oportet,
3197 5067 3317 5136 quia
3341 5081 3474 5119 unus
3515 5063 3583 5117 ita

2017 5161 2455 5218 commemoravit
2504 5159 2964 5228 asinam,.de‘qua
2995 5158 3170 5212 caeteri
3199 5165 3494 5221 tacuerunt,
3535 5163 3589 5210 ιιι

2022 5263 2194 5308 tamen
2239 5254 2436 5322 pullum
2465 5267 2569 5306 non
2598 5260 2812 5315 taceret,
2841 5249 2908 5303 de
2931 5264 3036 5317 quo
3063 5248 3136 5302 illi
3165 5246 3458 5301 dixerunt?
3488 5245 3585 5302 Ubi

2019 5354 2447 5415 ergo-utrumque
2470 5346 2851 5411 laetumpotest
2871 5341 3112 5410 intelligi,
3133 5341 3271 5394 nulla
3295 5356 3590 5410 repugnan-

2021 5439 2090 5491 tia
2118 5445 2219 5500 est,
2244 5451 2342 5489 nec
2367 5437 2409 5488 si
2431 5435 2566 5488 alius
2591 5433 2753 5499 aliud,
2774 5442 2826 5487 et
2851 5433 2993 5487 aliud
3012 5434 3145 5486 alius
3169 5439 3546 5487 commemoret
3574 5449 3586 5483 :

2019 5539 2218 5599 quanto
2245 5527 2416 5581 minus
2447 5526 2532 5579 ubi
2559 5527 2690 5579 alius
2720 5542 2902 5587 unum,
2935 5527 3069 5580 alius
3098 5524 3415 5592 utrumque?

2094 5618 2215 5673 128.
2249 5617 2480 5672 Joannes
2503 5633 2712 5686 quoque
2761 5633 2878 5671 cum
2931 5626 3100 5670 taceat
3145 5613 3588 5684 quemadmodum

2022 5711 2277 5765 Dominus
2305 5709 2592 5778 discipulos
2615 5725 2738 5764 suos
2767 5709 2830 5762 ad
2876 5709 2988 5762 lnec
3023 5708 3270 5762 animalia
3298 5707 3395 5761 sibi
3425 5708 3590 5761 τιιΙιΙιι-

2021 5802 2185 5858 cenda
2205 5803 2431 5868 miserit,
2451 5803 2736 5872 interponit
2758 5811 2932 5858 tamen
2958 5802 3187 5856 breviter
3216 5800 3315 5857 hoc
3339 5802 3406 5857 de
3431 5803 3588 5872 pullo,
