4082 6456
501 330 640 391 H39

495 471 618 514 cum
647 455 953 514 testimonio
976 455 1137 513 etiam
1173 454 1466 525 prophetae,
1495 452 1635 524 quod
1663 451 1940 507 Mattlucus
1977 451 2074 506 ad-

495 547 643 604 hibet
668 547 863 620 (Joun.
916 565 1014 618 xu,
1048 549 1136 613 14,
1188 547 1251 602 15
1271 545 1311 618 ).
1354 544 1411 600 lu
1443 561 1549 619 quo
1584 546 1744 601 etiam
1772 545 2075 601 testimonio

499 639 812 717 prophetico
843 641 1170 711 aliquantum
1196 639 1403 694 diversa
1441 636 1895 708 Evangelistarum
1929 637 2078 692 locu-

505 732 580 788 tio
599 733 666 787 ab
693 748 756 788 ea
804 732 1016 804 quidem
1044 731 1308 787 sententia
1356 746 1463 785 non
1493 729 1728 786 recedit:
1762 729 1856 784 sed
1901 737 2077 800 potest

498 838 717 879 movere
743 822 880 893 quod
915 822 1014 877 hoc
1031 822 1310 878 Matthzeus
1330 823 1413 878 sic
1434 820 1670 886 adhibet,
1686 830 1743 875 ut
1763 821 1966 875 asinam
1988 819 2075 875 di-

495 921 584 969 cat
608 927 1052 970 commemorasse
1080 912 1387 984 prophetam
1417 929 1433 978 ;
1463 928 1568 968 non
1595 920 1770 968 autem
1796 913 1865 967 ita
1892 927 1953 967 se
1979 911 2077 965 ha-

496 1003 606 1070 bet,
629 1004 710 1060 vel
735 1004 876 1075 quod
922 1003 1156 1061 Joannes
1184 1005 1499 1076 interponit,
1539 1005 1623 1060 vel
1654 1005 1866 1060 codices
1894 1005 2075 1060 eccle-

496 1094 694 1150 siastici
726 1095 1175 1167 interpretationis
1204 1096 1432 1152 usitatae.
1477 1094 1641 1167 Cujus
1687 1111 1764 1150 rei
1794 1110 1954 1153 causa
1984 1095 2076 1151 illa

496 1185 625 1241 mihi
644 1184 871 1254 videtur,
903 1187 1042 1258 quod
1073 1186 1354 1242 Matthaeus
1374 1186 1585 1242 hebraaa
1612 1187 1789 1258 lingua
1816 1186 2072 1257 perhibe-

495 1285 583 1332 tur
607 1277 951 1348 Evangelium
978 1278 1379 1349 conscripsisse.
1406 1275 1738 1333 Manifestum
1769 1285 1852 1333 est
1893 1286 2074 1333 autem

495 1370 990 1442 interpretationem
1045 1371 1186 1427 illam
1216 1386 1335 1443 quae
1388 1370 1584 1426 dicitur
1620 1370 1962 1440 Septuaginta
2016 1371 2073 1425 in

495 1460 767 1515 nonnullis
792 1475 850 1515 se
873 1462 1029 1516 aliter
1056 1460 1252 1516 habere
1275 1475 1431 1530 quam
1456 1460 1733 1515 inveniunt
1749 1460 1804 1514 in
1833 1459 2072 1529 hebrteo,

494 1551 586 1621 qui
611 1566 728 1606 eam
775 1552 1007 1621 linguam
1059 1562 1340 1618 noverunt,
1382 1561 1435 1605 et
1462 1551 1555 1621 qui
1582 1551 1912 1620 interpretati
1951 1560 2077 1605 sunt

495 1642 687 1712 singuli
714 1642 931 1699 eosdem
957 1642 1145 1698 Libros
1170 1642 1431 1697 hebraeos.
1462 1641 1629 1710 llujus
1647 1642 1781 1696 item
1803 1641 2073 1699 distantia:

493 1748 653 1788 causa
693 1733 739 1788 si
768 1742 1058 1804 qua-ratur,
1081 1748 1176 1789 cur
1202 1742 1345 1788 tanta
1370 1733 1655 1788 auctoritas
1677 1732 2074 1802 interpretatio-

495 1824 581 1881 nis
629 1823 975 1897 Septuaginta
1001 1826 1180 1882 multis
1205 1827 1257 1880 in
1286 1825 1417 1881 locis
1442 1825 1603 1880 distet
1625 1825 1692 1880 ab
1738 1840 1803 1880 ea
1849 1826 2078 1882 veritate

495 1930 615 1984 tunc
642 1915 695 1970 in
718 1915 948 1970 hebraeis
987 1914 1261 1971 codicibus
1305 1916 1609 1980 invenitur;
1638 1913 1767 1969 nihil
1795 1929 2077 1971 occurrere

495 2006 827 2076 probabilius
855 2009 1122 2073 existimo,
1149 2023 1305 2078 quam
1350 2008 1470 2062 illos
1498 2008 1840 2079 Septuaginta
1867 2022 1933 2063 eo
1961 2009 2074 2079 spi-

492 2096 601 2152 ritu
646 2098 1040 2169 interpretatos,
1073 2114 1177 2168 quo
1224 2106 1279 2153 et
1308 2098 1393 2152 illa
1421 2114 1540 2169 qua:
1592 2097 2076 2168 interpretabantur

492 2185 632 2240 dicta
655 2186 893 2242 fuerant:
923 2187 1064 2258 quod
1085 2204 1150 2242 ex
1176 2189 1501 2265 ipsaoeorum
1524 2188 1751 2243 mirabili
1780 2204 1900 2259 quae
1936 2204 2074 2259 prae-

492 2277 701 2334 dicatur
715 2281 1066 2336 consensione
1087 2258 1349 2335 ﬁrmatum
1369 2256 1634 2357 estJErgo
1655 2289 1708 2337 et
1728 2281 1827 2352 ipsi
1850 2283 2079 2337 nonnul-

498 2369 551 2426 Ia
604 2371 656 2424 in
707 2371 920 2441 eloquio
949 2372 1222 2438 varianda,
1251 2382 1305 2428 ct
1331 2373 1400 2428 ab
1446 2372 1629 2429 eadem
1657 2374 1927 2431 voluntate
1956 2374 2072 2443 Dei,

492 2462 646 2534 cujus
670 2463 758 2519 illa
805 2464 944 2519 dicta
1000 2473 1172 2530 erant,
1204 2473 1260 2520 et
1284 2467 1370 2519 cui
1396 2464 1556 2520 verba
1585 2467 1786 2522 servire
1804 2465 2075 2527 debebant

491 2565 601 2611 non
644 2555 963 2624 recedendo,
1002 2556 1132 2612 nihil
1181 2557 1321 2614 aliud
1369 2555 1741 2616 demonstrare
1772 2560 2072 2628 voluerunt,

491 2659 650 2715 quam
678 2644 780 2702 hoc
807 2647 977 2718 ipsum
1007 2646 1150 2719 quod
1195 2664 1336 2703 nunc
1362 2651 1411 2703 in
1459 2650 1915 2721 Evangelistarum
1943 2666 2076 2722 qua-

490 2744 617 2791 tuor
633 2737 881 2793 concordi
906 2738 1132 2808 quadam
1156 2738 1462 2795 diversitate
1487 2741 1761 2808 miramur,
1790 2756 1892 2812 qua
1919 2741 2077 2798 nobis

491 2827 792 2884 ostenditur
820 2844 924 2884 non
955 2844 1075 2885 esse
1108 2830 1467 2896 mendacium,
1495 2833 1539 2886 si
1568 2832 1844 2902 quisquam
1876 2832 1949 2887 ita
1988 2832 2076 2887 di-

495 2930 652 2973 verso
677 2917 837 2973 modo
880 2918 1083 2990 aliquid
1108 2928 1311 2986 narret,
1345 2928 1404 2975 ut
1440 2921 1507 2976 ab
1552 2924 1668 2991 ejus
1694 2922 1965 2978 voluntate
1990 2923 2075 2977 cui

491 3008 890 3064 consonandum
943 3020 999 3067 et
1041 3012 1482 3067 consentiendum
1532 3022 1636 3077 est,
1681 3030 1786 3070 non
1838 3014 2073 3071 recedat.

492 3099 649 3165 Quod
678 3115 836 3156 nosse
883 3111 936 3155 et
965 3102 1201 3157 moribus
1231 3104 1363 3159 utile
1393 3113 1494 3171 est,
1520 3116 1740 3176 propter
1763 3107 1997 3162 cavenda
2023 3118 2076 3165 ct

492 3188 777 3260 judicanda
822 3191 1216 3258 mendacia;et
1238 3193 1335 3263 ipsi
1380 3193 1524 3259 lidei,
1565 3210 1633 3250 ne
1659 3205 1904 3266 putemus
1923 3198 2075 3267 quasi

494 3284 823 3358 consecratis
842 3285 1006 3351 sonis,
1036 3285 1108 3339 ita
1127 3286 1320 3341 tnuniri
1339 3286 1637 3353 veritatem,
1663 3297 1911 3358 tanquam
1937 3290 2077 3347 Deus

491 3372 650 3429 nobis
679 3374 1123 3444 quemadmodum
1156 3376 1323 3446 ipsam
1347 3392 1479 3443 rem,
1511 3379 1590 3433 sic
1614 3380 1773 3435 verba
1801 3396 1922 3451 qum
1947 3395 2073 3452 pro-

491 3472 615 3533 pter
639 3465 782 3520 illam
812 3475 935 3522 sunt
959 3467 1205 3535 dicenda,
1233 3469 1610 3537 couuuendet;
1639 3486 1761 3526 cum
1802 3475 1981 3544 potius
2002 3475 2077 3530 ita

491 3570 583 3613 res
606 3572 725 3627 qua:
764 3558 985 3614 dicenda
1031 3569 1136 3623 est,
1168 3561 1501 3616 sermonibus
1550 3578 1645 3633 per
1682 3577 1817 3635 quos
1851 3564 2077 3622 dicenda

493 3652 636 3720 esti,
658 3652 989 3722 prmleratur,
1015 3663 1066 3707 nl
1092 3654 1241 3709 istos.
1259 3655 1476 3711 omnino
1505 3671 1743 3726 qumrere
1776 3672 1882 3712 non
1910 3657 2076 3714 debe-

495 3757 699 3811 remus,
728 3743 772 3798 si
816 3758 935 3801 eatn
966 3745 1081 3799 sine
1108 3745 1189 3799 his
1233 3760 1392 3801 nosse
1419 3760 1721 3817 possemus,
1750 3748 1889 3804 sicut
1928 3749 2074 3804 illam

499 3832 647 3887 novit
669 3834 961 3895 Deus,etin
993 3836 1106 3904 ipso
1133 3836 1320 3905 Augeli
1369 3837 1504 3905 ejus.

496 3922 722 3981 CAPUT
757 3923 965 3979 LXVII.
988 3955 1061 3966 --
1088 3925 1166 3979 De
1209 3928 1432 3999 expulsis
1476 3929 1662 3999 templo
1684 3930 2005 3984 vendentibus
2030 3939 2080 3985 et

567 4016 842 4071 ementibus
861 4058 874 4082 ,
919 4020 1340 4088 quemadmodum
1384 4031 1482 4075 tres
1533 4023 1616 4077 isti
1654 4039 1755 4079 non
1803 4034 2080 4096 repugnent

567 4105 761 4163 Jommi
778 4110 864 4179 qui
887 4110 982 4164 hoc
996 4110 1142 4166 idem
1161 4111 1308 4184 longe
1324 4113 1445 4168 alibi
1473 4114 1613 4169 dicit.

573 4202 696 4259 129.
717 4202 967 4274 Sequitur
1012 4203 1312 4273 Mattlncus,
1335 4215 1389 4261 et
1410 4206 1540 4262 dicit
1568 4224 1581 4260 :
1612 4206 1681 4262 Et
1707 4224 1823 4263 cum
1846 4209 2081 4265 intrasset

496 4291 892 4366 Jerosolgmam,
923 4308 1172 4351 commota
1224 4307 1297 4353 est
1346 4300 1578 4353 universa
1620 4300 1817 4366 civitas,
1861 4301 2032 4356 dicens
2059 4317 2081 4357 :

500 4384 628 4451 Quis
669 4396 763 4442 estv
796 4387 922 4443 hic?
966 4387 1155 4459 Populi
1196 4400 1364 4445 autem
1391 4390 1664 4447 dicebant:
1692 4390 1791 4446 llic
1819 4402 1891 4448 est
1928 4391 2082 4448 Iesus

498 4477 744 4549 propheta
768 4495 801 4533 a
832 4477 1090 4535 Nazareth
1113 4480 1356 4538 Galiltete.
1384 4481 1449 4536 Et
1472 4483 1676 4538 intravit
1702 4483 1854 4540 Iesus
1876 4486 1930 4538 in
1957 4495 2084 4540 tem-

503 4570 648 4641 plum
696 4568 814 4635 Dei,
862 4581 910 4625 et
950 4572 1179 4643 ejiciebat
1226 4590 1398 4628 omnes
1423 4575 1686 4630 uendentes
1710 4587 1757 4631 et
1780 4585 1993 4631 ementes
2028 4576 2084 4631 in

498 4662 703 4732 templo,
733 4669 861 4730 etc.,
895 4679 1059 4732 usque
1082 4663 1149 4719 ad
1173 4678 1295 4719 eum
1327 4665 1497 4720 locum
1527 4666 1618 4721 ubi
1651 4666 1744 4731 ait,
1786 4665 1885 4721 Vos
1914 4676 2082 4722 autem

501 4754 690 4826 fecistis
715 4754 856 4809 illam
875 4755 1167 4825 speluncam
1204 4757 1479 4811 latronum.
1512 4758 1625 4813 lloc
1654 4756 1722 4813 de
1753 4758 1922 4814 turbis
1950 4774 2083 4815 ven-

498 4846 739 4904 dentium
774 4848 960 4917 ejectis
986 4864 1018 4904 e
1049 4850 1244 4919 templo
1262 4891 1278 4917 ,
1305 4865 1492 4905 omnes
1525 4859 1965 4917 commemorant,
1988 4850 2084 4907 sed

506 4937 742 4995 Joannes
790 4939 943 5009 longe
989 4938 1200 4995 diverso
1247 4941 1435 4996 ordine
1465 4940 1689 5014 (Matth.
1720 4957 1839 5004 XXI,
1873 4940 2079 5007 10-13;

509 5028 678 5084 Marc.
710 5045 784 5097 st,
804 5029 985 5092 I547;
1022 5028 1146 5085 Luc.
1176 5046 1286 5097 xIx,
1314 5032 1405 5097 45,
1428 5032 1529 5097 i6;
1557 5041 1603 5085 et
1631 5031 1786 5085 Joan.
1813 5048 1871 5097 ιι,
1903 5031 2081 5103 1-17).

506 5121 642 5177 Nam
670 5129 790 5192 post
813 5121 1172 5176 testimonium
1202 5121 1449 5192 Βςιριίςιιιξ
1468 5120 1687 5176 Joannis
1707 5122 1774 5177 de
1794 5120 1942 5186 Jesu,
1959 5137 2081 5177 cum

500 5230 623 5269 eum
645 5223 1120 5273 commemorasset
1143 5215 1249 5269 isse
1269 5216 1320 5269 in
1346 5214 1640 5280 Galilaeam,
1663 5214 1874 5285 quando
1892 5229 2082 5286 aquam

498 5307 762 5362 cnnvertit
782 5306 833 5360 in
863 5306 1064 5374 vinum,
1086 5306 1208 5361 inde
1237 5314 1354 5375 post
1368 5306 1928 5362 commemorationem
1952 5321 2083 5375 pau-

501 5412 686 5452 corum
717 5398 765 5451 in
797 5395 1168 5466 Czqsharnaum
1200 5398 1427 5459 dierum,
1465 5395 1594 5451 dicit
1626 5412 1750 5452 eum
1775 5396 2084 5452 ascendisse

501 5488 555 5543 in
608 5489 1015 5560 .IeruSolymnm,
1045 5504 1165 5545 cum
1207 5498 1352 5544 esset.
1402 5488 1603 5543 Pascha
1650 5487 1977 5553 .Iudteorum,
2030 5495 2084 5542 et

504 5578 645 5635 facto
672 5580 878 5651 ﬂagello
903 5580 970 5636 de
1018 5580 1283 5635 resticulis
1329 5578 1595 5655 expulisse
1636 5577 1704 5634 de
1731 5578 1931 5649 templo
1955 5591 2084 5633 ven-

567 5716 580 5746 ¹
608 5721 657 5764 ιιι
694 5714 948 5778 duodecim
984 5722 1093 5778 mss.
1132 5722 1183 5766 et
1225 5716 1273 5765 in
1313 5715 1527 5778 editione
1564 5716 1892 5778 Ratisponensa
1923 5728 1937 5765 :
1969 5722 2085 5768 οιιω

502 5774 732 5827 discenda
751 5786 839 5838 est,
862 5777 1155 5829 sermonibus
1177 5792 1262 5841 per
1286 5789 1402 5842 quos
1424 5777 1655 5828 discenda
1675 5774 1762 5828 est.

1281 332 1368 389 DE
1405 331 1761 389 CONSENSU
1803 330 2449 406 EVANGELISTARUM,
2488 337 2548 397 S.
2588 337 2956 398 AUGUSTINI

3627 346 3771 406 ιιω

2179 453 2386 511 dentes.
2408 454 2561 514 Unde
2580 455 2922 513 manifestum
2947 466 3051 526 est,
3100 472 3206 514 non
3231 457 3421 525 semel,
3446 460 3543 517 sed
3567 461 3765 520 iterum

2180 545 2283 601 hoc
2309 561 2429 602 esse
2447 561 2477 601 a
2508 547 2734 603 Domino
2754 547 2950 603 factum
2981 565 2996 602 :
3027 547 3264 604 sedillud
3288 551 3514 620 primum
3531 567 3765 611 comme-

2180 646 2441 692 moratum
2467 653 2497 692 a
2521 637 2748 707 Joanne,
2775 638 2880 694 hoc
2908 639 3150 694 ultimum
3169 655 3199 694 a
3228 641 3438 698 caeteris
3459 643 3650 698 tribus.

2180 725 2407 783 CAPUT
2445 728 2674 784 LXVIII.
2704 760 2779 772 --
2800 729 2881 784 De
2925 735 3150 803 arefacta
3196 732 3376 788 arbore
3414 733 3656 799 ﬁculnea,
3711 745 3762 790 et

2200 824 2207 829 ’
2250 820 2521 891 qutejuxta
2544 829 2749 876 narrata
2767 830 2905 886 sunt,
2925 822 3174 892 quomodo
3212 839 3314 877 non
3350 834 3591 894 repugnet
3617 823 3767 879 Mat-

2250 909 2410 964 tlueus
2453 911 2668 978 ueteris,
2710 919 2757 967 et
2803 912 3022 968 maxime
3068 911 3240 968 Marco
3266 913 3332 969 de
3358 913 3535 969 ordine
3574 931 3763 971 narra-

2251 1002 2424 1058 tionis.
2622 1048 2629 1055 .

2249 1094 2373 1152 £50.
2397 1093 2648 1166 Sequitur
2674 1095 2989 1153 Matthtens:
3014 1096 3083 1152 Et
3097 1097 3501 1154 accessauntad
3519 1115 3635 1155 eum
3656 1115 3761 1155 cieb

2178 1186 2291 1241 ciet
2316 1185 2560 1242 claudius
2595 1188 2805 1260 templo,
2832 1197 2879 1243 et
2913 1190 3111 1244 sanam
3157 1205 3262 1246 eos.
3311 1187 3548 1245 Videntes
3591 1201 3763 1247 autem

2180 1277 2429 1349 principes
2448 1279 2765 1334 sacerdotum
2801 1288 2849 1335 et
2885 1278 3081 1335 Scriba
3114 1279 3369 1335 mirabilia
3398 1296 3514 1352 qua
3546 1282 3686 1353 fecit,
3712 1292 3761 1336 et

2180 1384 2363 1440 pueros
2385 1369 2663 1424 clamantes
2682 1370 2735 1423 in
2760 1369 2946 1440 templo
2991 1380 3039 1425 et
3084 1370 3320 1437 dicentes,
3372 1370 3622 1426 Hosanna
3647 1371 3758 1440 ﬁlio

2179 1460 2349 1516 David
2369 1480 2389 1527 ;
2413 1461 2667 1534 indignati
2719 1472 2861 1529 sunt,
2890 1471 2939 1517 et
2967 1462 3204 1531 dixerunt
3226 1462 3272 1517 ei
3297 1478 3317 1518 :
3342 1463 3501 1519 Audis
3521 1463 3643 1533 quid
3679 1463 3764 1518 isti

2178 1552 2399 1607 dicunt?
2420 1549 2573 1606 Iesus
2616 1561 2785 1607 autem
2809 1552 2930 1606 dicit
2969 1552 3042 1607 eis
3068 1567 3087 1607 :
3113 1551 3325 1624 Utique;
3351 1568 3606 1620 nunquam
3633 1551 3763 1625 legi-

2177 1643 2291 1709 stis,
2322 1642 2443 1713 quia
2464 1658 2627 1698 εισι-ε
2650 1642 2925 1712 infantium
2951 1651 3000 1696 et
3028 1642 3316 1699 lactentium
3363 1641 3618 1712 perfeciin
3645 1643 3764 1695 lau-

2184 1732 2300 1787 dem
2321 1733 2348 1788 2
2373 1731 2443 1787 Et
2471 1733 2656 1789 relictis
2684 1731 2808 1800 illis,
2839 1732 2960 1787 abiit
2982 1736 3121 1804 foras
3144 1742 3286 1787 ea'tra
3309 1733 3558 1787 civitatem
3578 1733 3631 1785 in
3660 1730 3765 1785 Be-

2178 1825 2425 1892 thaniam,
2448 1824 2614 1897 ibique
2633 1827 2838 1880 mansit.
2888 1825 3043 1881 Mane
3067 1836 3233 1880 autem
3260 1835 3509 1881 revertens
3545 1826 3601 1880 in
3641 1826 3766 1879 cici-

2179 1924 2351 1985 tatem,
2370 1917 2570 1972 esurioit
2590 1932 2611 1971 :
2633 1926 2681 1971 et
2706 1915 2877 1971 videns
2901 1916 2991 1986 ﬁci
3006 1916 3239 1991 arborem
3258 1932 3413 1970 unam
3438 1932 3581 1970 secus
3604 1916 3763 1980 ciam.

2177 2007 2311 2062 venit
2338 2007 2408 2061 ad
2432 2024 2566 2076 eam,
2593 2015 2639 2063 et
2659 2007 2787 2062 nihil
2811 2006 3000 2062 invenit
3026 2007 3080 2061 in
3104 2022 3187 2074 ea,
3216 2007 3314 2062 nisi
3354 2004 3486 2078 folia
3527 2015 3765 2070 tantum;

2176 2108 2226 2154 et
2247 2099 2322 2154 ait
2346 2097 2425 2154 illi
2446 2114 2466 2155 :
2487 2097 2764 2171 Nunquam
2784 2114 2848 2154 ea:
2866 2109 2913 2155 te
2936 2098 3129 2169 fructus
3147 2105 3385 2153 nascatur
3416 2097 3471 2152 in
3495 2095 3765 2167 sempiter-

2177 2207 2336 2259 num;
2364 2200 2411 2247 et
2432 2193 2655 2262 arefacta
2676 2198 2750 2247 est
2774 2190 3011 2246 continuo
3039 2189 3282 2259 ﬁculnea.
3306 2186 3375 2242 Et
3405 2186 3629 2242 videntes
3676 2185 3765 2238 di-

2152 2284 2363 2354 scipuli
2385 2284 2553 2338 mirati
2576 2290 2691 2338 sunt
2717 2282 2934 2337 dicentes
2960 2295 2980 2335 :
3005 2278 3270 2347 Quomodo
3305 2279 3543 2333 continuo
3580 2276 3715 2330 aruit
3735 2274 3768 2330 2

2178 2375 2511 2449 Respondeas
2530 2368 2699 2430 autem
2732 2372 2907 2440 Iesus,
2933 2374 3004 2429 ait
3025 2373 3098 2428 eis
3125 2387 3147 2429 .'
3171 2370 3334 2427 Amen
3370 2370 3483 2426 dico
3510 2369 3668 2433 vobis,
3715 2366 3763 2422 si

2178 2468 2449 2524 habueritis
2473 2467 2627 2538 ﬁdem
2644 2474 2811 2521 etnon
2829 2463 3197 2531 haesitaveritis,
3225 2480 3326 2518 non
3345 2460 3509 2517 solum
3532 2460 3595 2516 de
3615 2459 3765 2530 ﬁcul-

2178 2575 2274 2616 nea
2302 2559 2517 2633 facietis,
2546 2558 2635 2615 sed
2657 2566 2708 2614 et
2734 2557 2781 2613 si
2821 2558 2979 2613 monti
3017 2557 3134 2612 huic
3155 2555 3406 2622 dixeritis,
3452 2553 3595 2607 Tolle
3617 2561 3682 2618 te,
3714 2562 3765 2605 et

2168 2652 2315 2725 jacta
2343 2661 2391 2706 te
2417 2651 2471 2705 in
2489 2666 2648 2716 mare,
2674 2650 2759 2720 ﬁet
2779 2658 2862 2704 :et
2888 2648 3060 2703 omnia
3084 2662 3410 2717 quacumque
3437 2644 3680 2717 petieritis
3707 2643 3764 2697 in

2178 2742 2406 2798 oratione
2431 2740 2706 2807 credentes,
2723 2738 3021 2811 accipietis(
3049 2738 3236 2794 Matth.
3265 2753 3375 2802 ιιι,
3405 2735 3576 2792 ιιι-22
3596 2734 3638 2805 ).

2252 2835 2377 2891 151.
2405 2834 2517 2889 lloc
2566 2841 2623 2888 et
2669 2832 2875 2887 Marcus
2901 2840 3294 2901 consequenter
3340 2827 3489 2891 dicit,
3517 2825 3612 2881 sed
3654 2839 3765 2880 non

2177 2925 2424 2982 eumdem
2449 2923 2692 2979 ordinem
2721 2921 3097 2995 tenet._Primo
3118 2919 3266 2975 enim
3296 2916 3443 2990 quod
3479 2931 3605 2972 eum
3630 2913 3766 2969 Mat-

2179 3017 2352 3074 tlueus
2392 3016 2446 3071 in
2472 3015 2730 3086 templum
2756 3013 2893 3069 dixit
2918 3012 3163 3077 intrasse,
3193 3018 3250 3066 et
3276 3009 3500 3079 ejecisse
3529 3005 3765 3061 venden-

2182 3117 2263 3162 tes
2281 3115 2336 3162 et
2354 3115 2612 3172 ementes,
2631 3120 2741 3160 non
2756 3110 3139 3159 commemorat
3164 3100 3393 3167 Marcus,
3422 3098 3517 3155 sed
3541 3098 3767 3153 circum-

2179 3198 2377 3269 spectis
2400 3196 2667 3263 omnibus,
2688 3197 2814 3250 eum
2849 3194 2960 3265 jam
2981 3207 3202 3264 vespam
3222 3199 3400 3256 esset,
3428 3190 3607 3247 exisse
3633 3187 3767 3243 dicit

2179 3289 2234 3345 in
2258 3286 2570 3344 Bethaniam
2618 3301 2740 3342 cum
2790 3284 3109 3352 duodecim;
3150 3290 3207 3338 et
3242 3282 3346 3338 alia
3375 3280 3463 3338 die
3500 3294 3623 3335 cum
3665 3294 3768 3334 ex—

2181 3381 2319 3438 irent
2340 3396 2370 3434 a
2403 3378 2656 3435 Bethania
2685 3377 2958 3445 esuriisse,
2984 3386 3040 3433 et
3061 3374 3239 3431 arbori
3264 3373 3350 3429 ﬁci
3388 3370 3766 3428 maledixissc:

2180 3471 2321 3543 quod
2346 3483 2400 3528 et
2459 3470 2739 3526 Matthseus
2786 3476 3187 3525 commemorat.
3212 3466 3282 3521 Et
3325 3462 3598 3535 subjungit
3622 3463 3769 3517 idem

2180 3563 2411 3630 Marcus,
2437 3562 2579 3634 quod
2601 3563 2807 3618 venerit
2826 3560 3233 3632 Jerosolymam,
3259 3566 3314 3613 et
3340 3572 3460 3612 cum
3492 3556 3771 3610 introisset

2181 3654 2237 3709 in
2266 3655 2540 3724 templum,
2570 3653 2730 3724 cjecit
2754 3651 3045 3709 vendentes
3069 3657 3396 3712 clementes,
3425 3645 3574 3717 quasi
3596 3643 3770 3699 altero

2180 3746 2289 3813 die,
2321 3764 2427 3804 non
2455 3747 2629 3818 primo
2659 3745 2855 3801 factum
2883 3741 3066 3815 esset(
3095 3742 3261 3797 Marc.
3293 3756 3364 3806 st,
3398 3739 3564 3795 Ηο17
3588 3736 3628 3805 ).
3657 3734 3771 3792 Sed

2181 3843 2303 3913 quia
2328 3840 2608 3896 Matthzcus
2637 3839 2708 3893 ita
2733 3837 3021 3902 conneCtit,
3063 3833 3131 3889 Et
3180 3833 3365 3888 relictis
3390 3832 3515 3897 illis,
3538 3830 3663 3884 abiit
3684 3829 3769 3898 fo-

2181 3949 2268 3988 ras
2292 3941 2435 3986 extra
2460 3930 2708 3985 ciuitatem
2748 3929 2802 3983 in
2828 3926 3160 3992 Bethaniam,
3206 3924 3351 3981 unde
3388 3936 3547 3978 mane
3583 3934 3772 3975 rever-

2183 4032 2382 4081 tentem
2410 4023 2463 4078 in
2489 4022 2755 4078 civitatem
2777 4021 2955 4076 arbori
2976 4018 3314 4075 maledixisse
3328 4021 3756 4078 commemorat;

2183 4114 2509 4187 probabilius
2560 4112 2795 4169 creditur
2848 4113 2963 4183 ipse
3012 4110 3189 4182 potius
3243 4108 3480 4163 tenuisse
3521 4103 3773 4159 ordinem

2185 4209 2438 4284 temporis
2462 4207 2529 4263 de
2554 4204 2905 4263 vendentibus
2924 4214 2981 4261 et
3000 4203 3297 4260 ementibus
3324 4200 3510 4269 ejectis
3533 4198 3602 4253 de
3630 4206 3772 4252 tem-

2183 4301 2295 4370 plo.
2324 4298 2455 4356 Cum
2479 4299 2622 4354 enim
2646 4298 2793 4364 dicit,
2819 4295 2887 4351 Et
2912 4296 3099 4352 relictis
3127 4295 3231 4349 illis
3252 4335 3267 4360 ,
3294 4292 3420 4347 abiit
3447 4295 3620 4363 foras;
3642 4288 3772 4359 qui-

2187 4393 2284 4447 bus
2309 4392 2507 4449 relictis
2532 4390 2752 4462 intelligi
2779 4390 3005 4462 poterit,
3036 4388 3138 4443 nisi
3162 4403 3282 4443 cum
3309 4386 3503 4456 quibus
3524 4382 3770 4453 superius

2184 4481 2520 4553 loquebatur,
2547 4480 2942 4551 indignantibus
2969 4478 3108 4549 quod
3140 4476 3287 4548 pueri
3312 4477 3626 4539 clamarent,
3656 4471 3770 4526 Ho-

2184 4590 2346 4630 sunna
2363 4572 2472 4644 ﬁlio
2487 4572 2654 4628 David
2664 4573 2689 4627 γ
2708 4570 3052 4627 Ριιεειειιηιίεἰι
3067 4585 3196 4639 ergo
3213 4568 3417 4623 Marcus
3435 4564 3576 4637 quod
3597 4565 3771 4635 primo

2185 4664 2275 4720 die
2301 4665 2492 4719 factum
2520 4673 2623 4731 est,
2648 4678 2771 4719 cum
2798 4662 3013 4718 intravit
3038 4661 3090 4715 in
3122 4660 3409 4729 templum;
3438 4666 3492 4713 et
3518 4655 3770 4711 recorda-
3824 4688 3831 4693 η

2189 4767 2300 4812 tum
2328 4756 2670 4825 interposuit,
2698 4772 2820 4811 eum
2846 4755 3070 4810 dixisset
3091 4753 3245 4825 quoii
3258 4767 3364 4806 non
3395 4750 3659 4805 invenerit
3676 4747 3776 4802 ali-

2186 4847 2311 4919 quid
2334 4848 2384 4902 in
2408 4848 2632 4904 ﬁculnea
2660 4855 2855 4917 prmter
2878 4844 3022 4908 folia,
3053 4843 3193 4915 quod
3213 4841 3449 4899 secundo
3468 4841 3555 4895 die
3574 4838 3773 4894 factum

2186 4949 2299 5005 est,
2333 4941 2471 4996 sicut
2498 4941 2656 4995 ambo
2682 4947 2961 4995 testantur.
2992 4937 3208 4993 Miratus
3234 4944 3412 4989 autem
3451 4948 3573 4987 esse
3610 4930 3773 4985 disci-

2188 5034 2340 5104 pulos
2368 5032 2508 5104 quod
2533 5033 2693 5088 arbor
2711 5030 2930 5094 aruerit,
2957 5038 3012 5086 et
3032 5036 3111 5085 eis
3131 5027 3411 5083 Dominum
3436 5022 3775 5093 respondisse

2186 5126 2255 5182 de
2285 5125 2390 5181 lide
2413 5135 2467 5181 et
2493 5125 2561 5180 de
2589 5135 2770 5180 monte
2810 5123 2866 5178 in
2905 5137 3053 5177 mare
3093 5118 3489 5182 transferendo,
3522 5132 3631 5171 non
3660 5116 3775 5185 ipso

2187 5216 2423 5272 secundo
2469 5214 2557 5271 die
2600 5229 2707 5285 quo
2748 5212 2883 5268 dixit
2926 5212 3139 5279 arbori,
3179 5208 3303 5264 lam
3344 5225 3444 5263 non
3471 5206 3692 5274 amplius
3720 5204 3775 5256 in

2186 5318 2426 5364 aeternum
2455 5308 2719 5377 quisquam
2746 5322 2811 5361 ea:
2834 5315 2881 5359 tr
2903 5308 3122 5378 fructum
3159 5302 3457 5366 manducet,
3490 5298 3583 5353 sed
3618 5296 3778 5351 tertio

2186 5400 2273 5455 die
2292 5399 2439 5454 dicit.
2465 5399 2583 5467 Ipso
2602 5397 2796 5468 quippe
2815 5395 2902 5451 die
2920 5394 3154 5450 secundo
3175 5389 3614 5448 commemoravit
3637 5387 3774 5440 idem

2186 5492 2394 5547 Marcus
2421 5490 2489 5546 de
2517 5490 2714 5559 templo
2741 5488 2941 5559 eiectos
2971 5486 3290 5549 vendcules,
3316 5481 3456 5551 quod
3492 5480 3664 5550 primo
3689 5477 3774 5531 die

2188 5583 2381 5638 factum
2401 5581 2833 5651 przetermiserat.
2852 5579 2970 5647 Ipso
2990 5591 3117 5647 ergo
3139 5574 3374 5630 secundo
3392 5572 3477 5626 die
3491 5571 3621 5625 dicit
3645 5570 3773 5620 facta

2188 5678 2410 5744 vespera
2433 5686 2703 5743 egressum
2725 5670 2790 5725 de
2809 5670 3043 5734 civitate,
3065 5677 3120 5724 et
3142 5683 3261 5722 cum
3289 5680 3442 5720 mane
3469 5662 3769 5720 transirent,
3851 5703 3855 5706 .

2189 5765 2386 5822 vidisse
2413 5763 2704 5835 discipulos
2728 5761 2887 5818 ticum
2913 5760 3114 5817 aridam
3140 5758 3329 5815 factam
3356 5772 3385 5811 a
3408 5753 3695 5817 radicibus,
3722 5758 3771 5806 et
