4082 6468
335 364 468 421 ΜΠ

331 475 666 533 recordatum
704 475 916 531 Petrum
957 474 1155 532 dixisse
1192 473 1241 530 ei
1262 515 1278 542 ,
1311 472 1472 528 Rabbi
1490 515 1506 540 ,
1534 489 1644 528 ecce
1671 473 1798 541 ficus
1824 471 1907 526 cui

330 569 654 628 ntaledixisti.
682 570 815 621 aruit
842 584 860 621 :
886 577 1009 622 tunc
1033 583 1153 623 eum
1182 566 1248 622 de
1278 567 1509 636 potentia
1535 564 1657 619 ﬁdei
1682 579 1908 633 respon-

335 659 492 715 disse.
523 659 800 713 Matthzrus
829 670 1003 712 autem
1043 669 1287 727 tauquam
1316 655 1550 710 secundo
1575 655 1660 709 dic
1694 654 1798 708 hoc
1826 664 1908 709 to-

331 759 442 804 tum
469 750 661 804 factum
689 750 778 812 sit,
807 749 857 802 id
883 758 984 813 est,
1011 757 1064 803 et
1089 749 1285 803 dictum
1315 747 1514 812 arbori,
1547 744 1824 814 Nunquam
1849 761 1911 799 ea:

330 852 380 896 te
407 845 600 912 fructus
627 849 866 894 nascatur
902 840 953 892 in
987 841 1369 910 sempiternum;
1399 847 1451 892 et
1475 835 1758 892 arefactam
1791 849 1910 890 esse

328 934 610 996 coiitinuo;
635 942 686 986 et
701 931 1001 986 videntibus
1021 931 1124 986 hoc
1139 931 1409 1000 discipulis
1424 939 1581 999 atque
1598 929 1910 985 mirantibus

329 1021 457 1078 illud
483 1023 552 1076 de
580 1022 771 1075 virtute
796 1021 915 1075 ﬁdei
947 1020 1106 1074 luisse
1133 1035 1462 1088 responsum.
1489 1018 1639 1074 Unde
1668 1019 1912 1088 intelligi-

329 1121 437 1178 tur,
462 1111 692 1165 Marcum
717 1111 928 1180 quidem
951 1110 1182 1167 Secundo
1202 1111 1287 1164 die
1304 1124 1748 1164 commemorasse
1768 1109 1908 1178 quod

330 1204 503 1274 primo
533 1203 619 1258 die
658 1202 851 1257 factum
889 1201 1330 1274 praetermiserat,
1369 1201 1436 1255 de
1472 1201 1670 1270 templo
1707 1199 1911 1257 scilicet

328 1295 528 1364 ejectos
567 1293 855 1349 vendentes
901 1303 954 1348 ct
989 1303 1230 1348 ementes
1266 1310 1279 1346 :
1320 1291 1595 1346 Matthteus
1633 1307 1759 1348 vero
1787 1307 1907 1347 cum

328 1395 800 1442 commemorasset
829 1383 970 1454 quod
1002 1385 1168 1439 altero
1208 1385 1297 1439 die
1336 1384 1527 1438 factum
1563 1391 1677 1450 est,
1716 1383 1783 1439 de
1818 1401 1908 1439 ar-

327 1479 459 1534 bore
503 1479 777 1533 maledicta
815 1478 1026 1549 quando
1055 1493 1210 1532 mane
1252 1477 1614 1533 revertebatur
1647 1492 1676 1531 a
1711 1477 1906 1533 Betha-

328 1573 415 1627 nia
459 1573 510 1626 in
551 1571 849 1637 civitatem,
883 1571 1220 1640 prmlertnisil
1254 1586 1312 1625 ea
1353 1586 1471 1640 qua:
1513 1570 1720 1626 Marcus
1759 1584 1908 1624 com-

327 1665 669 1727 memoravit,
720 1665 926 1719 venisse
969 1663 1114 1717 illum
1161 1663 1211 1716 in
1258 1662 1554 1724 civitatem,
1600 1668 1656 1715 et
1690 1674 1909 1729 vespere

326 1757 552 1821 exiisse,
585 1767 637 1808 et
669 1770 822 1809 mane
850 1769 968 1808 cum
1001 1754 1318 1818 transirent,
1352 1752 1640 1820 discipulos
1663 1751 1906 1807 arborem

325 1848 531 1901 aridam
567 1846 726 1900 fuisse
758 1846 1007 1909 miratos;
1037 1845 1155 1899 etei
1179 1844 1316 1914 quod
1339 1843 1571 1898 secundo
1592 1843 1678 1898 die
1701 1851 1908 1912 gestum

326 1948 478 2006 erat,
518 1954 624 2009 quo
661 1938 820 1992 arbor
853 1937 1132 1991 maledicta
1173 1946 1280 2001 est,
1327 1935 1567 2004 adjunxit
1609 1934 1736 1990 illud
1766 1933 1909 2004 quod

329 2031 484 2085 tertio
514 2031 600 2084 die
639 2039 843 2098 gestum
883 2039 994 2094 est,
1037 2029 1152 2098 ejus
1188 2028 1484 2082 ariditatcm
1531 2027 1748 2081 miratos
1788 2041 1910 2081 esse

327 2122 642 2191 discipulos.
671 2131 723 2177 et
749 2121 814 2176 de
845 2124 1071 2191 potentia
1101 2121 1217 2175 lidei
1245 2136 1274 2174 a
1303 2121 1524 2174 Domino
1551 2120 1761 2174 audisse
1786 2136 1799 2172 :
1831 2119 1909 2173 sic

327 2229 390 2268 ea
419 2214 766 2283 conjungcns,
801 2222 856 2266 ut
895 2213 990 2265 nisi
1029 2229 1091 2266 ex
1124 2211 1284 2266 lllarei
1322 2211 1622 2265 narratione
1657 2225 1910 2278 cogamur

328 2305 639 2369 intendere,
684 2304 767 2357 ulti
810 2313 863 2359 et
891 2303 1014 2372 quid
1042 2303 1316 2356 Mattlta'us
1348 2301 1777 2370 prattermiserit,
1801 2315 1906 2353 non

328 2396 497 2465 possit
515 2395 748 2462 agnosci.
773 2395 904 2448 Cum
927 2409 1056 2463 ergo
1075 2394 1302 2448 dixisset
1320 2392 1612 2455 Mattltazus,
1638 2391 1704 2444 Et
1724 2391 1910 2445 relictis

329 2486 466 2547 illis,
497 2487 615 2539 abiit
655 2485 792 2555 foras
828 2495 969 2538 extra
1006 2486 1252 2538 civitatem
1288 2485 1342 2537 in
1380 2482 1714 2547 Bethaniam,
1745 2483 1912 2552 ibique

329 2577 532 2631 mansit.
567 2576 719 2630 Mane
743 2585 906 2628 autent
936 2586 1179 2630 revertens
1209 2576 1260 2627 in
1287 2575 1554 2638 civitatem,
1585 2573 1786 2627 esurivit
1817 2589 1836 2625 :
1862 2581 1911 2626 et

329 2668 500 2721 videns
527 2668 610 2735 fici
646 2665 872 2720 arborem
905 2683 1055 2719 unam
1079 2682 1218 2719 secus
1247 2667 1411 2732 viam,
1441 2665 1570 2719 venit
1597 2664 1666 2718 ad
1693 2681 1831 2729 eam,
1864 2673 1910 2718 et

330 2759 458 2812 nihil
484 2757 665 2810 invenit
691 2758 742 2810 in
770 2774 859 2821 ca,
893 2757 990 2810 nisi
1015 2757 1137 2824 folia
1165 2767 1393 2820 tantum;
1429 2766 1475 2809 ct
1502 2757 1572 2808 ait
1602 2756 1680 2810 illi
1704 2770 1726 2810 :
1752 2754 1908 2809 Nun-

328 2863 478 2916 quam
499 2846 586 2900 abs
607 2857 653 2900 te
673 2849 862 2916 fructus
884 2857 1116 2900 nascatur
1136 2849 1187 2899 in
1207 2847 1597 2916 sempiternum;
1621 2857 1668 2901 et
1689 2851 1912 2918 arefacta

330 2946 402 2988 est
423 2936 658 2989 continuo
678 2935 930 3005 ficulnea;
961 2937 1326 3004 praetermissis
1345 2937 1552 2990 ueteris
1576 2937 1641 2990 ad
1663 2936 1908 2991 eumdem

330 3027 470 3084 diem
500 3027 904 3096 pertinentibus,
933 3028 1172 3096 adjunxit
1197 3028 1394 3091 statim,
1427 3027 1490 3080 Et
1516 3028 1735 3080 videntes
1759 3029 1910 3081 disci-

331 3116 439 3185 puli
461 3118 626 3170 mirati
646 3128 758 3170 sunt
777 3118 992 3172 dicentes
1011 3133 1028 3172 :
1047 3119 1308 3182 Quomodo
1325 3119 1558 3171 continuo
1580 3120 1748 3172 aruit?
1767 3119 1910 3189 quod

330 3207 436 3262 alio
461 3207 545 3261 die
572 3207 833 3274 viderunt,
865 3208 967 3261 alio
991 3209 1077 3263 die
1105 3209 1276 3262 mirati
1303 3218 1441 3263 sunt.
1478 3208 1789 3280 lutelligitur
1812 3226 1909 3264 au-

330 3307 437 3353 tem
469 3316 570 3352 non
603 3308 726 3353 tunc
754 3301 956 3354 aruisse.
995 3301 1207 3371 quando
1233 3301 1502 3363 viderunt,
1533 3302 1626 3356 sed
1657 3303 1911 3356 continuo

330 3405 451 3444 eum
477 3391 752 3445 maledic:a
777 3401 878 3444 est.
904 3391 1084 3461 Neque
1108 3392 1247 3446 enim
1269 3403 1620 3457 arescentem,
1648 3393 1740 3446 sed
1763 3394 1912 3463 peni-

333 3488 416 3533 tus
444 3480 726 3535 arefactam
755 3482 1030 3548 viderunt,
1058 3497 1120 3536 ac
1144 3483 1222 3538 sic
1245 3497 1360 3536 eam
1386 3485 1636 3537 continuo
1666 3484 1720 3538 in
1745 3484 1912 3540 verbo

332 3572 538 3636 Domini
565 3573 765 3627 aruisse
795 3573 1187 3628 intellexerunt.

330 3662 554 3719 CAPUT
580 3662 762 3718 LXIX.
788 3694 860 3704 —
884 3664 1009 3718 Cum
1042 3663 1318 3718 Dominum
1358 3666 1785 3736 interregaverunt
1809 3666 1911 3721 Ju-

401 3755 500 3810 daei
523 3795 539 3821 ,
574 3756 626 3808 in
656 3773 755 3826 qua
780 3766 1022 3826 potestate
1055 3758 1150 3810 ista
1177 3761 1360 3827 faceret
1379 3798 1392 3821 ,
1421 3757 1672 3828 quomodo
1704 3757 1834 3811 inter
1856 3774 1911 3813 se

400 3850 708 3902 consentiant
744 3849 824 3902 isti
863 3859 979 3902 tres.

402 3938 523 3992 159..
553 3939 800 4007 Sequitur
827 3939 1101 3993 lllattltatus
1127 3981 1139 4003 ,
1174 3948 1227 3993 et
1249 3938 1374 3992 dicit
1403 3957 1414 3992 :
1444 3937 1515 3992 Et
1558 3955 1673 3992 cum
1698 3940 1908 3994 venisset

328 4030 384 4084 in
409 4031 646 4102 templum
667 4073 682 4097 ,
705 4042 1014 4085 accesserunt
1037 4031 1103 4084 ad
1125 4048 1236 4084 eum
1265 4031 1520 4084 docentem
1543 4033 1795 4101 principes
1826 4048 1910 4086 sa-

329 4121 584 4175 cerdotum
613 4131 658 4175 et
695 4123 913 4177 seniores
957 4123 1129 4192 populi
1155 4123 1370 4175 dicentes
1397 4137 1415 4175 .·
1440 4121 1502 4174 In
1543 4139 1641 4190 qua
1672 4132 1911 4190 potestate

331 4213 438 4266 lucc
471 4214 636 4282 faris?
665 4213 730 4267 Et
758 4214 868 4284 quis
891 4214 1024 4266 dedit
1058 4214 1145 4266 tibi
1173 4214 1302 4267 ltanc
1329 4215 1658 4283 potestatem?
1678 4214 1910 4286 Respon-

331 4304 454 4357 deas
484 4303 633 4358 Jesus
653 4305 778 4358 dixit
808 4305 909 4357 illis
935 4320 957 4356 :.
978 4303 1304 4374 lnterrogabo
1326 4321 1409 4358 vos
1435 4312 1478 4357 et
1502 4320 1592 4374 ego
1621 4321 1774 4357 unum
1799 4323 1908 4360 ser-

331 4409 557 4458 monem;
582 4411 725 4464 quem
755 4395 800 4448 si
828 4395 1055 4448 dixeritis
1096 4396 1217 4448 nti/ti
1241 4435 1263 4460 ,
1288 4405 1332 4449 et
1377 4412 1468 4465 ego
1507 4398 1642 4449 vobis
1665 4397 1830 4450 dicam
1855 4399 1907 4451 in

328 4495 430 4548 qua
485 4489 720 4545 potestate
775 4479 882 4532 lucc
925 4481 1128 4550 faciant.
1175 4479 1465 4548 Baptismus
1516 4480 1733 4534 Joannis
1775 4481 1909 4535 unde

329 4568 477 4622 erat?
505 4577 630 4632 ctc.,
660 4584 822 4635 usque
845 4567 910 4620 ad
945 4568 1067 4620 illud
1092 4569 1177 4620 ulti
1199 4569 1293 4632 ait,
1317 4567 1424 4620 Nec
1444 4585 1533 4637 ego
1558 4569 1692 4622 vobis
1718 4569 1829 4622 dico
1855 4571 1908 4622 in

327 4677 428 4730 qua
455 4669 693 4730 potestate
721 4663 826 4714 haec
847 4661 980 4730 facio
999 4659 1203 4726 (Matth.
1227 4677 1335 4723 xxI,
1363 4661 1572 4730 23—27).
1602 4660 1710 4713 Hoc
1740 4670 1905 4715 totum

329 4761 385 4806 et
410 4753 496 4804 alii
542 4752 647 4805 duo
686 4752 893 4805 Marcus
919 4761 970 4805 et
1001 4752 1170 4806 Lucas
1202 4751 1416 4805 totidem
1445 4767 1578 4820 pene
1606 4753 1779 4807 verbis
1807 4769 1904 4808 ex-

271 4898 279 4905 .
329 4849 659 4917 plicaverunt
687 4844 880 4915 (Marc.
913 4845 1258 4910 ,εκεῖ-ὅλαι
1283 4843 1407 4898 Luc.
1439 4862 1544 4911 vis,
1572 4847 1660 4912 47;
1691 4862 1786 4909 xx,
1810 4845 1904 4917 8):

330 4955 431 4994 nec
476 4939 526 4992 in
569 4939 756 4991 ordine
797 4938 933 4991 inter
977 4952 1036 4991 se
1065 4936 1307 4991 videntur
1335 4937 1531 5006 aliquid
1562 4937 1865 5008 discrepare
1888 4981 1906 5006 ,

329 5033 431 5086 nisi
481 5032 618 5084 unde
661 5030 906 5098 superius
951 5029 1155 5082 loeutus
1185 5044 1299 5081 sum
1323 5070 1335 5092 ,
1367 5029 1506 5097 quod
1539 5032 1909 5099 pra-terruissis

328 5125 639 5193 quilillStlaill
687 5121 958 5176 Mattltatus
1002 5120 1067 5174 ad
1104 5121 1326 5174 alterum
1357 5120 1496 5174 diem
1527 5122 1910 5190 pertinentibus

331 5218 398 5272 il—‘l
431 5219 663 5270 contexit
698 5217 1089 5276 narrationem,
1137 5222 1192 5265 ut
1233 5213 1330 5266 nisi
1370 5213 1709 5279 advertatur,
1744 5215 1910 5284 poSsit

333 5310 504 5378 putari
536 5309 704 5376 ipsum
735 5308 784 5359 in
814 5306 1047 5360 secundo
1087 5305 1173 5359 die
1197 5305 1367 5358 adhuc
1403 5307 1598 5359 versari
1624 5347 1638 5370 ,
1672 5306 1907 5361 Marcum

328 5413 506 5455 autem
535 5404 585 5454 iu
618 5401 792 5455 tertio.
827 5399 993 5452 Lucas
1018 5412 1143 5450 vero
1170 5412 1273 5450 non
1315 5398 1464 5465 quasi
1492 5414 1557 5450 ex
1584 5397 1770 5452 ordine
1793 5399 1909 5454 dies

330 5507 656 5564 persequens
686 5493 784 5544 hoc
810 5489 1080 5558 subjunxit
1101 5530 1114 5548 ,
1145 5488 1238 5542 sed
1275 5505 1395 5541 cum
1439 5503 1910 5547 eommctnorasset

328 5589 527 5653 ρςι-ριυδ
556 5583 622 5637 de
652 5581 848 5648 templo
882 5591 1118 5635 ementes
1142 5589 1197 5634 et
1224 5579 1510 5632 vendentes
1531 5620 1546 5644 ,
1577 5584 1910 5648 pra-termisit

329 5678 466 5742 quml
500 5677 674 5730 exibat
699 5677 748 5728 in
782 5674 1088 5728 Bctltaniaut
1109 5715 1126 5737 ,
1148 5683 1200 5727 et
1226 5672 1620 5741 regrmlicltatur
1648 5675 1697 5727 in
1725 5676 1904 5728 civita-

328 5782 455 5836 tem,
489 5780 541 5824 et
570 5768 708 5838 quod
739 5767 804 5821 de
834 5767 1052 5822 ﬁculnea
1086 5763 1281 5819 factum
1313 5775 1389 5820 est
1417 5805 1431 5829 ,
1460 5765 1678 5840 etquod
1705 5767 1902 5821 miran-

1671 359 1868 415 LIBER
1906 359 2264 418 SECUNDUS

3457 368 3592 424 “ﬂ

2015 473 2155 528 tibus
2191 473 2464 543 discipulis
2491 473 2559 530 de
2580 474 2701 532 ﬁdei
2727 475 2922 532 virtute
2950 490 3264 548 responsum
3284 486 3401 532 est:
3431 489 3591 550 atque

2013 562 2094 617 his
2120 564 2490 634 praetermissis
2515 565 2686 620 intulit
2709 565 2912 635 dicens,
2942 564 3012 620 Et
3030 577 3138 621 erat
3166 570 3348 622 docens
3369 569 3592 637 quotidie

2012 655 2065 707 in
2092 655 2295 724 tentplo.
2338 653 2600 726 Principes
2647 667 2814 712 autem
2859 657 3172 711 sacerdotum
3211 669 3258 712 et
3309 657 3503 714 Scriba:
3542 670 3588 716 ct

2013 746 2260 817 principes
2289 747 2446 816 plebis
2473 751 2754 818 quaerebant
2791 749 2934 804 illum
2971 751 3178 820 predere
3206 767 3225 804 :
3250 761 3296 804 et
3325 769 3425 805 non
3448 753 3588 807 inve-

2012 837 2210 892 niebant
2235 839 2354 910 quid
2383 839 2601 908 facerent
2621 840 2718 895 illi.
2735 842 2910 895 Omnis
2925 843 3054 898 enint
3077 843 3293 913 papulas
3318 860 3591 914 suspensus

2012 935 2117 978 erat
2132 929 2341 983 audiens
2363 930 2524 984 illunt.
2543 930 2615 984 Et
2645 934 2831 1002 factum
2856 942 2927 986 est
2946 935 2998 987 in
3021 951 3121 987 una
3143 934 3358 1003 dierum,
3387 936 3594 991 docente

2010 1019 2100 1072 illo
2143 1021 2384 1090 populum
2420 1022 2471 1074 in
2501 1023 2684 1092 tentplo
2724 1032 2771 1076 et
2813 1023 3182 1094 euangelizante
3206 1068 3220 1091 ,
3256 1038 3592 1086 convenerunt

2013 1111 2262 1182 principes
2282 1099 2598 1167 sacerdotum
2621 1125 2666 1168 et
2694 1115 2887 1170 Scriba:
2904 1133 3016 1170 cum
3043 1118 3318 1172 senioribus
3335 1161 3353 1186 ,
3375 1129 3421 1171 et
3449 1121 3592 1174 aiunt

2012 1201 2229 1257 dicentes
2263 1203 2331 1256 ad
2363 1204 2509 1258 illum
2533 1221 2552 1259 :
2577 1205 2674 1259 Dic
2717 1207 2857 1262 nobis
2889 1210 2940 1262 in
2970 1225 3070 1276 qua
3103 1219 3343 1280 potestate
3362 1211 3470 1265 Iure
3506 1213 3590 1279 fa-

2011 1293 2129 1348 cis?
2155 1301 2286 1362 etc.,
2307 1311 2426 1364 qua:
2452 1297 2610 1351 etiam
2637 1300 2741 1352 duo
2769 1300 2842 1354 illi
2871 1311 3306 1356 commemorant.
3327 1304 3478 1360 Unde
3498 1322 3589 1374 λψς

2012 1395 2194 1456 paret,
2223 1387 2350 1441 nihil
2379 1388 2456 1443 eis
2482 1389 2640 1444 etiam
2667 1390 2780 1462 ipso
2807 1393 2993 1449 ordine
3013 1411 3310 1465 repugnare
3333 1438 3348 1461 ,
3377 1397 3591 1465 quando

2011 1475 2063 1530 id
2091 1476 2232 1546 quod
2253 1478 2380 1532 dicit
2405 1477 2600 1534 factum
2630 1481 2682 1534 in
2706 1499 2806 1536 una
2841 1483 3047 1538 dierum
3068 1526 3084 1550 ,
3114 1500 3175 1538 ea
3206 1484 3323 1540 dies
3344 1485 3590 1556 intelligi-

2012 1574 2115 1634 tur,
2143 1567 2196 1622 itt
2220 1585 2320 1638 qua
2353 1569 2401 1623 id
2423 1579 2629 1639 gestum
2653 1573 2726 1628 illi
2751 1573 2908 1627 etiam
2935 1575 3248 1629 retulerunt.

2011 1657 2234 1715 CAPUT
2274 1661 2434 1715 LXX.
2471 1692 2546 1702 ——
2572 1662 2650 1718 De
2676 1663 2870 1717 duobus
2896 1666 3072 1734 quibus
3108 1667 3422 1734 imperaverit
3448 1677 3590 1737 pater

2081 1741 2136 1802 ut
2169 1751 2295 1804 irent
2335 1752 2387 1805 itt
2431 1753 2658 1820 vineam,
2691 1765 2736 1808 et
2771 1756 2832 1808 de
2870 1757 3011 1809 vinea
3045 1772 3156 1824 qua:
3195 1757 3356 1810 locata
3382 1765 3451 1811 est
3475 1757 3546 1811 ali
3557 1761 3591 1811 's

2081 1841 2353 1910 agricolis,
2401 1845 2654 1912 quomodo
2706 1862 2804 1898 non
2849 1847 3136 1900 adversetur
3188 1847 3458 1902 Matt/tatus
3492 1849 3592 1903 illis

2083 1931 2298 1996 duobus;
2317 1949 2431 1986 cunt
2449 1933 2623 2004 quibus
2641 1937 2866 1990 euntdent
2889 1938 3114 1990 ordinem
3135 1947 3282 2000 tenet,
3312 1948 3357 1992 et
3379 1925 3599 1993 maxime

2081 2020 2134 2074 in
2161 2020 2256 2075 hac
2284 2023 2526 2092 parabola
2565 2040 2714 2093 quant
2743 2042 2912 2079 omnes
2939 2037 3036 2079 tres
3063 2027 3232 2079 dicunt
3258 2029 3320 2081 de
3354 2028 3495 2080 vinea
3525 2029 3590 2082 lo-

2082 2120 2223 2176 cata,
2256 2121 2460 2182 propter
2485 2115 2854 2181 responsionem
2895 2131 3065 2169 eorum
3093 2117 3269 2186 quibus
3298 2117 3555 2172 dicebatur
3574 2159 3590 2184 ,

2084 2201 2164 2254 ubi
2185 2203 2498 2273 aliquantunt
2519 2205 2710 2259 videtur
2737 2209 2948 2262 variare.

2088 2293 2207 2347 155.
2239 2293 2487 2363 Sequitur
2509 2296 2786 2351 Mattltmus
2814 2315 2826 2351 :
2859 2298 2992 2365 Quid
3011 2311 3176 2354 autem
3199 2301 3332 2355 vobis
3360 2303 3593 2356 videtur!

2016 2380 2183 2436 Homo
2207 2385 2220 2414 ¹
2244 2384 2448 2439 ltabcbat
2472 2386 2598 2441 duos
2617 2389 2772 2456 ﬁlios,
2793 2399 2838 2442 et
2858 2390 3094 2444 accedens
3113 2392 3180 2444 ad
3202 2394 3419 2462 primum
3441 2393 3589 2455 dixit,

2014 2472 2152 2540 Fili,
2186 2476 2341 2543 vade,
2371 2478 2518 2531 ltodie
2543 2496 2749 2548 operare
2776 2481 2828 2534 in
2857 2481 2999 2535 vinea
3025 2501 3132 2536 mea
3160 2500 3179 2538 :
3206 2485 3292 2538 ille
3319 2494 3482 2538 autem
3508 2503 3590 2538 re-

2012 2565 2292 2635 spondens,
2323 2569 2426 2632 ait,
2464 2569 2634 2634 Nolo;
2675 2581 2846 2641 postea
2880 2583 3044 2628 autem
3076 2575 3365 2644 paenitentia
3390 2586 3588 2642 motus,

2015 2658 2155 2712 abiit.
2195 2660 2446 2714 Accedens
2491 2671 2656 2714 autent
2705 2663 2774 2716 ad
2816 2663 3029 2718 alterunt
3072 2667 3198 2720 dixit
3239 2668 3468 2721 similiter
3497 2687 3516 2724 :
3541 2681 3592 2722 at

2012 2748 2101 2802 ille
2124 2751 2444 2820 respondens,
2460 2751 2664 2819 ait.Eo,
2697 2752 3003 2818 Dontine;et
3028 2774 3128 2811 non
3157 2749 3230 2822 iit,
3264 2767 3392 2826 etc.,
3420 2776 3586 2832 usque

2014 2838 2080 2893 ad
2109 2840 2232 2894 illttd
2277 2841 2361 2894 ubi
2388 2843 2490 2910 ait,
2529 2842 2596 2897 Et
2624 2846 2710 2916 qui
2737 2847 2964 2900 ceciderit
2985 2864 3134 2916 super
3161 2850 3377 2920 lapidem
3404 2851 3554 2904 istum
3573 2893 3589 2918 ,

2015 2933 2356 3003 confringatur
2381 2951 2398 2988 :
2424 2953 2574 3006 super
2609 2954 2754 3008 quem
2792 2955 2905 2993 vero
2934 2941 3200 3006 ceciderit,
3233 2953 3450 2997 conteret
3479 2962 3594 2998 eum

2017 3022 2224 3091 (Matth.
2254 3041 2366 3091 XXI,
2393 3026 2598 3097 28-44).
2631 3028 2837 3083 Marcus
2864 3039 2916 3084 et
2948 3030 3116 3085 Lucas
3139 3049 3239 3086 non
3261 3048 3591 3090 c0mmemo-

2014 3125 2134 3168 rant
2174 3116 2242 3169 de
2281 3116 2485 3171 duobus
2525 3118 2638 3172 istis
2681 3119 2801 3172 ﬁliis
2823 3161 2838 3185 ,
2870 3121 3060 3189 quibus
3090 3122 3400 3192 imperatum
3427 3134 3509 3180 est
3538 3136 3593 3181 ut

2016 3205 2154 3260 irent
2191 3216 2348 3276 atque
2385 3218 2734 3277 operareutur
2760 3211 2813 3266 in
2838 3212 2988 3266 vinea
3020 3230 3033 3266 :
3060 3213 3152 3268 scd
3181 3215 3319 3283 quod
3347 3225 3466 3286 post
3491 3217 3592 3273 hoc
3617 3265 3629 3276 .

2015 3309 2194 3352 narrat
2221 3299 2496 3354 Mattltazus
2522 3301 2587 3356 de
2626 3301 2778 3356 vinea
2815 3319 2932 3373 qua:
2976 3305 3142 3358 locata
3185 3314 3267 3360 est
3307 3308 3591 3378 agricolis,

2015 3394 2104 3462 qui
2130 3396 2395 3462 persecuti
2425 3405 2547 3449 sunt
2581 3410 2764 3452 servos
2799 3398 2989 3452 missos
3017 3398 3082 3451 ad
3111 3413 3169 3453 se
3191 3440 3208 3464 ,
3231 3409 3283 3454 et
3311 3409 3488 3469 postea
3511 3401 3592 3457 di-

2016 3484 2208 3539 lectum
2239 3485 2402 3538 lilium
2433 3486 2762 3552 occiderunt,
2790 3497 2844 3541 et
2869 3488 3139 3557 ejecerunt
3164 3498 3310 3544 extra
3343 3491 3550 3545 vineam
3573 3532 3589 3558 ,

2014 3576 2172 3630 etiam
2206 3577 2278 3630 illi
2305 3576 2461 3630 ambo
2492 3592 2596 3631 non
2627 3587 2798 3632 tacent
2821 3619 2837 3645 ,
2884 3578 3070 3633 eodem
3101 3579 3287 3634 ordine
3327 3580 3592 3636 custodito

2016 3666 2206 3737 (Marc.
2236 3683 2341 3730 xu,
2369 3668 2518 3734 l-ll,
2545 3678 2588 3722 et
2616 3667 2740 3722 Luc.
2787 3685 2862 3722 xx
2886 3711 2899 3735 ,
2932 3667 3096 3741 9-l8)
3116 3712 3130 3734 ,
3159 3669 3208 3724 id
3235 3680 3348 3735 est,
3377 3680 3591 3740 postea-

2014 3758 2266 3828 quamde
2309 3757 2568 3828 baptismo
2594 3758 2813 3814 Joannis
2850 3759 3158 3831 interrogati
3183 3759 3350 3815 Iud-.ei
3391 3777 3450 3816 se
3493 3777 3592 3816 ne-

2013 3850 2150 3902 scire
2174 3847 2438 3913 dixerunt,
2461 3858 2515 3902 et
2543 3849 2817 3919 respondit
2845 3850 2953 3918 eis,
2987 3849 3096 3905 Nec
3121 3867 3210 3922 ego
3237 3851 3350 3906 dico
3379 3851 3515 3906 vobis
3540 3852 3592 3906 in

2012 3955 2111 4008 qua
2134 3948 2372 4008 potestate
2397 3939 2502 3993 lucc
2527 3940 2681 4009 facio.

2085 4031 2205 4084 154.
2237 4029 2442 4084 Nullius
2469 4046 2594 4100 ergo
2625 4030 2711 4086 hic
2753 4032 3112 4102 repugnantize
3147 4033 3370 4103 quaestio
3416 4033 3592 4087 nasci-

2014 4130 2116 4185 tur,
2149 4121 2252 4175 nisi
2277 4122 2415 4190 quod
2440 4121 2718 4176 Mattltmus
2738 4164 2752 4187 ,
2781 4137 2900 4177 cum
2923 4122 3144 4178 dixisset
3168 4125 3307 4193 quod
3340 4124 3592 4178 Dominus

2013 4215 2418 4282 interrogavet'it
2456 4213 2702 4280 Judzeos,
2747 4212 2873 4267 Cum
2909 4215 3089 4266 venerit
3133 4214 3364 4266 dominus
3398 4215 3588 4278 vincte,

2012 4303 2132 4373 quid
2175 4305 2324 4375 faciet
2357 4305 2594 4373 agricolis
2633 4303 2778 4356 illis?
2806 4303 2924 4356 illos
2965 4303 3300 4371 respondisse
3324 4302 3592 4372 subjungit

2013 4406 2170 4464 atque
2189 4394 2408 4460 dixisse,
2441 4393 2603 4446 Malos
2629 4393 2759 4447 male
2779 4393 2967 4459 perdet,
2991 4402 3036 4445 et
3062 4393 3252 4445 vincam
3275 4392 3453 4446 locabit
3477 4393 3591 4447 aliis

2013 4485 2248 4553 agricolis
2274 4485 2359 4554 qui
2387 4484 2599 4537 reddant
2637 4483 2677 4538 ei
2705 4486 2925 4555 fructum
2955 4482 3254 4552 temporibus
3287 4484 3408 4538 suis.
3439 4485 3589 4551 Quod

2013 4577 2218 4630 Marcus
2266 4591 2369 4629 non
2399 4574 2466 4628 ab
2504 4574 2631 4643 ipsis
2657 4589 2968 4642 reSpOttsutn
3021 4589 3138 4628 esse
3175 4585 3589 4634 commemorat.

2013 4667 2108 4723 sed
2154 4667 2430 4720 Dominum
2455 4665 2554 4720 ltoc
2583 4675 2974 4735 consequenter
3015 4667 3246 4722 locutum
3285 4679 3401 4737 post
3429 4669 3590 4723 inter-

2013 4760 2342 4829 rogationem
2373 4773 2562 4825 suam,
2601 4757 2770 4828 ipsum
2800 4758 2898 4814 sibi
2933 4760 3326 4830 quodammodo
3373 4777 3593 4832 reSpon-

2013 4849 2048 4904 d
2071 4865 2158 4904 sse
2186 4868 2198 4903 :
2224 4851 2292 4903 ita
2315 4850 2453 4904 enim
2477 4849 2602 4903 dicit
2625 4891 2637 4911 ,
2671 4848 2804 4915 Quid
2837 4866 2952 4920 ergo
2977 4851 3125 4919 faciet
3150 4851 3380 4905 dominus
3405 4853 3593 4906 vincat?

2028 4940 2217 5004 Veniet,
2245 4951 2293 4994 et
2313 4940 2483 5010 perdet
2511 4939 2731 5002 colonos,
2759 4949 2804 4993 et
2833 4941 2968 4993 dabit
2993 4942 3185 4994 vineam
3210 4943 3344 4994 aliis.
3379 4942 3484 4997 Sed
3515 4943 3592 4996 fa-

2013 5033 2113 5086 cile
2140 5041 2312 5102 potest
2338 5031 2552 5100 iutelligi
2581 5031 2662 5087 vel
2688 5031 2898 5084 illorum
2924 5046 3108 5085 vocem
3137 5031 3206 5085 ita
3235 5031 3586 5100 subjunctam,

2015 5132 2072 5177 ut
2102 5139 2202 5176 non
2235 5124 2679 5192 interponeretur,
2713 5121 2789 5174 Illi
2811 5121 3077 5185 dixerunt,
3101 5130 3226 5186 aut,
3259 5122 3333 5176 Illi
3364 5139 3588 5192 respon-

2014 5213 2239 5277 derunt,
2265 5213 2355 5268 sed
2380 5223 2550 5266 tamen
2575 5212 2986 5280 intelligeretur;
3020 5222 3109 5266 aut
3146 5212 3265 5266 ideo
3293 5217 3594 5283 responsio-

2015 5322 2135 5360 num
2184 5309 2336 5360 i5tam
2365 5306 2587 5359 Domino
2624 5304 2798 5374 potius
2826 5303 3132 5357 attributam
3158 5347 3173 5372 ,
3205 5305 3326 5374 quia
3349 5322 3466 5360 eum
3499 5325 3592 5361 ve-

2016 5413 2132 5451 rum
2172 5399 2450 5460 dixerunt,
2482 5397 2640 5451 etiam
2671 5395 2737 5450 de
2769 5395 2870 5450 illis
2902 5395 3001 5450 hoc
3049 5395 3162 5466 ipse
3203 5397 3473 5467 respondit
3501 5400 3590 5470 qui

2014 5491 2208 5543 veritas
2229 5497 2328 5542 est.
3389 5559 3395 5565 ι

2095 5582 2209 5636 155.
2236 5581 2338 5634 Sed
2367 5579 2491 5634 illud
2524 5579 2690 5650 magis
2715 5587 2908 5644 movet,
2939 5579 3078 5650 quod
3103 5580 3268 5634 Lucas
3289 5596 3389 5634 non
3417 5581 3589 5637 solum

2079 5715 2094 5746 ί
2116 5714 2231 5762 Editi
2255 5727 2268 5764 :
2295 5722 2442 5764 nomo
2464 5711 2660 5777 quidam
2683 5711 2900 5764 habebat.
2925 5716 3099 5774 Abest,
3123 5714 3334 5779 qtzittatr,
3363 5731 3389 5766 a
3536 5726 3590 5769 et

2015 5788 2040 5825 a
2065 5789 2239 5839 grteco.
