4082 6480
501 371 641 432 11ιὸ

498 592 710 649 quoque
738 577 874 633 sicut
902 577 1108 632 Marcus
1137 575 1362 631 Domino
1380 576 1694 639 attribucns,
1713 589 1894 629 verum
1920 573 2079 627 etiam

497 670 819 724 contrariam
860 668 1108 723 retulisse
1146 669 1548 739 responsionem
1570 709 1584 730 ,
1617 666 1857 722 dicentes
1880 705 1895 729 ,
1919 665 2076 718 Absit.

498 759 573 814 Ita
601 762 744 816 enim
777 771 954 816 narrat
984 779 996 815 :
1029 760 1165 826 Quid
1187 778 1303 832 ergo
1323 761 1474 830 faciet
1500 761 1605 815 illis
1629 761 1859 815 dominus
1886 758 2080 812 vineas?

508 849 717 919 Veniet,
742 861 790 905 et
833 851 1003 921 perdet
1029 851 1232 905 colonos
1268 852 1422 908 istos.
1453 860 1499 904 et
1535 850 1673 904 dabit
1709 852 1902 904 vineam
1937 849 2072 902 aliis.

497 943 609 1008 Quo
631 943 804 996 audito
830 942 1060 996 dixerunt
1085 942 1161 996 illi
1186 959 1207 996 :
1226 942 1383 995 Absit.
1409 941 1511 995 Ille
1533 951 1701 995 autem
1720 942 1967 1012 aspiciens
1993 955 2077 994 eos

491 1037 562 1088 ait
587 1052 606 1090 :
629 1034 765 1100 Quid
789 1045 995 1105 estergo
1013 1039 1106 1088 hoc
1130 1034 1265 1104 quod
1285 1036 1531 1106 scriptum
1548 1044 1636 1099 est,
1657 1034 1902 1105 Lapidem
1929 1051 2074 1104 quem

489 1127 878 1196 reprobaverunt
902 1127 1230 1198 ludiﬁcantes,
1252 1129 1333 1182 hic
1353 1132 1516 1199 factus
1532 1138 1602 1182 est
1623 1129 1675 1182 in
1695 1137 1845 1199 caput
1861 1126 2075 1198 anguli?

487 1217 769 1288 Quomodo
798 1235 926 1290 ergo
949 1219 1236 1275 secundum
1267 1219 1571 1274 Mattharum
1603 1218 1708 1287 illi,
1741 1217 1930 1288 quibus
1957 1217 2072 1273 lnrc

485 1312 833 1382 loquebatur,
861 1307 1146 1376 dixerunt,
1183 1310 1350 1366 Malos
1392 1311 1524 1364 male
1552 1311 1751 1381 perdet,
1793 1319 1837 1364 et
1875 1311 2070 1363 vineam

486 1401 670 1457 locabit
690 1404 805 1457 aliis
823 1403 1076 1474 agricolis,
1103 1408 1188 1474 qui
1213 1403 1426 1457 reddant
1451 1403 1498 1456 ei
1518 1407 1736 1473 fructum
1766 1401 2072 1474 temporibus

483 1492 590 1547 suis
607 1509 631 1558 ;>
675 1507 795 1548 cum
848 1493 1137 1548 secundum
1177 1493 1371 1547 Lucam
1421 1493 1612 1547 talibus
1658 1493 1834 1547 verbis
1862 1500 2069 1546 contra-

485 1583 717 1638 dixerint
746 1584 984 1639 dicentes
1007 1626 1022 1650 ,
1051 1583 1236 1638 Absit?
1263 1586 1326 1639 Et
1348 1599 1530 1639 revera
1557 1585 1695 1654 quod
1723 1593 1937 1639 secutus
1964 1585 2069 1638 Do-

487 1677 662 1733 minus
704 1677 778 1732 ait
815 1678 882 1734 de
926 1677 1098 1747 lapide
1148 1677 1433 1748 reprobato
1459 1679 1526 1732 ab
1552 1677 1971 1743 aediﬁcantibus,
2014 1684 2068 1732 et

482 1765 624 1822 facto
652 1768 704 1822 in
735 1779 889 1838 caput
915 1770 1113 1839 anguli,
1142 1770 1210 1823 ita
1241 1770 1439 1824 illatum
1465 1779 1584 1833 est,
1614 1781 1670 1824 ut
1698 1771 1798 1824 hoc
1818 1771 2065 1824 testimo-

481 1860 574 1916 nio
591 1861 1042 1916 convincerentur
1069 1861 1141 1916 illi
1173 1862 1437 1931 parabolzn
1460 1862 1902 1916 contradicentes.
1933 1861 2062 1916 Nam

480 1960 535 2007 et
578 1952 691 2023 ipse
719 1952 880 2007 Matth
898 1967 995 2006 rus
1036 1953 1136 2007 hoc
1162 1953 1241 2008 sic
1278 1964 1660 2009 commemorat
1687 1954 1918 2018 dictum,
1953 1964 2066 2008 tan-

479 2062 638 2112 quam
665 2047 1150 2103 contradicentibus
1171 2088 1186 2112 ,
1214 2062 1334 2101 cum
1361 2048 1466 2110 ait,
1494 2046 1771 2118 Nunquam
1799 2047 1986 2117 legistis
2010 2048 2063 2101 in

479 2137 762 2208 Scripturis
781 2181 795 2205 ,
838 2137 1081 2210 Lapidem
1109 2158 1255 2213 queat
1295 2139 1680 2211 reprobaverunt
1714 2139 2022 2208 aediﬁcantes
2041 2180 2058 2205 ,

479 2231 563 2285 hic
590 2217 754 2300 [actus
782 2240 851 2285 est
895 2233 947 2285 in
984 2243 1131 2302 caput
1174 2231 1384 2303 anguli?
1415 2232 1548 2299 Quid
1580 2239 1664 2288 est
1691 2231 1830 2285 enim
1857 2273 1870 2295 ,
1905 2230 2060 2286 Nun-

477 2339 630 2394 quam
660 2323 870 2393 legistis,
901 2325 1002 2378 nisi
1031 2325 1150 2392 quia
1175 2325 1276 2380 hoc
1303 2324 1721 2394 responderant,
1753 2324 1893 2395 quod
1919 2332 2063 2380 esset

478 2415 846 2469 contrarium?
875 2415 986 2471 Hoc
1020 2425 1071 2470 et
1115 2415 1321 2470 Marcus
1351 2416 1642 2486 significat,
1674 2416 1763 2487 qui
1797 2417 1909 2470 haec
1948 2416 2060 2486 ipsa

477 2507 641 2562 verba
679 2508 750 2563 ita
780 2507 976 2576 refert,
1007 2508 1116 2564 Nec
1142 2509 1461 2577 Scripturam
1487 2511 1616 2564 hanc
1642 2510 1862 2582 legistis,
1903 2509 2062 2580 Lapi-

475 2598 591 2653 dem
609 2616 754 2672 quem
775 2601 1162 2672 reprobaverunt
1180 2602 1506 2670 aediﬁcantes,
1526 2602 1606 2656 hic
1627 2606 1792 2674 factus
1814 2611 1886 2656 est
1900 2603 1953 2656 in
1973 2618 2061 2656 ca-

476 2699 569 2759 put
595 2692 808 2762 anguli?
840 2692 970 2761 Quae
1015 2694 1276 2748 sententia
1325 2693 1614 2749 secundum
1645 2693 1843 2749 Lucam
1892 2695 2060 2764 magis

474 2793 695 2853 apparet
721 2784 840 2840 loco
865 2801 962 2840 suo
985 2785 1158 2854 dicta,
1190 2795 1310 2857 post
1349 2787 1556 2842 illorum
1581 2787 2055 2843 contradictionem

473 2889 578 2942 qua
607 2873 896 2943 dixerunt,
923 2876 1084 2932 Absit.
1118 2877 1467 2932 Tantumdcm
1511 2878 1652 2934 enim
1699 2881 1874 2946 valet,
1920 2880 2057 2936 sicut

475 2966 578 3023 hoc
597 2969 753 3024 etiam
785 2971 896 3040 ipse
925 2972 1091 3040 ponit,
1128 2973 1269 3038 Quid
1288 2981 1359 3027 est
1387 2989 1504 3044 ergo
1535 2973 1628 3026 hoc
1654 2975 1789 3046 quod
1813 2976 2056 3042 scriptum

473 3067 546 3111 est
561 3099 575 3120 ,
599 3057 844 3129 Lapidem
864 3077 1010 3131 quem
1031 3064 1418 3132 reprobaverunt
1437 3064 1768 3134 ludificantes,
1791 3065 1871 3118 hic
1892 3067 2058 3134 factus

472 3158 546 3202 εει
570 3149 621 3203 in
647 3160 817 3221 capur
835 3153 1008 3222 anguli
1024 3154 1055 3208 ν·
1077 3153 1221 3209 lianc
1257 3154 1398 3209 enim
1428 3157 1704 3209 sententia:
1732 3156 2059 3210 voluntatem

473 3232 703 3300 intimat,
731 3235 841 3288 sive
872 3234 1150 3309 Nunquam
1178 3239 1364 3308 legistis
1382 3280 1398 3304 ,
1431 3239 1542 3294 sive
1570 3237 1680 3292 Nec
1705 3241 1800 3292 hoc
1830 3240 2019 3311 legistis
2037 3283 2054 3310 ,

471 3324 586 3380 sive
617 3325 758 3391 Quid
771 3337 840 3382 est
860 3344 976 3398 ergo
997 3328 1092 3383 hoc
1116 3329 1260 3398 quod
1274 3333 1516 3400 scriptum
1537 3341 1628 3385 est.
1939 3337 1952 3342 ’

545 3417 668 3474 156.
701 3420 884 3475 Restat
921 3436 1048 3491 ergo
1077 3432 1133 3477 ut
1163 3423 1516 3494 intelligamus
1547 3425 1596 3478 in
1637 3425 1786 3494 plebe
1814 3442 1931 3496 qum
1960 3441 2056 3480 au-

468 3509 647 3564 diebat
665 3551 682 3577 ,
712 3511 966 3581 quosdam
989 3513 1327 3581 respondisse
1353 3515 1492 3584 quod
1520 3516 1796 3571 Maulueus
1820 3531 2055 3572 comme-

468 3611 645 3656 morat
666 3602 876 3670 dicens,
895 3604 1048 3659 Aiunt
1069 3605 1146 3660 illi
1175 3622 1195 3660 :
1225 3605 1392 3662 Malos
1414 3609 1545 3663 male
1567 3609 1754 3680 perdel,
1789 3618 1833 3662 et
1861 3610 2055 3664 vineam

469 3710 615 3747 suam
635 3694 816 3749 locobit
842 3695 957 3750 aliis
995 3697 1272 3767 agricolis;
1299 3698 1555 3770 quosdam
1599 3714 1726 3754 vero
1756 3698 1884 3754 illud
1913 3699 2051 3769 quod

469 3784 643 3841 Lucas
668 3802 774 3841 non
822 3787 1017 3852 tacuit,
1051 3787 1153 3844 hoc
1184 3797 1295 3855 est,
1329 3790 1487 3844 Absit.
1523 3790 1590 3846 lis
1629 3805 1756 3862 ergo
1794 3791 1882 3861 qui
1926 3790 2053 3844 illud

472 3877 700 3931 Domino
727 3877 1149 3947 responderant,
1186 3879 1260 3934 illi
1291 3881 1377 3935 alii
1407 3881 1796 3951 responderunt
1818 3925 1835 3950 ,
1861 3883 2001 3936 Absit
2034 3900 2054 3939 :

471 3966 566 4022 sed
613 3967 820 4023 illorum
847 3971 1128 4039 responsio
1165 3971 1356 4040 quibus
1395 3971 1482 4026 isti
1509 3974 1844 4042 retulerunt,
1874 3976 2050 4040 Absit,

470 4068 753 4129 propterea
785 4059 1011 4114 Domino
1051 4061 1242 4116 tributa
1279 4072 1363 4117 est
1399 4071 1452 4118 et
1480 4077 1510 4116 a
1539 4063 1715 4118 Marco
1739 4074 1792 4120 et
1819 4081 1847 4119 a
1875 4065 2012 4122 Luca
2032 4108 2054 4134 ,

468 4149 591 4218 quia
611 4191 627 4215 ,
660 4149 798 4203 sicut
819 4149 959 4216 dixi,
991 4167 1085 4220 per
1109 4166 1203 4206 eos
1230 4153 1425 4207 veritas
1452 4154 1561 4224 ipsa
1589 4155 1759 4209 locuta
1797 4165 1911 4222 est,
1941 4157 2054 4216 sive

469 4254 568 4309 per
594 4241 892 4296 nescientes
921 4241 966 4296 si
995 4241 1119 4296 mali
1147 4252 1320 4310 erant,
1353 4245 1492 4299 sicut
1519 4260 1614 4315 per
1637 4247 1893 4318 Caipham
1917 4289 1935 4314 ,
1962 4250 2051 4320 qui

471 4333 716 4388 nesciens
738 4333 861 4404 quid
885 4334 1097 4400 dixerit,
1125 4350 1246 4390 cum
1275 4345 1418 4392 esset
1437 4337 1690 4408 pontifex,
1721 4340 2054 4410 prOpitelavit

471 4423 647 4496 (Joan.
675 4441 729 4480 ιι
754 4467 768 4491 ,
799 4425 1007 4499 49-51);
1032 4429 1144 4483 sive
1169 4443 1264 4498 per
1287 4429 1514 4485 scientes
1536 4445 1598 4486 ac
1616 4430 1725 4502 jam
1750 4432 2052 4503 intelligem

469 4527 550 4571 tes
579 4525 736 4587 atque
780 4515 1079 4574 credentes.
1129 4517 1201 4573 lbi
1232 4518 1372 4573 enim
1419 4529 1533 4575 erat
1558 4521 1714 4575 etiam
1747 4522 1832 4577 illa
1867 4524 2050 4579 inulti-

469 4607 632 4673 tudo,
665 4622 762 4676 per
785 4624 939 4677 quam
964 4607 1074 4678 jam
1101 4618 1216 4664 erat
1245 4611 1459 4680 impleta
1489 4612 1573 4666 illa
1603 4613 1900 4684 prophetia,
1929 4631 2050 4670 cum

466 4699 700 4774 venienti
732 4715 919 4770 magna
949 4700 1255 4756 celebritate
1291 4713 1632 4760 occurrentes
1661 4707 2012 4762 acclamarent
2031 4751 2046 4774 ,

467 4770 768 4845 Benedictus
796 4792 881 4862 qui
904 4793 1036 4846 venit
1060 4793 1114 4847 in
1133 4794 1334 4850 nomine
1354 4792 1564 4851 Domini
1582 4796 1750 4869 (Psal.
1775 4815 1937 4866 cxvu,
1958 4800 2048 4869 26;

450 4881 657 4957 'Mnltlt.
690 4899 817 4950 χει,
844 4881 922 4955 9).

542 4974 663 5028 157.
689 4972 798 5028 Nec
841 4982 1049 5028 moveat
1099 4973 1240 5044 quod
1296 4973 1433 5030 idem
1463 4975 1740 5033 Mattlueus
1787 4980 2052 5050 principes

466 5065 804 5120 sacerdotum
851 5075 906 5121 et
948 5067 1186 5122 seniores
1234 5067 1412 5137 populi
1455 5067 1588 5123 dixit
1641 5072 1931 5125 accessisse
1984 5071 2050 5126 ad

408 5171 419 5228 ς
473 5159 750 5213 Dominum
771 5201 786 5224 ,
821 5168 874 5214 et
911 5159 1222 5228 quaesivisse
1249 5159 1300 5213 in
1342 5175 1443 5230 qua
1472 5169 1733 5229 potestate
1767 5161 1883 5217 haec
1913 5162 2051 5218 iace-

407 5233 412 5240 .
469 5261 586 5318 ret,
614 5261 668 5307 et
687 5253 803 5322 quis
830 5253 877 5308 ei
907 5252 1114 5308 dederit
1158 5251 1295 5308 hanc
1325 5263 1636 5322 potestatem
1657 5296 1675 5322 ,
1723 5257 1935 5326 quando
1959 5273 2053 5314 eos

468 5343 538 5399 de
572 5343 834 5413 baptismo
859 5343 1079 5398 Joannis
1108 5343 1340 5399 vicissim
1364 5344 1707 5416 interrogavit
1727 5347 1867 5403 unde
1886 5358 2049 5416 esset,

469 5435 538 5488 de
578 5436 717 5490 cmlo
763 5450 828 5489 au
877 5451 940 5491 ex
993 5435 1331 5502 hominibus;
1379 5436 1571 5506 quibus
1607 5440 2052 5508 respondentibus

470 5527 611 5595 quod
641 5529 925 5590 nescirent,
945 5529 1048 5592 ait,
1076 5527 1186 5582 Nec
1205 5545 1295 5600 ego
1326 5529 1460 5582 vobis
1481 5529 1593 5582 dico
1614 5531 1666 5584 in
1695 5547 1793 5600 qua
1813 5541 2054 5601 potestate

471 5617 578 5670 lucc
603 5618 753 5688 facio.
780 5618 904 5673 Inde
927 5618 1068 5673 enim
1099 5627 1314 5673 secutus
1336 5628 1418 5674 est
1446 5621 1735 5674 contextim
1763 5621 2047 5692 loquendo,

470 5718 525 5761 et
567 5711 635 5762 ait
665 5727 677 5762 :
713 5709 848 5773 Quid
881 5719 1049 5763 autem
1073 5708 1209 5763 vobis
1244 5709 1473 5764 videtur!
1499 5709 1666 5764 llomo
1691 5711 1900 5764 habebat
1925 5712 2052 5767 duos

469 5800 624 5870 filios,
644 5809 768 5865 cte.,
798 5801 911 5856 sine
942 5801 1042 5856 ulla
1072 5801 1381 5872 cujusquam
1409 5802 1485 5857 rei
1508 5801 1588 5858 vel
1610 5816 1851 5872 persona:
1877 5803 2047 5858 inter-

1296 370 1382 427 DE
1421 367 1771 429 CONSENSU
1810 365 2453 438 EVANGELISTARUM,
2494 371 2550 429 S.
2593 373 2962 436 AUGUSTIM

500 501 594 542 eos
619 484 721 540 hoc
745 483 1081 554 respondisse
1108 497 1211 539 non
1243 483 1408 551 dicit,
1441 485 1555 539 hate
1578 483 1736 538 etiam
1766 481 1926 537 verba
1969 480 2083 551 ipse

3631 394 3775 453 il“

2190 480 2450 548 positione
2472 525 2487 548 ,
2532 487 2829 544 secundum
2863 490 3169 551 Mattbmum
3213 511 3394 554 sermo
3427 503 3768 574 contexitur,

2186 583 2357 640 usque
2395 572 2461 627 ad
2495 574 2593 628 hoc
2621 577 2760 646 quod
2792 579 2860 634 de
2885 581 3052 638 locata
3083 585 3328 654 agricolis
3352 589 3506 644 vinea
3528 572 3770 649 comme-

2183 669 2438 715 moratur.
2483 663 2663 721 Potest
2687 668 2830 722 enim
2863 672 3032 739 putari
3073 676 3249 729 omnia
3272 692 3394 732 eum
3436 680 3766 750 principibus

2183 751 2518 807 sacerdotum
2557 765 2614 810 et
2654 759 2954 815 senioribus
2990 765 3167 832 populi
3215 767 3448 823 locutum
3486 769 3687 837 fuisse,
3734 791 3766 829 a

2180 843 2372 912 quibus
2414 844 2584 902 fuerat
2608 849 2675 904 de
2712 865 2806 905 sua
2835 862 3096 922 potestate
3121 856 3497 930 interrogatus.
3527 863 3633 930 Qui
3659 866 3766 918 utio

2179 947 2282 1002 que
2303 936 2345 988 si
2377 945 2638 995 tentantes
2659 951 2713 996 et
2740 943 2937 1000 inimici
2966 949 3303 1016 quzesierant,
3329 967 3431 1006 non
3453 953 3507 1007 in
3534 955 3613 1008 eis
3642 971 3765 1025 pos.

2177 1033 2301 1077 sunt
2330 1026 2548 1099 intelligi
2579 1031 2666 1099 qui
2693 1033 3063 1100 crediderant,
3091 1048 3248 1108 atque
3274 1041 3401 1096 illud
3452 1043 3654 1098 clarum
3696 1061 3762 1100 ex

2179 1115 2431 1184 propheta
2489 1119 2851 1178 testimonium
2912 1125 3139 1183 Domino
3197 1131 3611 1201 perhibuerunt;
3671 1139 3761 1208 qui

2176 1206 2335 1261 etiam
2367 1207 2527 1264 modo
2563 1215 2888 1282 respondere
2921 1221 3249 1288 potuissent,
3287 1239 3393 1279 non
3422 1206 3756 1293 nescientes,

2173 1297 2267 1351 sed
2306 1300 2583 1357 credentes
2603 1345 2618 1367 ,
2649 1303 2818 1360 Malos
2843 1310 2974 1362 male
3016 1313 3222 1380 perdet,
3249 1324 3298 1368 et
3341 1317 3536 1369 vineam
3576 1317 3762 1372 locabit

2171 1389 2288 1444 aliis
2309 1392 2562 1462 agricolis.
2618 1395 2728 1450 Hoc
2776 1398 2996 1453 ornliino
3046 1417 3262 1458 movere
3311 1421 3416 1459 non
3459 1406 3652 1474 debet,
3704 1420 3761 1464 ut

2173 1477 2296 1534 ideo
2319 1490 2564 1548 putemus
2591 1499 2695 1539 non
2721 1487 2884 1543 fuisse
2907 1490 3185 1546 credentes
3207 1496 3259 1548 in
3288 1495 3374 1548 illa
3399 1498 3755 1564 multitudine,

2171 1585 2289 1638 qure
2318 1580 2450 1628 tunc
2473 1575 2678 1631 Domini
2717 1579 2994 1646 parabolas
3025 1583 3292 1639 audiebat.
3322 1586 3509 1641 Tacuit
3529 1605 3762 1658 namque

2172 1661 2310 1716 idem
2340 1663 2616 1720 Matthueus
2647 1667 2919 1724 brevitatis
2942 1685 3135 1740 causa,
3165 1676 3306 1744 quod
3345 1677 3516 1732 Lucas
3544 1696 3647 1734 non
3682 1692 3736 1735 ta

2169 1760 2288 1814 cet,
2336 1754 2642 1822 parabolam
2687 1757 2839 1812 istam
2883 1761 3087 1817 scilicet
3114 1779 3218 1818 non
3261 1766 3329 1820 ad
3373 1783 3468 1822 eos
3507 1771 3653 1824 solos
3681 1771 3758 1826 di-

2167 1851 2306 1896 ctam
2331 1885 2346 1910 ,
2374 1846 2463 1915 qui
2493 1846 2560 1902 de
2590 1857 2850 1916 potestate
2878 1852 3334 1924 interrogaveram
3353 1900 3366 1922 ,
3405 1860 3500 1914 sed
3526 1861 3593 1916 ad
3635 1864 3753 1932 ple-

2168 1935 2310 1990 bem.
2351 1938 2439 1993 Sic
2465 1941 2605 1994 enim
2631 1942 2703 1996 ait
2725 1985 2739 2008 ,
2771 1942 2931 2015 Coepit
2950 1957 3117 2000 autem
3148 1949 3314 2004 dicere
3335 1952 3405 2004 ad
3439 1954 3632 2020 plebem
3659 1973 3759 2024 pa-

2166 2029 2393 2083 rabolam
2437 2033 2569 2086 lianc
2614 2049 2632 2087 .'
2682 2034 2848 2089 Ilomo
2888 2038 3135 2106 plantavit
3169 2043 3396 2109 vineam,
3436 2054 3539 2099 etc.
3569 2045 3623 2099 In
3655 2047 3760 2102 hac

2166 2127 2295 2182 ergo
2316 2115 2469 2183 plebe
2497 2117 2896 2188 intelligendum
2921 2132 3004 2176 est
3023 2125 3180 2178 etiam
3206 2127 3326 2180 illos
3348 2143 3468 2182 esse
3491 2131 3747 2199 potuisse,

2165 2205 2253 2273 qui
2285 2207 2363 2261 sic
2388 2223 2509 2262 eum
2550 2211 2828 2278 audirent,
2861 2217 3132 2284 quomodo
3155 2220 3242 2288 qui
3269 2220 3552 2288 dixerant,
3586 2223 3755 2279 Bene-

2165 2295 2329 2351 dictus
2349 2299 2434 2366 qni
2450 2301 2579 2354 versit
2608 2302 2661 2354 in
2685 2305 2884 2357 nomine
2903 2304 3133 2371 Domini;
3161 2319 3215 2363 et
3244 2310 3386 2378 ipsos
3408 2313 3490 2366 vel
3525 2330 3592 2368 ex
3623 2315 3757 2382 ipsis

2165 2386 2328 2444 fuisse
2351 2391 2438 2460 qui
2460 2393 2870 2462 reSponderunt,
2901 2396 3068 2451 Malos
3090 2400 3224 2453 male
3247 2401 3419 2472 perdet
3435 2445 3450 2470 ,
3479 2413 3527 2457 et
3556 2406 3752 2460 vineam

2164 2479 2346 2534 locabit
2366 2483 2482 2536 aliis
2501 2485 2756 2554 agricolis.
2803 2487 3038 2554 Quorum
3066 2495 3467 2560 responsionem
3508 2511 3614 2550 non
3658 2513 3751 2553 so-

2163 2567 2273 2624 l'um
2319 2581 2594 2641 pr0ptcrea
2626 2575 2854 2632 Domino
2895 2580 3194 2636 tribuerunt
3220 2583 3426 2640 Marcus
3453 2597 3507 2642 et
3535 2587 3708 2644 Lucas
3731 2632 3748 2656 ,

2161 2660 2304 2729 quod
2332 2661 2432 2717 hoc
2459 2663 2572 2733 ipse
2595 2664 2848 2737 dixisset,
2879 2671 2998 2739 quia
3027 2674 3228 2729 veritas
3245 2683 3328 2729 est
3355 2679 3393 2742 ',
3439 2695 3558 2748 qua:
3589 2682 3755 2736 etiam

2162 2766 2260 2822 per
2304 2753 2474 2808 malos
2498 2764 2658 2826 atque
2705 2759 3008 2816 nescientes
3037 2778 3182 2834 smpe
3234 2766 3492 2836 loquitur,
3541 2772 3755 2826 occulto

2160 2841 2391 2911 quodam
2440 2844 2696 2902 instinctu
2739 2855 2972 2905 mentem
3026 2852 3259 2910 hominis
3313 2873 3570 2926 movens,
3640 2878 3754 2916 non

2159 2935 2457 2989 sanctitatis
2481 2936 2626 2991 illius
2654 2941 2864 3006 merito,
2899 2943 2993 2997 sed
3018 2943 3139 3015 jure
3168 2949 3397 3016 preprice
3424 2954 3700 3019 potestatis
3732 2971 3747 3007 :

2159 3037 2343 3078 verum
2365 3027 2524 3080 etiam
2547 3029 2668 3097 quia
2698 3031 2830 3084 tales
2859 3048 2980 3088 esse
3011 3045 3314 3104 potuerunt,
3343 3049 3398 3092 nt
3418 3056 3522 3094 non
3553 3039 3754 3100 frustra

2161 3116 2211 3170 in
2241 3117 2356 3186 ipso
2383 3134 2608 3190 corpore
2633 3123 2840 3178 Domini
2865 3126 2974 3195 jam
3002 3131 3139 3182 sicut
3168 3133 3403 3186 membra
3425 3134 3751 3203 depularen-

2162 3218 2264 3271 tur,
2299 3220 2356 3264 ut
2385 3216 2574 3266 merito
2596 3229 2778 3270 eorum
2805 3233 2905 3273 vox
2934 3220 3005 3274 illi
3029 3222 3370 3289 tribueretur,
3404 3226 3557 3296 cujus
3577 3245 3752 3283 mem-

2157 3301 2251 3355 bra
2278 3312 2472 3370 erant,
2504 3306 2623 3374 quia
2652 3307 2762 3377 jam
2796 3309 3151 3379 baptizaverat
3184 3315 3366 3385 plures
3401 3333 3559 3387 quam
3589 3319 3755 3375 Joan-

2158 3405 2254 3445 nes
2286 3391 2460 3462 (Joan.
2503 3411 2575 3457 rv,
2611 3398 2666 3467 1)
2697 3439 2711 3464 ,
2748 3407 2805 3454 ει
2834 3399 3063 3457 habebat
3107 3405 3288 3459 turbas
3327 3406 3705 3477 discipulorum
3730 3452 3747 3476 ,

2157 3483 2292 3544 sicut
2337 3485 2435 3554 ipsi
2464 3487 2813 3559 Evangelistae
2843 3507 2988 3562 s:epe
3013 3502 3274 3550 testantur
3297 3538 3312 3563 ,
3340 3508 3397 3551 ει·
3433 3500 3569 3554 unde
3596 3511 3752 3555 erant

2157 3575 2316 3630 etiam
2371 3577 2442 3631 illi
2482 3580 2754 3649 quingenti
2807 3581 3028 3650 fratres,
3075 3586 3265 3655 quibus
3315 3604 3436 3642 eum
3473 3593 3758 3659 apostolus

2156 3665 2352 3722 Paulus
2377 3677 2495 3737 post
2520 3673 2963 3728 resurrectionem
3002 3687 3379 3746 przesentatum
3425 3695 3544 3735 esse
3587 3697 3746 3736 com-

2157 3767 2420 3811 memorat
2449 3758 2494 3830 (ι
2517 3758 2634 3814 Cor.
2656 3777 2747 3829 xv,
2773 3763 2828 3833 ϐ)
2853 3781 2867 3816 :
2897 3768 3193 3833 praesertim
3219 3769 3340 3837 quia
3368 3777 3422 3824 et
3450 3773 3750 3828 secundum

2157 3847 2402 3903 eumdem
2449 3848 2750 3906 Mattlueum
2802 3869 2907 3908 non
2937 3856 3007 3909 ita
3046 3856 3244 3911 dictum
3273 3868 3389 3924 est,
3423 3861 3576 3915 Aiunt
3616 3863 3739 3929 illi,

2157 3935 2326 3992 Malos
2352 3939 2484 3994 male
2528 3943 2737 4010 perdet,
2765 3952 2822 3997 ut
2848 3944 2899 3998 in
2925 3959 2991 3999 eo
3019 3946 3157 4015 quod
3205 3949 3433 4017 positum
3475 3959 3559 4004 est
3580 3992 3596 4017 ,
3623 3951 3703 4005 illi
3727 3995 3745 4017 ,

2156 4027 2371 4097 pluralis
2419 4044 2672 4085 numerus
2723 4032 3060 4103 aceipiendus
3103 4037 3214 4104 sit,
3261 4048 3510 4108 tanquam
3554 4056 3753 4097 eorum

2156 4119 2314 4174 fuerit
2334 4120 2432 4174 ista
2458 4123 2756 4192 responsio,
2785 4125 2873 4194 qui
2903 4141 3026 4181 eum
3051 4127 3118 4182 de
3146 4145 3241 4183 sua
3267 4140 3529 4199 potestate
3555 4133 3755 4189 dolose

2156 4211 2638 4283 interrogaveram;
2665 4216 2780 4282 sed,
2807 4217 2966 4273 Aiunt
2987 4219 3088 4287 illi,
3117 4221 3314 4277 dictum
3335 4233 3437 4290 est,
3463 4225 3512 4279 id
3535 4235 3637 4292 est,
3669 4228 3752 4282 illi

2155 4301 2254 4373 ipsi
2282 4303 2531 4372 Domino,
2556 4307 2804 4378 singulari
2833 4314 3176 4380 pronomine,
3205 4330 3309 4369 non
3339 4317 3558 4386 plurali,
3599 4320 3750 4386 quod

2156 4395 2208 4448 in
2237 4396 2508 4451 codicibus
2550 4400 2740 4469 graecis
2779 4401 2896 4456 sine
2937 4404 3052 4458 ullo
3088 4407 3338 4475 scrupulo
3379 4409 3749 4481 ambiguitatis

2155 4496 2374 4557 apparet
2404 4487 2502 4559 (a).

2227 4579 2350 4634 158.
2392 4578 2486 4636 Est
2507 4581 2722 4650 quidam
2751 4596 2929 4638 sermo
2955 4585 3160 4641 Domini
3191 4589 3328 4658 apud
3357 4593 3742 4662 evangelistam

2153 4671 2444 4741 Joannem,
2474 4673 2560 4728 ubi
2595 4673 2694 4728 hoc
2719 4675 2860 4745 quod
2887 4676 3039 4743 dico,
3068 4678 3276 4734 facilius
3303 4684 3471 4751 possit
3501 4685 3746 4755 intelligi.

2155 4761 2360 4816 Dicebat
2397 4780 2543 4834 ergo,
2585 4765 2784 4835 inquit,
2829 4766 2982 4821 Iesus
3014 4769 3082 4822 ad
3114 4787 3197 4825 eos
3223 4773 3309 4844 qui
3335 4775 3652 4830 crediderunt
3672 4779 3744 4845 ei,

2152 4850 2366 4908 Indicos
2393 4869 2412 4908 :
2437 4854 2499 4925 Si
2527 4870 2612 4909 vos
2636 4859 2916 4913 manserilis
2939 4859 2990 4913 in
3017 4877 3243 4916 sermone
3270 4879 3379 4918 meo
3397 4907 3411 4928 ,
3443 4882 3556 4920 vere
3587 4867 3750 4922 disci-

2155 4943 2262 5012 puli
2288 4945 2383 4997 mei
2405 4944 2584 5008 eritis;
2608 4953 2658 4998 et
2682 4951 2986 5016 cognoscetis
3012 4952 3268 5005 ueritatem
3287 4993 3301 5016 ,
3333 4963 3381 5008 et
3413 4956 3595 5010 ueritas
3616 4955 3748 5009 libe-

2155 5035 2283 5087 rabit
2307 5049 2411 5087 vos.
2442 5034 2509 5088 Et
2530 5037 2895 5105 responderunt
2915 5039 2961 5092 ei
2986 5054 3006 5092 :
3033 5040 3215 5094 Semen
3243 5043 3459 5097 Abrahae
3481 5062 3672 5108 sumus,
3695 5055 3749 5099 et

2156 5126 2340 5178 nemini
2367 5126 2656 5180 seruiuimus
2683 5143 2902 5196 unquam
2944 5146 2963 5182 :
3002 5132 3255 5200 quomodo
3293 5143 3345 5186 tu
3378 5135 3534 5196 dicis,
3576 5135 3752 5189 Liberi

2155 5215 2333 5267 eritis?
2373 5213 2652 5284 Respondit
2693 5216 2765 5270 eis
2810 5216 2843 5269 Ι
2849 5234 2962 5272 esus
2991 5235 3009 5272 :
3037 5221 3194 5274 Amen
3211 5263 3225 5286 ,
3268 5239 3416 5277 auten
3444 5225 3556 5277 dico
3585 5226 3746 5289 nobis,

2154 5304 2275 5375 quia
2295 5303 2456 5357 omnis
2481 5305 2568 5374 qui
2593 5305 2714 5375 facit
2741 5317 3016 5376 peccatum,
3041 5326 3211 5366 servus
3228 5322 3300 5365 est
3321 5316 3553 5382 peccati:
3577 5331 3753 5369 serens

2155 5403 2322 5448 autem
2364 5411 2465 5447 non
2509 5405 2674 5448 manet
2719 5397 2772 5449 in
2815 5397 2965 5452 domo
3006 5401 3060 5452 in
3097 5411 3374 5467 aeternum;
3403 5405 3542 5472 ﬁlius
3580 5416 3752 5459 autem

2156 5496 2321 5539 manet
2350 5486 2401 5538 in
2434 5495 2672 5539 ceternnm
2704 5503 2719 5540 .°
2746 5491 2791 5541 si
2816 5506 2934 5557 ergo
2963 5507 3047 5544 vos
3079 5491 3246 5548 Filius
3283 5494 3564 5550 liberaverit
3583 5540 3598 5562 ,
3637 5515 3754 5553 vere

2159 5575 2299 5630 liberi
2339 5577 2494 5630 erilis.
2531 5577 2652 5632 Scio
2691 5580 2808 5650 quia
2842 5579 2938 5648 ﬁlii
2966 5582 3184 5638 Abrahae
3217 5587 3369 5650 estis,
3407 5588 3498 5640 sed
3523 5594 3750 5658 quamius

2220 5693 2236 5724 ί
2264 5698 2393 5767 tm‘.,
2415 5690 2518 5754 ipse
2535 5690 2737 5745 dixisset
2765 5693 2847 5758 qui
2868 5695 3042 5747 veritas
3063 5705 3149 5749 est.
3167 5702 3337 5750 επιετί
3363 5701 3487 5766 libri,
3527 5716 3641 5767 quur
3665 5717 3744 5757 vc-

2156 5753 2276 5804 ritas
2294 5759 2380 5802 est.

2219 5815 2293 5877 (a)
2317 5821 2485 5875 Graec,
2510 5813 2636 5865 ante.
