4082 6470
345 371 482 429 ιιιδ

337 487 420 538 ine
437 483 735 551 interﬁcere.
759 481 876 551 quia
895 496 1060 536 sentio
1082 496 1220 536 meus
1243 496 1342 535 non
1363 480 1496 550 capit
1518 481 1568 534 in
1590 481 1725 535 robis
1751 479 1931 550 (Joan.

337 592 452 637 vttt,
477 575 692 644 31-37).
724 573 840 629 Non
862 574 1040 644 utique
1059 573 1165 627 illis
1189 574 1409 638 diceret,
1432 574 1655 644 quaeritis
1681 589 1757 626 nte
1776 573 1932 625 inter-

340 667 518 731 ﬁcere,
550 665 638 736 qui
678 667 728 718 in
757 679 880 719 eum
914 664 1022 733 jam
1050 664 1422 731 crediderant,
1467 665 1657 734 quibus
1699 663 1928 725 dixerat,

339 757 400 811 Si
441 772 526 810 vos
565 756 846 808 manseritis
888 756 940 808 in
983 771 1210 809 sermone
1245 771 1382 818 meo,
1427 770 1536 808 vere
1571 754 1806 822 discipuli
1837 755 1935 806 mei

337 849 480 902 eritis
506 865 524 902 :
552 847 649 902 sed
675 848 796 918 quia
829 848 930 903 hoc
958 847 1023 902 ad
1065 863 1157 903 eos
1191 849 1429 910 dixerat,
1463 850 1550 918 qui
1588 849 1694 916 jam
1729 849 1779 901 itt
1809 864 1928 900 eum

337 938 708 1003 crediderant,
756 954 818 992 ea
862 953 990 994 vero
1035 939 1318 994 multitudo
1367 954 1601 1009 przesctts
1647 947 1761 992 erat
1810 955 1932 1006 qua:

338 1032 518 1101 plures
550 1031 778 1086 habebat
806 1031 1070 1098 inimicos,
1095 1032 1251 1086 etiam
1275 1047 1377 1086 non
1401 1032 1729 1101 exprimente
1753 1030 1930 1085 Evan-

336 1124 524 1193 gelista
555 1123 644 1192 qui
672 1132 852 1178 essent
878 1123 966 1193 qui
996 1123 1400 1192 responderunt.
1430 1137 1491 1176 ex
1521 1121 1620 1176 hoc
1649 1123 1763 1193 ipso
1786 1122 1930 1192 quod

334 1213 762 1283 rcSponderunt,
792 1225 844 1269 et
872 1213 1012 1284 quod
1044 1214 1234 1269 deinde
1270 1215 1338 1270 ab
1373 1215 1468 1269 illo
1503 1215 1684 1270 audire
1714 1231 1926 1270 merue-

336 1320 494 1377 runt,
524 1311 650 1363 satis
690 1320 909 1378 apparet
952 1325 1070 1379 qua:
1109 1308 1269 1363 verba
1300 1311 1489 1379 quibus
1516 1310 1621 1363 sint
1648 1307 1926 1364 tribuenda

335 1401 598 1470 personis.
643 1401 792 1455 Sicut
833 1416 960 1471 ergo
1009 1402 1060 1454 in
1108 1401 1206 1455 Itac
1251 1401 1587 1455 multitudine
1631 1401 1924 1456 secundum

333 1492 592 1547 Joannem
624 1501 773 1546 erant
804 1492 896 1562 qui
931 1497 1043 1562 jam
1079 1492 1413 1547 crediderant
1444 1480 1493 1547 in
1523 1493 1700 1548 .Iesum
1724 1534 1741 1559 ,
1773 1501 1927 1548 erant

333 1587 494 1638 etiam
522 1585 613 1654 qui
642 1601 760 1638 cum
790 1585 1031 1640 occidere
1057 1585 1402 1655 quatreltant:
1433 1587 1510 1641 sic
1538 1587 1587 1642 in
1618 1588 1705 1642 illa
1733 1588 1798 1642 de
1823 1605 1925 1657 qua

333 1691 477 1729 nunc
521 1676 812 1744 loquimur,
847 1685 997 1729 crant
1031 1676 1119 1745 qui
1160 1676 1343 1731 dolose
1384 1677 1659 1731 Dominum
1695 1679 1926 1732 interro-

332 1776 616 1836 gaveram,
651 1767 700 1820 in
741 1783 841 1837 qua
885 1776 1146 1836 potestate
1185 1768 1272 1821 illa
1313 1768 1542 1832 laceret;
1574 1780 1725 1823 erant
1765 1772 1922 1825 etiam

333 1858 422 1925 qui
451 1873 552 1912 non
580 1857 783 1921 dolose,
804 1858 896 1912 sed
923 1858 1606 1925 lidt-liter‘acclantaverant,
1627 1859 1925 1915 Benedictus

331 1952 422 2021 qui
461 1953 589 2004 venit
618 1952 668 2004 in
709 1953 906 2005 nomine
933 1951 1136 2006 Domini
1163 1969 1182 2007 :
1211 1967 1273 2009 ac
1305 1969 1398 2022 per
1427 1954 1526 2007 hoc
1557 1963 1708 2009 crant
1733 1955 1818 2024 qui
1848 1954 1925 2008 di-

331 2051 516 2096 cerent
535 2084 550 2108 ,
587 2041 766 2095 Perdet
804 2041 919 2097 illos
940 2085 953 2106 ,
988 2053 1034 2096 et
1064 2045 1258 2098 vineam
1286 2061 1430 2100 suam
1460 2045 1596 2099 dabit
1634 2046 1766 2098 aliis.
1795 2046 1924 2110 Qua:

331 2148 434 2186 vox
461 2143 608 2188 recte
635 2134 792 2188 etiam
823 2133 986 2202 ipsius
1011 2134 1218 2188 Domini
1251 2134 1411 2190 fuisse
1441 2135 1782 2204 intelligitur,
1812 2137 1924 2190 sive

329 2234 551 2294 pr0pter
575 2225 851 2280 veritatem
890 2241 1009 2295 quac
1043 2226 1154 2294 ipse
1180 2235 1262 2280 est
1285 2227 1324 2292 ί,
1353 2227 1465 2282 sive
1499 2240 1714 2296 propter
1751 2245 1921 2281 1110111-

331 2314 548 2368 brorum
573 2315 685 2385 ejus
707 2329 824 2368 cum
848 2330 944 2368 suo
966 2316 1136 2385 capite
1160 2318 1435 2371 unitatem.
1467 2319 1632 2372 Erant
1651 2320 1809 2373 etiam
1832 2320 1922 2389 qui

329 2405 450 2457 talia
477 2405 916 2474 respondentibus
939 2406 1198 2472 dicerent,
1224 2407 1383 2473 Absit,
1412 2411 1532 2478 quia
1557 2410 1922 2479 itttelligebant

330 2497 383 2550 in
415 2497 618 2566 svipsos
651 2513 772 2551 esse
799 2497 1102 2565 parabolam
1133 2498 1350 2552 dictam.

327 2588 553 2645 CAPUT
583 2587 766 2644 LXXI.
795 2619 864 2628 —
896 2588 969 2642 De
994 2590 1180 2660 nuptiis
1211 2591 1308 2659 ﬁlii
1340 2589 1491 2660 Regis
1520 2591 1586 2644 ad
1610 2608 1732 2660 quas
1765 2593 1925 2647 turbw

399 2683 620 2736 inritata:
643 2692 778 2744 sunt,
807 2699 951 2751 quem
984 2681 1253 2736 Mattiacas
1283 2683 1507 2737 ordinem
1537 2686 1766 2750 tenuerit,
1797 2703 1921 2757 pro-

401 2785 510 2843 pter
540 2773 731 2828 Lucam
757 2776 842 2844 qui
869 2775 971 2828 tale
993 2775 1232 2844 quiddam
1259 2775 1379 2828 alibi
1407 2777 1546 2829 dicit.

401 2866 522 2920 159.
567 2865 820 2935 Sequitur
848 2866 1122 2920 Matthaetts
1157 2884 1169 2920 :
1208 2866 1274 2919 Et
1304 2885 1417 2920 cum
1445 2869 1699 2921 audissent
1734 2870 1924 2938 princi-

327 2975 414 3027 pes
440 2959 752 3012 sacerdotum
784 2968 830 3011 et
859 2956 1107 3011 Pharisaei
1135 2957 1402 3029 parabolas
1429 2960 1558 3028 ejus,
1588 2971 1922 3029 cognoverunt

324 3049 460 3116 quod
482 3049 543 3101 de
560 3049 684 3118 ipsis
705 3049 890 3102 diceret
914 3065 931 3102 :
953 3058 998 3101 et
1019 3057 1294 3118 quwrentes
1315 3066 1424 3102 cum
1446 3059 1629 3113 tenere,
1650 3052 1922 3105 timuerunt

325 3143 531 3204 turbas;
575 3141 811 3210 quoniam
859 3141 988 3194 sicut
1032 3140 1332 3212 prophetam
1383 3158 1495 3196 eum
1541 3142 1805 3196 habebant.
1856 3143 1921 3197 Ιιέ

323 3230 628 3302 respondens
652 3231 803 3286 Jesus
831 3233 957 3286 dixit
987 3233 1166 3286 iterum
1194 3234 1247 3286 in
1289 3234 1542 3303 parabolis
1571 3235 1642 3289 eis
1661 3275 1675 3299 ,
1708 3236 1876 3289 dicens
1899 3253 1917 3290 :

327 3321 507 3376 Simile
530 3323 717 3392 factum
740 3331 808 3376 est
834 3339 1041 3394 regnum
1065 3325 1302 3377 cwlorum
1329 3326 1520 3378 homini
1540 3328 1664 3397 regi,
1695 3328 1780 3396 qui
1802 3328 1920 3396 fecit

324 3417 529 3486 nuptias
553 3416 662 3486 ﬁlio
687 3431 798 3480 suo,
820 3427 876 3470 et
899 3417 1030 3470 misit
1057 3433 1223 3470 servos
1251 3433 1370 3472 suos
1398 3433 1573 3471 vocare
1596 3420 1829 3473 invitatos
1851 3419 1920 3473 ad

325 3509 551 3578 nuptias,
575 3517 620 3562 et
644 3508 874 3562 nolebant
902 3509 1085 3573 venire,
1108 3515 1236 3575 etc.,
1260 3525 1428 3579 usque
1457 3511 1520 3564 ad
1551 3510 1678 3564 illud
1707 3512 1792 3566 ttbi
1824 3514 1914 3577 ait,

327 3599 481 3654 Multi
519 3600 648 3654 enint
690 3610 804 3653 sunt
834 3601 1023 3665 vocati,
1059 3601 1206 3669 pauci
1235 3614 1348 3654 vero
1378 3601 1520 3655 electi
1555 3601 1764 3674 (Matth.
1805 3619 1914 3670 xxi,

325 3690 563 3755 45mm,
591 3692 704 3761 Η).
724 3691 1035 3745 Parabolam
1065 3692 1217 3745 istam
1241 3692 1308 3746 de
1331 3693 1562 3748 invitatis
1589 3694 1655 3749 ad
1683 3697 1913 3763 nuptias,

325 3780 473 3834 Solus
505 3780 778 3835 Mattltzcus
808 3789 989 3834 narrat
1030 3799 1042 3833 :
1073 3780 1245 3835 simile
1273 3783 1523 3852 quiddam
1557 3785 1716 3840 etiam
1748 3786 1918 3842 Lucas

325 3881 745 3937 commemorat;
779 3872 873 3926 sed
919 3888 1024 3927 non
1061 3881 1144 3927 est
1187 3871 1323 3940 hoc,
1365 3874 1502 3929 sicut
1537 3886 1590 3930 et
1631 3877 1764 3931 ordo
1807 3879 1918 3947 ipse

328 3962 555 4024 indicat,
589 3964 830 4032 quamvis
855 3973 908 4018 el.
944 3963 1069 4020 illttd
1098 3966 1406 4020 nonnullam
1434 3966 1592 4036 hujus
1613 3969 1918 4022 similitudi-

329 4066 451 4105 nem
495 4060 644 4121 gerat
686 4051 832 4124 (Luc.
861 4069 983 4119 xxv,
1027 4054 1236 4126 16-24).
1279 4055 1430 4123 Quod
1473 4073 1598 4111 vero
1629 4069 1744 4126 post
1775 4059 1914 4112 illam

327 4142 633 4211 paraltolam
665 4143 731 4197 de
763 4144 912 4197 vinea
945 4153 998 4197 et
1026 4145 1203 4199 occiso
1232 4145 1341 4200 lilio
1372 4147 1762 4215 patrisfamilias
1791 4151 1918 4202 sub-

328 4233 494 4287 nectit
514 4233 808 4299 Mattlttcus,
829 4236 1140 4304 cognovisse
1160 4235 1373 4291 .ludteos
1392 4239 1534 4308 quod
1560 4239 1610 4291 itt
1632 4254 1725 4293 eos
1748 4248 1914 4295 totum

328 4323 527 4378 dictum
559 4325 743 4388 fuerit,
775 4335 828 4380 et
863 4325 1080 4380 insidias
1116 4329 1344 4396 coepisse
1373 4329 1579 4394 moliri,
1623 4330 1725 4384 ltoc
1754 4333 1914 4384 etiam

326 4414 535 4469 Marcus
557 4417 828 4486 Lttcasque
857 4425 1118 4471 testantur
1140 4418 1387 4473 eumdem
1412 4419 1653 4473 ordinem
1683 4422 1917 4475 retinen—

325 4512 408 4558 tes
439 4504 623 4574 (Marc.
658 4522 724 4560 xu
747 4547 762 4573 ,
795 4506 880 4568 12,
912 4517 957 4558 et
979 4506 1103 4560 Luc.
1129 4524 1217 4572 xx,
1244 4506 1333 4580 l9)
1362 4525 1374 4560 :
1403 4508 1495 4562 sed
1519 4509 1641 4562 inde
1667 4509 1764 4577 ipsi
1797 4525 1917 4578 per-

323 4610 454 4668 gunt
483 4601 533 4654 in
560 4600 698 4654 aliud
719 4642 733 4666 ,
761 4617 825 4654 ex
858 4600 958 4654 hoc
986 4600 1366 4670 subjungentes
1393 4601 1531 4670 quod
1561 4609 1613 4654 et
1636 4601 1915 4656 Mattltatus

323 4700 444 4761 post
471 4692 654 4755 istam,
688 4708 843 4760 quam
875 4693 1019 4746 solus
1062 4693 1379 4762 interposuit
1413 4693 1480 4748 de
1519 4694 1718 4763 nuptiis
1759 4710 1913 4764 para-

322 4782 522 4846 bolam,
554 4796 616 4835 ex
646 4782 832 4835 ordine
862 4783 1102 4837 inseruit.

322 4871 552 4928 CAPUT
580 4871 867 4926 LXXll.—
908 4872 980 4926 De
1019 4889 1224 4926 nummo
1262 4871 1743 4933 Ca'sarireddendo.
1767 4876 1914 4937 cuius

399 4966 573 5020 habent
597 4967 883 5037 imaginem,
915 4976 960 5020 et
987 4966 1050 5020 de
1071 4967 1280 5020 muliere
1301 4982 1415 5033 qua:
1433 4977 1640 5035 septem,
1674 4967 1914 5037 fratribus

396 5065 665 5126 nupserat,
693 5056 1110 5126 quemadmodum
1139 5066 1238 5109 tres
1267 5057 1350 5109 isti
1378 5056 1701 5112 concordent.

394 5147 517 5201 140.
559 5145 807 5214 Sequitur
834 5161 961 5216 ergo
992 5146 1268 5200 Malthmus
1299 5165 1311 5200 :
1343 5145 1482 5200 Tunc
1510 5148 1744 5201 abeuntes
1776 5147 1916 5201 I’lta-

320 5239 457 5291 sistri
480 5237 742 5290 consilium
767 5237 984 5290 inierunt
1010 5246 1064 5290 ut
1092 5247 1326 5306 caperent
1351 5255 1462 5290 eum
1489 5239 1540 5291 itt
1563 5255 1809 5292 sermone.
1846 5239 1913 5292 Et

323 5330 525 5383 mittunt
565 5329 611 5382 ei
652 5328 926 5400 discipulos
970 5345 1087 5382 suos
1123 5345 1238 5381 cum
1280 5327 1619 5394 llerodianis,
1655 5330 1912 5384 dicentes:

333 5420 568 5493 Magister
585 5463 600 5485 ,
633 5421 817 5474 scimus
845 5421 962 5486 quia
990 5437 1142 5474 verax
1166 5438 1216 5474 es
1235 5463 1250 5484 ,
1279 5430 1324 5474 et
1352 5423 1482 5474 viam
1518 5421 1608 5475 Dei
1635 5422 1686 5475 in
1711 5424 1913 5477 veritate

321 5513 468 5566 doces
487 5554 501 5576 ,
533 5521 578 5564 et
602 5528 700 5565 non
725 5521 795 5564 est
825 5512 910 5564 tibi
938 5528 1062 5564 cura
1088 5513 1151 5566 de
1175 5512 1383 5584 aliquo;
1412 5530 1515 5566 non
1547 5513 1676 5566 enim
1706 5515 1911 5585 respicis

318 5619 585 5676 personam
611 5603 867 5654 hominum
903 5618 922 5655 :
955 5601 1036 5655 die
1073 5618 1190 5672 ergo
1229 5602 1370 5656 nobis
1389 5643 1403 5665 ,
1435 5603 1555 5672 quid
1581 5602 1670 5656 tibi
1695 5604 1905 5672 videtur,

316 5696 434 5753 licet
461 5711 662 5749 censum
685 5695 799 5746 dari
824 5692 1034 5757 Cwsari,
1067 5710 1130 5746 an
1159 5711 1259 5747 non
1278 5697 1302 5748 ἱ)
1327 5706 1378 5748 ct
1404 5705 1619 5762 cetera,
1649 5711 1813 5768 usque
1841 5695 1905 5754 ad

385 5812 400 5842 ³
427 5817 474 5859 tn
503 5817 608 5861 Mss.
635 5823 729 5859 non
753 5809 961 5864 additur,
985 5821 1092 5861 ante
1114 5808 1213 5867 ipse
1231 5817 1316 5861 est.

1645 360 1846 422 LIBER
1883 365 2262 425 SECUNDUS.

3483 371 3628 432 ιιισ

2039 479 2165 534 illttd
2193 479 2281 534 ttbi
2309 479 2402 545 ait,
2436 479 2504 536 Et
2525 479 2782 538 audientes
2801 481 2967 538 ιπνὺω
2982 475 3298 539 mirabantur
3320 484 3374 541 in
3399 486 3630 544 doctrina

2039 571 2148 638 ejus
2175 569 2388 640 (Matth.
2416 587 2546 636 χιιι,
2571 573 2787 643 15-55).
2836 573 2960 628 l-latc
2985 573 3091 628 duo
3115 574 3323 629 Domini
3347 591 3625 646 respousa,

2039 677 2200 714 unum
2224 661 2290 716 de
2309 677 2526 717 nummo
2549 673 2766 736 propter
2787 665 3038 719 tributum
3061 665 3388 720 reddendum
3407 667 3625 733 Caasari,

2037 753 2264 807 alterum
2289 753 2356 808 de
2381 757 2770 810 resurrectione
2799 767 3016 825 propter
3043 757 3182 811 illam
3211 758 3484 812 mulierem
3509 774 3628 828 quae

2037 852 2239 913 septem
2303 845 2516 900 sibimet
2575 846 2982 902 succedentibus
3040 848 3290 903 fratribus
3351 860 3622 918 nupserat,

2036 934 2243 990 Marcus
2273 946 2327 990 et
2352 937 2521 992 Lucas
2543 937 2788 993 similiter
2814 949 3065 1006 narrant,
3099 955 3200 995 nec
3227 941 3279 994 itt
3315 941 3500 994 ordine
3524 942 3625 994 ali-

2034 1027 2158 1096 quid
2189 1028 2493 1097 discrepant
2522 1029 2711 1098 (Marc.
2732 1046 2823 1095 xu,
2852 1031 3044 1095 15-27,
3073 1041 3118 1084 et
3145 1030 3269 1084 Luc.
3292 1047 3384 1097 xx,
3409 1032 3622 1102 20-40).

2036 1119 2160 1175 Post
2183 1122 2486 1190 parabolam
2513 1123 2714 1192 quippe
2737 1123 2878 1177 illam
2906 1123 2977 1178 de
2998 1123 3410 1178 conductoribus
3430 1124 3620 1189 vineae,

2033 1221 2084 1265 et
2111 1211 2179 1266 de
2197 1211 2394 1266 ludatis
2423 1213 2473 1266 itt
2495 1227 2629 1282 quos
2648 1214 2788 1268 dicta
2810 1222 2914 1276 est,
2944 1214 3162 1268 insidias
3182 1215 3622 1284 pracparantibus,

2032 1318 2151 1380 qua;
2175 1318 2364 1359 omnes
2389 1313 2497 1359 tres
2522 1315 3098 1371 commemoraverunt,
3131 1307 3540 1375 praetermittunt
3568 1305 3622 1359 lti

2032 1393 2136 1447 duo
2164 1395 2372 1450 Marcus
2401 1404 2454 1451 ct
2483 1395 2652 1450 Lucas
2689 1398 2994 1466 parabolam
3034 1397 3101 1451 de
3141 1397 3372 1451 invitatis
3413 1398 3478 1451 ad
3521 1415 3620 1450 nu-

2033 1490 2200 1558 ptias,
2235 1505 2394 1559 quam
2424 1492 2568 1546 solus
2595 1491 2873 1546 Mattbteus
2899 1492 3214 1562 interposuit
3247 1510 3260 1545 :
3297 1501 3352 1546 et
3384 1508 3504 1547 cum
3532 1493 3622 1546 illo

2026 1579 2135 1648 jam
2159 1591 2480 1650 sequuntur,
2512 1592 2785 1638 narrantes
2818 1583 2931 1637 lucc
2955 1583 3089 1647 duo,
3121 1584 3188 1638 de
3217 1583 3412 1637 tributa
3441 1581 3618 1638 Ca-sa-

2031 1671 2124 1735 ris,
2154 1681 2208 1728 et
2234 1672 2303 1727 dc
2331 1674 2550 1728 muliere
2579 1685 2782 1743 septem
2813 1675 3118 1744 singillatim
3147 1677 3400 1739 virorum,
3430 1675 3618 1730 eodem

2031 1779 2251 1832 prorsus
2276 1765 2481 1830 ordine,
2514 1767 2628 1820 sine
2655 1767 2827 1836 aliqua
2858 1769 3216 1836 rcpugttanlizc
3243 1767 3558 1836 qnn'stione.

2028 1853 2252 1910 CAPUT
2284 1855 2516 1911 LXXIII.
2538 1886 2610 1897 -—
2637 1856 2712 1910 De
2750 1856 2840 1910 illo
2877 1858 2957 1910 cui
2999 1857 3345 1910 conuuendata
3371 1867 3486 1910 sunt
3517 1857 3618 1910 duo

2100 1957 2350 2016 prtecepta
2379 1947 2662 2002 dilectionis
2691 1947 2782 2000 Dei
2809 1957 2854 2001 et
2881 1949 3116 2018 proximi,
3147 1950 3229 2016 qui
3262 1948 3385 2000 ordo
3410 1949 3474 1999 sit
3499 1964 3618 2000 nar-

2098 2040 2320 2091 rantium
2352 2037 2580 2092 Matt/imi
2609 2048 2654 2093 et
2685 2038 2850 2092 Marci
2869 2081 2883 2104 ,
2917 2055 2980 2093 ne
3004 2056 3035 2091 a
3061 2038 3198 2092 Luca
3232 2040 3518 2108 discrepare
3542 2039 3618 2092 vi-

2098 2130 2329 2183 deantur.

2100 2222 2222 2276 Mi.
2263 2222 2514 2293 Sequitur
2549 2237 2676 2292 ergo
2705 2221 3015 2284 Mattlttctts,
3058 2231 3112 2276 et
3152 2223 3281 2276 dicit
3318 2241 3332 2276 :
3364 2221 3618 2276 Pharisa'i

2025 2322 2194 2366 autem
2219 2315 2478 2368 audientes
2505 2315 2640 2386 quod
2668 2315 2922 2368 silentium
2952 2315 3266 2384 imposuisset
3295 2315 3615 2379 Sadducteis,

2025 2417 2355 2460 convenerunt
2383 2407 2436 2460 in
2465 2424 2655 2472 unum;
2689 2415 2736 2459 et
2773 2407 3096 2477 interrogavit
3130 2423 3242 2459 eunt
3276 2423 3406 2459 unus
3449 2422 3512 2460 ex
3546 2406 3618 2459 eis

2025 2497 2174 2568 Legis
2201 2497 2412 2561 doctor,
2445 2508 2642 2552 tentans
2677 2513 2792 2551 eum
2821 2512 2839 2549 :
2869 2496 3111 2566 Magister
3131 2537 3144 2560 ,
3185 2495 3320 2566 quod
3357 2506 3430 2549 est
3467 2513 3617 2549 man-

2025 2587 2201 2640 datum
2233 2605 2470 2660 ntagnunt
2498 2588 2552 2642 in
2578 2587 2750 2658 Lege?
2777 2589 2860 2640 Ait
2891 2589 2970 2641 illi
2995 2586 3147 2640 Jesus
3175 2603 3194 2641 :
3217 2586 3413 2657 Diliges
3441 2585 3620 2641 Doms-

2025 2695 2148 2733 num
2176 2678 2343 2732 Deum
2371 2689 2511 2732 tuum
2551 2679 2602 2731 in
2645 2689 2747 2733 toto
2791 2678 2942 2732 corde
2983 2687 3104 2743 tuo,
3145 2688 3189 2730 et
3227 2678 3278 2731 in
3315 2687 3418 2730 tota
3447 2678 3618 2731 anima

2025 2780 2133 2832 tua,
2167 2779 2214 2824 et
2241 2769 2295 2823 in
2320 2780 2425 2824 tota
2455 2781 2617 2823 mente
2645 2780 2732 2822 tua
2756 2785 2774 2824 :
2801 2770 2895 2822 hoc
2917 2777 2990 2822 est
3019 2769 3295 2822 maa'inmm
3324 2777 3369 2821 et
3399 2769 3617 2842 primum

2025 2864 2339 2918 mandatum.
2385 2863 2677 2918 Secundum
2705 2873 2871 2916 autem
2911 2863 3072 2917 simile
3107 2873 3178 2916 est
3216 2863 3331 2916 huic
3368 2877 3387 2916 :
3423 2862 3618 2932 Diliges

2025 2957 2310 3026 proximum
2335 2965 2474 3011 tuum
2500 2957 2629 3011 sicut
2656 2967 2703 3011 te
2722 2957 2910 3025 ipsunt.
2940 2955 3006 3010 1η
3034 2957 3110 3009 his
3137 2956 3331 3010 duobus
3362 2956 3617 3009 mandatis

2024 3049 2256 3101 universa
2283 3047 2390 3102 Lex
2418 3049 2598 3119 pendet
2625 3057 2671 3101 et
2699 3046 2976 3118 Propheta
3003 3047 3213 3120 (Matth.
3243 3065 3370 3115 xx",
3401 3048 3611 3119 34-40).

2023 3142 2136 3198 Hoc
2162 3152 2216 3196 et
2243 3142 2449 3197 Marcus
2479 3152 2895 3209 commemorat,
2936 3141 3180 3196 eumdem
3219 3141 3461 3197 ordinem
3497 3156 3615 3196 ser-

2023 3250 2155 3289 vans
2185 3235 2378 3308 (Marc.
2404 3251 2504 3301 xu,
2531 3235 2742 3306 28-54).
2782 3233 2897 3311 Nec
2923 3243 3134 3288 moveat
3170 3235 3309 3303 quod
3339 3232 3614 3288 Matthmus

2022 3327 2150 3384 dicit
2181 3337 2469 3384 tentantem
2498 3328 2663 3382 fuisse
2693 3329 2836 3382 illum
2874 3345 2902 3381 a
2937 3341 3046 3396 quo
3083 3328 3334 3380 Dominus
3380 3327 3612 3380 interro-

2021 3428 2174 3491 gatus
2204 3429 2318 3484 est;
2365 3420 2572 3475 Marcus
2611 3428 2788 3473 autem
2837 3419 2938 3473 huc
2976 3425 3146 3484 tacet,
3195 3428 3249 3472 et
3293 3418 3344 3472 in
3393 3417 3497 3474 line
3542 3419 3612 3472 ita

2022 3513 2353 3579 concludit‘,
2387 3513 2528 3583 quod
2570 3514 2619 3568 ei
2665 3512 2918 3567 Dominus
2961 3511 3231 3581 sapienter
3270 3510 3613 3580 reSpondenti

2021 3603 2250 3670 dixerit,
2285 3603 2404 3659 Non
2445 3605 2594 3675 longe
2619 3620 2671 3658 es
2699 3621 2731 3657 a
2756 3620 2909 3675 regno
2941 3603 3054 3656 Dei.
3089 3603 3226 3658 Fieri
3261 3603 3403 3658 enim
3441 3611 3616 3672 potest

2023 3706 2080 3749 ttt
2105 3695 2348 3765 quamvis
2377 3704 2586 3748 tentans
2613 3694 2915 3753 accesserit.
2953 3693 3160 3747 Domini
3188 3701 3362 3747 tamen
3391 3707 3614 3764 respon-

2022 3787 2173 3842 sione
2199 3796 2469 3841 correctus
2499 3789 2586 3842 sit.
2616 3787 2722 3841 Aut
2750 3795 2897 3841 certe
2925 3787 3091 3855 ipsam
3129 3786 3471 3841 tcntationem
3503 3802 3611 3843 non

2021 3880 2343 3949 accipiamus
2375 3879 2600 3945 ntalam,
2632 3888 2880 3949 tanquam
2911 3878 3158 3948 decipere
3183 3879 3409 3933 volentis
3440 3879 3616 3934 inimi-

2021 3985 2170 4032 cum;
2198 3969 2291 4025 sed
2315 3979 2521 4024 cautam
2548 3970 2740 4039 potius,
2767 3978 3010 4038 tanquam
3034 3971 3260 4040 experiri
3281 3970 3508 4039 amplius
3529 3985 3616 4025 vo-

2021 4058 2179 4113 lentis
2202 4061 2456 4130 ignotutn.
2489 4060 2672 4130 Neque
2701 4060 2841 4114 enim
2875 4060 3070 4114 frustm
3101 4060 3352 4129 scriptum
3381 4069 3483 4125 est,
3515 4061 3615 4125 Qui

2021 4153 2172 4224 facile
2186 4153 2362 4217 credit,
2382 4153 2501 4206 levis
2517 4152 2666 4206 corde
2681 4161 2775 4217 est,
2799 4161 2844 4205 et
2861 4151 3190 4205 minorabitur
3208 4151 3390 4223 (Ereti.
3409 4168 3515 4209 XIX.
3532 4153 3610 4217 4).

2094 4244 2217 4299 142.
2258 4243 2428 4300 Lucas
2453 4255 2630 4299 autem
2661 4261 2764 4299 non
2791 4244 2894 4298 hoc
2921 4244 3128 4309 ordine,
3170 4243 3261 4297 sed
3303 4244 3458 4314 longe
3489 4245 3612 4298 alibi
3688 4246 3692 4251 ’

2023 4336 2126 4391 tale
2154 4337 2351 4406 aliquid
2380 4337 2667 4406 interponit
2696 4335 2843 4404 (Luc.
2873 4352 2936 4400 χ,
2963 4335 3159 4406 25ο57)
3189 4353 3202 4388 :
3233 4345 3405 4388 utrum
3433 4343 3611 4389 autem

2022 4428 2124 4482 hoc
2155 4428 2492 4494 recordetur,
2525 4442 2591 4480 an
2620 4427 2752 4481 alius
2784 4426 2872 4480 ille
2898 4426 2966 4479 sit
2993 4441 3112 4479 cum
3143 4443 3248 4496 quo
3279 4426 3521 4482 similiter
3545 4426 3613 4482 de

2021 4519 2229 4574 duobus
2251 4519 2366 4572 istis
2393 4518 2669 4588 prmccptis
2697 4517 2950 4570 Dominus
2977 4518 3166 4587 egerit,
3195 4533 3411 4587 prorsus
3438 4519 3613 4574 incer-

2009 4617 2132 4662 tum
2161 4618 2242 4663 est
2271 4627 2283 4662 :
2315 4608 2438 4662 hinc
2471 4618 2647 4661 autem
2678 4609 2837 4662 etiam
2879 4618 3025 4664 recte
3061 4609 3272 4664 videtur
3307 4610 3442 4666 alius
3467 4626 3608 4680 esse,

2021 4705 2127 4756 non
2167 4702 2337 4756 solum
2379 4710 2593 4770 propter
2621 4701 2822 4755 ordinis
2859 4702 3075 4756 multam
3103 4703 3484 4772 differentiam,
3514 4707 3608 4760 sed

2019 4795 2139 4864 quia
2168 4794 2327 4849 etiam
2359 4794 2473 4865 ipse
2501 4793 2696 4848 dicitur
2732 4797 3073 4865 respondisse
3112 4797 3336 4852 Domino
3377 4799 3610 4853 interro—

2019 4887 2159 4954 ganti
2182 4930 2196 4953 ,
2228 4897 2281 4942 et
2309 4888 2359 4940 itt
2389 4902 2480 4942 sua
2510 4888 2857 4956 responsione
2885 4904 3334 4944 commemorasse
3369 4891 3475 4944 duo
3511 4891 3608 4946 ista

2021 4989 2318 5048 prtecepta;
2351 4988 2406 5034 et
2448 4995 2568 5033 cum
2607 4979 2653 5033 ei
2697 4979 2919 5033 dixisset
2952 4979 3238 5047 Dominus,
3283 4979 3398 5033 Hoc
3425 4985 3535 5051 fac,
3563 4992 3610 5035 et

2019 5070 2170 5133 vires,
2201 5081 2253 5122 ttt
2285 5069 2409 5123 illud
2440 5069 2636 5124 faceret
2663 5069 2801 5139 quod
2827 5086 3073 5140 magnum
3105 5085 3225 5125 esse
3252 5073 3302 5125 itt
3326 5071 3465 5141 Lege
3498 5073 3609 5141 ipse

2018 5161 2388 5230 responderat,
2413 5171 2626 5214 secutus
2651 5161 2984 5230 Evangelista
3011 5161 3102 5224 ait,
3136 5159 3238 5215 Ille
3256 5171 3419 5216 autem
3441 5163 3610 5216 volens

2018 5269 2072 5306 se
2089 5253 2375 5322 justi/icore
2399 5252 2526 5306 dixit
2554 5267 2572 5304 :
2598 5251 2664 5304 Et
2693 5253 2803 5319 quis
2840 5261 2912 5307 est
2949 5269 3086 5306 meus
3125 5255 3423 5323 proximus?
3459 5254 3610 5310 Tunc

2021 5341 2275 5396 Dominus
2302 5343 2534 5396 narravit
2561 5341 2628 5395 de
2656 5342 2747 5395 illo
2777 5343 2864 5412 qui
2907 5343 3264 5398 descendebat
3298 5346 3365 5398 ab
3394 5343 3608 5399 Jerusa-

2019 5434 2120 5488 lem
2153 5435 2204 5487 in
2235 5433 2482 5497 Jericlto,
2516 5443 2569 5488 et
2611 5433 2791 5487 incidit
2829 5435 2879 5487 in
2920 5435 3172 5488 latrones.
3212 5435 3358 5490 Unde
3392 5436 3514 5506 quia
3553 5445 3606 5492 et

2020 5535 2228 5581 tentans
2264 5527 2550 5596 praedictus
2570 5535 2672 5592 est,
2695 5535 2744 5581 et
2769 5527 2873 5580 tluo
2895 5539 3151 5598 przeCepla
3178 5531 3287 5598 ipse
3309 5529 3603 5598 respondit,

2017 5628 2071 5675 et
2115 5628 2234 5689 post
2273 5618 2688 5672 admonitionem
2733 5620 2939 5673 Domini
2984 5620 3239 5685 dicentis,
3275 5621 3387 5676 Hoc
3412 5625 3525 5694 fac,
3560 5633 3602 5677 et

2080 5753 2095 5784 ί
2119 5752 2234 5816 mliti
2262 5765 2273 5799 τ
2305 5760 2450 5816 lacus
2473 5760 2630 5803 autent
2652 5751 2738 5804 hoc
2760 5759 2848 5804 tac.
2865 5759 2909 5814 t,
2931 5761 2974 5804 ct
2999 5753 3046 5804 ir:
3069 5752 3164 5816 ﬁne
3186 5764 3374 5807 marcus
3397 5755 3464 5806 ita
3487 5769 3589 5807 cm

2017 5813 2168 5865 cludit
2199 5827 2214 5862 :
2251 5829 2364 5864 men
2386 5815 2485 5864 lose
