4082 6458
499 342 638 398 Ill?

495 457 645 521 vim,
672 470 776 509 non
804 454 975 510 bonus
998 453 1402 510 commendatur
1422 466 1543 507 eum
1563 449 1760 505 dicitur
1777 448 1844 503 de
1863 463 1951 515 eo,
1976 445 2079 501 Ille

496 557 667 601 autem
699 546 868 600 volens
903 564 957 601 se
981 546 1297 616 justi/icere,-
1328 544 1427 597 iste
1455 552 1630 597 autem
1659 554 1819 610 quem
1845 538 1955 608 pari
1982 552 2075 593 or-

498 636 623 692 dine
651 637 925 691 Maltbmus
949 636 1259 706 Marcusque
1297 640 1750 698 commemorant,
1795 638 1899 684 tam
1940 630 2077 685 bene

498 729 898 783 connuendatus
923 738 1036 794 est,
1065 736 1123 781 ut
1156 726 1205 781 ei
1241 724 1442 781 diceret
1466 722 1748 786 Dominus.
1783 720 1902 775 Non
1928 718 2076 791 longe

498 837 552 875 es
579 837 611 874 a
635 837 786 891 regno
806 819 901 874 Dei
927 835 948 874 :
973 818 1295 890 probabilius
1321 816 1555 873 creditur
1584 815 1724 870 hunc
1746 814 1907 869 alium
1930 827 2072 878 esse,

496 927 601 966 non
628 911 796 965 illum.

494 1000 727 1067 CAPUT,
752 1000 985 1057 LXXIV.
1004 1030 1078 1043 α-
1099 999 1246 1067 Quod
1263 997 1436 1055 Judtei
1457 998 1827 1069 interrogantur
1847 995 1910 1051 de
1929 994 2075 1051 Chri-

567 1103 680 1158 sto,
721 1094 867 1162 cujus
904 1093 974 1147 eis
1015 1093 1152 1163 ﬁlius
1188 1093 1444 1155 rideatur,
1482 1101 1653 1145 utrum
1693 1106 1795 1144 non
1833 1096 2075 1160 repugnet

568 1185 843 1241 Mattheus
866 1186 1236 1250 aliisduobus;
1259 1185 1377 1255 quia
1400 1183 1673 1239 secundum
1695 1182 1847 1237 istum
1867 1180 2074 1246 dicitur,

568 1270 707 1338 Quid
733 1270 880 1326 vobis
904 1270 1111 1325 videtur
1137 1269 1204 1325 de
1229 1267 1475 1324 Christo?
1502 1266 1655 1338 cujus
1674 1274 1760 1323 est
1787 1264 1963 1321 ﬁlius?
1989 1263 2075 1318 cui

568 1363 966 1434 responderunt,
1004 1363 1165 1418 David
1195 1380 1209 1418 :
1239 1360 1513 1417 secundum
1560 1359 1687 1416 illos
1707 1368 1895 1426 autem,
1929 1357 2075 1425 Quo-

567 1455 735 1521 modo
754 1454 939 1511 dicunt
957 1454 1159 1511 Scriba:
1183 1453 1450 1510 Christum
1477 1453 1639 1508 ﬁlium
1658 1468 1777 1508 esse
1801 1449 2003 1506 David?

567 1544 690 1602 145.
729 1546 974 1618 Sequitur
996 1548 1274 1602 Matthmus
1301 1566 1315 1600 :
1340 1547 1663 1619 Cougregatis
1692 1556 1854 1600 autem
1885 1544 2073 1599 Phari-

494 1638 608 1694 sa'is
627 1681 643 1703 ,
670 1640 990 1710 interrogauit
1017 1658 1101 1695 eos
1121 1639 1156 1694 Ι
1161 1657 1274 1696 esus
1291 1683 1305 1706 ,
1334 1642 1503 1695 dicens
1525 1656 1544 1694 :
1566 1639 1700 1707 Quid
1724 1639 1858 1694 vobis
1879 1639 2073 1692 videtur

495 1729 558 1784 de
582 1729 779 1784 Christo
794 1731 820 1785 .9
842 1731 989 1801 cujus
1012 1731 1150 1799 ﬁlius
1169 1733 1282 1786 est?
1306 1730 1493 1785 Dicunt
1516 1732 1560 1786 ei
1584 1746 1603 1786 :
1624 1729 1808 1784 David.
1829 1728 1912 1783 Ait
1933 1729 2034 1783 illis
2053 1743 2073 1783 :

496 1819 760 1887 Quomodo
783 1838 900 1893 ergo
938 1821 1105 1875 David
1141 1822 1195 1876 in
1235 1822 1416 1889 spiritu
1442 1831 1582 1877 vocat
1622 1838 1735 1876 eum
1771 1820 2068 1887 Dominum,

494 1914 683 1979 dicens,
708 1912 848 1969 Dixit
869 1912 1115 1970 Dominus
1135 1915 1351 1970 Domino
1376 1932 1505 1978 meo,
1522 1916 1640 1970 sede
1661 1932 1692 1969 a
1716 1916 1902 1970 dextris
1927 1914 2068 1980 meis,

493 2004 652 2058 donec
688 2021 872 2075 ponam
913 2006 1141 2060 inimicos
1175 2016 1288 2060 tuos
1323 2006 1594 2061 scabellum
1623 2007 1804 2077 pedum
1832 2005 2075 2059 tuorum?

496 2092 559 2150 Si
583 2111 700 2166 ergo
732 2094 893 2148 David
920 2106 1061 2151 vocat
1082 2114 1195 2151 eum
1215 2097 1511 2164 Dominum,
1537 2098 1782 2168 quomodo
1808 2097 1945 2167 [ilius
1964 2099 2072 2168 ejus

496 2186 612 2240 est?
662 2186 730 2240 Et
775 2203 917 2242 nemo
958 2197 1150 2258 poterat
1197 2190 1241 2243 ei
1287 2190 1587 2259 respondere
1634 2191 1871 2256 uerbum,
1916 2204 2073 2260 neque

494 2295 648 2351 ausus
668 2279 761 2348 fuit
785 2280 1046 2350 quisquam
1073 2297 1135 2336 ex
1155 2282 1246 2335 illa
1273 2284 1354 2336 die
1378 2299 1492 2336 eum
1519 2282 1737 2352 amplius
1764 2283 2073 2353 interrogare

495 2365 707 2440 (Matth.
738 2385 870 2435 χιιι,
893 2371 1102 2439 «il-46).
1137 2371 1247 2427 Hoc
1269 2381 1659 2442 consequenter
1683 2382 1735 2428 et
1762 2372 1949 2427 eodem
1977 2386 2070 2425 or-

493 2458 618 2514 dine
643 2459 848 2514 Marcus
875 2476 1083 2531 quoque
1107 2473 1489 2517 commemorat
1519 2463 1707 2532 (Marc.
1733 2480 1830 2526 xu.
1853 2461 2068 2535 35-57).

491 2548 662 2604 Lucas
687 2551 846 2605 etiam
866 2592 882 2616 ,
912 2552 1275 2607 tantummodo
1300 2554 1369 2608 de
1399 2554 1489 2609 illo
1516 2563 1649 2610 taret
1670 2595 1686 2620 ,
1726 2556 1812 2624 qui
1845 2555 2070 2609 interro-

490 2642 633 2710 gavit
670 2642 989 2710 Dominum,
1034 2645 1174 2714 quod
1218 2655 1357 2699 esset
1406 2647 1709 2705 mandatum
1755 2648 1981 2717 primum
2017 2647 2069 2701 in

394 2740 401 2751 ’
490 2731 632 2800 Lege
662 2750 674 2790 :
710 2734 809 2789 hoc
836 2743 1010 2789 autem
1043 2737 1433 2803 prmtermisso,
1478 2738 1721 2793 eumdem
1760 2739 1917 2793 etiam
1958 2738 2071 2808 ipse

491 2823 731 2878 ordinem
762 2835 970 2890 servat;
997 2835 1052 2880 et
1078 2825 1179 2881 hoc
1205 2826 1272 2882 de
1298 2825 1530 2894 Christo,
1558 2828 1823 2901 quomodo
1843 2830 1911 2882 sit
1933 2828 2070 2883 [ilius

490 2916 689 2982 David,
722 2918 975 2986 qumsisse
1015 2934 1046 2972 a
1092 2918 1290 2973 Judmis
1332 2918 1611 2974 Dominum
1656 2920 1853 2988 pariter
1889 2928 2069 2974 narrat

495 3005 645 3079 (Luc.
668 3024 772 3072 xx,
803 3010 1012 3081 4144).
1051 3009 1160 3065 Nec
1193 3010 1411 3066 interest
1444 3011 1512 3065 ad
1547 3013 1862 3067 sententiam
1883 3054 1898 3078 ,
1928 3012 2069 3082 quod

489 3099 778 3153 secundum
816 3100 1116 3154 Manlianum
1140 3141 1154 3165 ,
1194 3117 1312 3156 cum
1356 3102 1734 3171 interrogasset
1759 3103 1913 3158 Jesus
1942 3102 2068 3173 quid

491 3189 574 3245 eis
596 3190 862 3245 videretur
884 3191 951 3246 de
972 3191 1201 3257 Christo,
1231 3193 1381 3264 cujus
1401 3204 1540 3250 esset
1569 3196 1726 3261 tilius,
1751 3196 1826 3249 illi
1851 3212 2072 3264 respon-

490 3283 711 3347 derunt,
762 3282 953 3349 David,
987 3295 1095 3339 tum
1140 3286 1352 3340 demum
1398 3286 1602 3354 intulit,
1642 3288 1907 3357 quomodo
1947 3303 2068 3344 eum

488 3371 654 3427 David
685 3374 883 3429 diceret
911 3375 1225 3439 Dominum;
1255 3377 1542 3431 secundum
1571 3378 1689 3432 illos
1712 3388 1887 3433 autem
1911 3378 2065 3447 duos,

488 3463 718 3519 Marcum
750 3474 803 3519 et
827 3465 1021 3522 anam
1040 3507 1054 3529 ,
1089 3483 1185 3521 nec
1213 3467 1518 3539 interrogati
1544 3484 1691 3532 esse.
1723 3485 1821 3523 nec
1844 3484 2067 3539 reSpon-

488 3555 633 3610 disse
681 3556 1033 3611 iuveuiumur.
1086 3558 1383 3627 Intelligere
1433 3559 1574 3613 enim
1623 3558 1912 3622 debemus,
1952 3568 2070 3628 post

489 3663 671 3701 eorum
704 3649 1103 3716 reSponsionem
1131 3650 1443 3703 sententiam
1474 3650 1635 3718 ipsius
1658 3650 1861 3703 Domini
1889 3665 1915 3701 τι
1939 3650 2069 3704 duo-

490 3738 590 3793 bus
620 3740 971 3810 Evangelistis
1002 3742 1348 3807 insinuatam,
1378 3743 1644 3812 quomodo
1686 3743 1754 3797 ab
1798 3743 1887 3797 illo
1929 3742 2070 3798 dicta

487 3835 578 3898 sit,
611 3831 693 3885 his
727 3831 1062 3887 audientibus
1084 3848 1218 3902 quos
1242 3833 1450 3888 volebat
1474 3849 1570 3887 suo
1593 3833 1896 3904 magisterio
1927 3834 2069 3888 utili-

491 3933 574 3980 ter
602 3923 917 3987 informare,
948 3933 1001 3977 et
1028 3940 1056 3976 a
1084 3924 1383 3980 Scribarum
1413 3926 1644 3980 alienare
1668 3926 1906 3979 doctrina
1937 3942 1950 3977 :
1979 3925 2069 3995 qui

486 4015 559 4072 de
598 4014 811 4070 Christo
853 4014 979 4069 illud
1025 4014 1196 4069 solum
1240 4015 1548 4084 sepiebant,
1594 4015 1733 4084 quod
1778 4015 2068 4069 secundum

489 4120 705 4164 carnem
730 4106 901 4162 lactus
925 4116 1039 4161 erat
1068 4122 1131 4161 ex
1162 4106 1365 4161 semine
1391 4106 1582 4168 David,
1613 4120 1715 4159 non
1746 4121 1866 4159 eum
1893 4116 2068 4160 autem

490 4198 859 4269 intelligebant
882 4198 1070 4261 Deum.
1096 4206 1313 4268 propter
1335 4198 1473 4268 quod
1495 4208 1608 4253 erat
1630 4199 1882 4252 Dominus
1907 4198 2071 4268 ipsius

490 4290 675 4347 David.
709 4290 832 4347 Ideo
857 4289 1210 4360 tanquam-de
1251 4290 1354 4344 illis
1387 4290 1685 4344 errantilms
1718 4291 1972 4346 Dominus
2004 4290 2071 4345 ad

491 4382 622 4437 istos
649 4395 947 4437 sermonem
980 4380 1178 4436 faciens
1198 4424 1211 4447 ,
1243 4395 1376 4451 quos
1402 4381 1613 4436 volebat
1642 4381 1710 4435 ab
1746 4381 1954 4436 illorum
1982 4397 2070 4436 er-

490 4488 613 4529 rore
644 4472 880 4540 liberari,
910 4472 1200 4527 secundum
1230 4472 1326 4526 hos
1357 4472 1491 4527 duos
1529 4472 1888 4543 Evangelistas
1921 4488 2069 4527 com-

491 4573 817 4618 memoratur
840 4581 855 4617 :
885 4574 941 4616 ut
962 4563 1100 4632 quod
1129 4562 1229 4617 illis
1248 4562 1446 4617 dictum
1467 4570 1567 4625 est,
1602 4562 1861 4627 Quomodo
1883 4562 2067 4628 dicitis,

490 4655 629 4709 sicut
653 4654 930 4709 Mattbmus
958 4663 1173 4719 narrat,
1218 4654 1294 4708 sic
1333 4654 1648 4723 accipiatur,
1690 4670 1792 4708 non
1823 4663 2069 4722 tanquam

491 4743 558 4797 ad
584 4743 723 4807 illos,
753 4743 844 4797 sed
875 4751 1119 4810 tanquam
1144 4742 1210 4797 de
1235 4743 1341 4797 illis
1364 4743 1428 4798 ad
1452 4759 1545 4798 eos
1568 4744 1739 4812 potius
1757 4744 1959 4799 dictum
1978 4745 2068 4812 sit,

490 4848 623 4904 quos
649 4833 854 4887 volebat
883 4832 1164 4888 instruere.

489 4920 716 4980 CAPUT
757 4920 967 4977 LXXV.
988 4950 1058 4961 —
1080 4921 1159 4974 De
1188 4919 1461 4976 Phariswis
1486 4924 1767 4980 sedentibus
1803 4943 1955 4996 super
1981 4943 2071 4979 ca-

560 5016 788 5070 thedram
824 5014 1027 5086 Moysi,
1065 5023 1110 5069 et
1138 5014 1413 5069 dicentibus
1450 5032 1562 5086 qua:
1607 5033 1707 5071 non
1736 5018 1948 5089 faciunt,
1976 5035 2074 5072 ca:-

562 5108 775 5175 terisque
821 5108 873 5161 in
924 5122 1008 5161 eos
1059 5108 1171 5160 dem
1206 5105 1511 5161 -Pharisa:os
1554 5124 1585 5159 a
1637 5106 1855 5162 Domine
1903 5109 2069 5175 dict's,

561 5210 731 5253 utrum
766 5215 927 5253 sermo
953 5196 1184 5252 Matt/iaci
1224 5207 1467 5268 congruat
1500 5198 1612 5250 aliis
1641 5197 1854 5263 duobus,
1886 5209 1930 5253 et
1960 5216 2072 5252 ma-

561 5293 694 5346 xime
741 5290 913 5357 Lucas,
944 5291 1030 5360 qui
1073 5308 1174 5345 non
1216 5289 1311 5344 hoc
1352 5290 1548 5359 ordine,
1579 5288 1668 5345 sed
1700 5291 1821 5344 alibi
1859 5293 2074 5347 similem

562 5392 938 5439 commemorat.
965 5438 969 5442 η

564 5472 686 5530 Mi.
741 5474 989 5544 Sequitur
1033 5473 1326 5539 Matienus,
1360 5473 1429 5528 ita
1468 5474 1786 5529 narrationis
1830 5476 2070 5532 ordinem

494 5572 685 5618 tenens
716 5581 729 5617 :
759 5562 901 5618 Tunc
940 5562 1091 5618 Iesus
1137 5562 1333 5618 locutus
1375 5574 1447 5618 est
1495 5564 1563 5617 ad
1604 5566 1773 5620 turbas
1801 5576 1847 5621 et
1882 5567 1950 5620 ad
1990 5568 2066 5621 di-

493 5654 714 5725 scipulos
745 5673 893 5721 suos,
937 5656 1106 5709 dicens
1141 5671 1160 5709 :
1191 5655 1356 5726 Super
1384 5658 1670 5710 cathedram
1712 5657 1883 5731 Moysi
1930 5661 2073 5715 sede-

494 5756 611 5800 runt
639 5746 831 5803 Scribit
850 5757 896 5802 et
926 5745 1173 5802 Phariswi
1196 5760 1216 5801 :
1245 5747 1413 5801 omnia
1439 5763 1555 5818 ergo
1587 5764 1910 5820 quaecumque
1935 5751 2074 5807 dixe-

1276 332 1363 388 DE
1401 328 1754 387 CUNSENSU
1796 328 2443 402 EVANGELISTARUM,
2483 334 2540 390 S.
2579 335 2941 393 AUGUSTINI

3616 342 3777 396 Ηιῧ

2179 448 2279 502 rint
2302 449 2457 516 vobis,
2482 460 2674 505 servate
2699 461 2744 505 et
2769 452 2920 522 facile
2934 469 2952 516 ,'
2979 452 3252 509 secundum
3269 468 3383 510 vero
3406 470 3558 524 opera
3581 470 3778 510 eorum-

2179 541 2334 594 nolite
2351 546 2533 608 facere.
2564 540 2749 595 Dicunt
2776 543 2906 595 enim
2923 554 2967 596 et
2984 560 3083 597 non
3109 545 3321 615 faciunt,
3344 556 3472 612 etc.,
3496 561 3662 616 usque
3689 547 3771 601 ad‘

2180 629 2310 686 illud
2345 630 2432 686 ubi
2473 631 2578 698 ait,
2622 630 2742 686 Non
2780 650 2860 687 nte
2886 633 3107 689 videbitis
3134 636 3315 690 autodu
3346 636 3504 691 donec
3533 637 3714 690 dicatis
3737 679 3773 705 ,.

2178 718 2479 775 Benedictus
2516 723 2603 792 qui
2639 722 2768 776 venit
2797 723 2850 776 in
2883 711 3083 779 nomine
3106 725 3309 781 Domini
3337 725 3547 796 (Jlatth.
3576 728 3758 796 mn).

2177 808 2412 865 Similem
2439 825 2740 867 sermonem
2771 812 3019 870 habuisse
3038 815 3315 871 Dominum
3332 816 3588 873 adversus
3612 818 3753 872 Pha-

2177 899 2362 956 risteos
2406 909 2461 956 et
2500 901 2712 959 Scribas
2747 902 3011 974 Legisque
3042 904 3318 973 doctores,
3345 907 3519 966 Lucas
3544 923 3775 978 quoque-

2178 1002 2595 1057 commemorat,
2626 993 2721 1050 sed
2761 995 2814 1050 in
2857 995 3016 1050 domo
3042 996 3314 1068 cujusdam
3340 998 3638 1064 Pharisaei,
3667 1000 3773 1070 qui.

2177 1096 2299 1137 eum
2327 1095 2610 1140 vocaverat
2642 1085 2711 1141 ad
2755 1087 3077 1153 convivium.
3105 1089 3256 1156 Quod
3282 1101 3339 1145 ut
3366 1103 3637 1157 narraret,
3667 1091 3751 1147 di-

2176 1190 2390 1245 gressus
2417 1186 2585 1232 erata
2612 1177 2858 1234 Μαιώωο
2875 1220 2892 1245 ,
2915 1180 3054 1236 circa
3079 1181 3226 1236 illum
3254 1182 3450 1257 locum,
3479 1183 3569 1238 ubi
3595 1183 3754 1238 ambo

2176 1278 2727 1324 commemoraverant
2774 1269 2915 1340 quod
2957 1270 3155 1325 dictum
3198 1281 3282 1327 est
3327 1287 3358 1326 a
3393 1273 3647 1338 Domino,
3687 1272 3757 1328 de

2177 1355 2329 1426 signo
2370 1356 2521 1412 Jona:
2551 1360 2707 1413 trium
2733 1359 2939 1414 dierum
2984 1369 3039 1415 et
3075 1362 3333 1427 noctium,
3374 1370 3430 1417 et
3465 1361 3533 1416 de
3571 1363 3761 1434 regina

2176 1449 2374 1515 Austri,
2407 1460 2462 1506 et
2486 1451 2556 1507 de
2584 1451 2848 1517 Ninivitis,
2869 1464 2925 1509 et
2948 1453 3015 1509 de
3039 1454 3226 1526 spiritu
3254 1453 3525 1510 immundo
3549 1456 3639 1525 qui
3667 1470 3758 1510 re-

2176 1541 2254 1596 dit
2282 1552 2336 1597 et
2366 1543 2565 1600 invenit
2593 1543 2897 1599 mundatam
2928 1545 3142 1601 domum
3171 1562 3184 1599 :
3213 1553 3334 1617 post
3356 1561 3512 1616 quem
3542 1561 3754 1601 senue-

2176 1648 2299 1687 nem
2339 1634 2466 1689 dicit
2503 1634 2798 1697 blattlneus.
2848 1636 3026 1691 Adhuc
3069 1654 3128 1693 eo
3166 1638 3393 1708 loquente
3435 1638 3504 1691 ad
3549 1636 3757 1701 turbas,

2175 1741 2285 1780 ecce
2314 1736 2471 1779 mater
2499 1727 2612 1797 ejus
2632 1769 2647 1793 ,
2680 1736 2725 1781 et
2752 1731 2936 1799 fratres
2960 1727 3157 1783 stabant
3184 1729 3338 1801 foris,
3368 1738 3645 1797 quaerentes
3673 1729 3756 1782 lo-

2173 1817 2260 1883 qui
2286 1818 2331 1871 ei
2366 1817 2488 1891 (Id.
2517 1835 2589 1873 xu
2608 1860 2624 1886 ,
2667 1820 2899 1892 39-46);
2926 1820 3096 1877 Lucas
3122 1831 3298 1877 autem
3330 1822 3385 1876 in
3414 1837 3481 1877 eo
3506 1836 3766 1878 sermone

2178 1908 2418 1970 Domini,
2462 1911 2894 1966 commemoratis
2936 1912 3095 1967 etiam
3120 1911 3433 1982 quibusdam
3472 1927 3591 1982 qua:
3619 1911 3754 1965 Mat-

2175 2006 2343 2063 thmns
2368 2007 2570 2064 dixisse
2591 2009 3265 2080 Dominum.pr:etermisit,
3287 2008 3355 2063 ab
3381 2008 3568 2064 ordine
3593 2023 3756 2077 quem

2172 2113 2295 2154 cum
2325 2098 2573 2154 Matthmo
2599 2108 2842 2157 tenuerat
2881 2101 2955 2155 ita
2980 2100 3305 2171 digreditur:
3340 2097 3402 2154 Et
3440 2116 3554 2154 cum
3578 2101 3756 2169 loque-

2171 2200 2341 2258 retur,
2371 2192 2557 2262 inquit,
2587 2194 2779 2263 rogauit
2808 2193 2954 2248 illum
2972 2193 3177 2269 quidam
3200 2192 3490 2248 Pharisteus
3507 2202 3564 2246 ut
3590 2210 3755 2264 pran-

2173 2283 2311 2337 deret
2333 2284 2471 2355 apud
2506 2301 2591 2351 se;
2616 2294 2663 2339 et
2690 2287 2943 2357 ingressus
2972 2285 3215 2340 recubuit.
3249 2284 3542 2341 Pharisteus
3584 2294 3755 2339 autem

2172 2377 2320 2445 capit
2353 2378 2486 2430 intra
2526 2394 2581 2431 se
2616 2388 2856 2449 reputans
2907 2379 3092 2445 dicere,
3139 2395 3296 2448 quare
3319 2395 3419 2432 non
3466 2379 3756 2448 baptizatus

2173 2477 2301 2522 esset
2328 2478 2441 2523 ante
2485 2468 2772 2538 prandium.
2801 2468 2864 2523 Et
2893 2471 2965 2522 ait
2996 2469 3241 2523 Dominus
3281 2469 3350 2523 ad
3388 2469 3532 2522 illum
3552 2485 3571 2524 :
3603 2466 3756 2521 Nunc

2173 2577 2281 2625 uos,
2311 2560 2584 2629 Pltaristei,
2610 2562 2746 2632 quod
2778 2562 2841 2616 de
2864 2563 2990 2631 [oris
3016 2571 3088 2616 est
3114 2561 3286 2616 calicis
3314 2572 3362 2615 et
3395 2560 3583 2625 catini,
3606 2576 3757 2614 mun-

2177 2653 2329 2708 datis.
2361 2654 2534 2724 Atque
2564 2654 2687 2709 hinc
2705 2654 2816 2723 jam
2842 2663 3032 2709 cetera
3058 2652 3111 2708 in
3140 2652 3357 2708 eosdem
3376 2651 3677 2707 Pharismos
3703 2660 3758 2706 et

2174 2744 2388 2798 Scribas
2415 2753 2470 2799 et
2496 2744 2652 2815 Legis
2675 2745 2921 2801 doctores
2942 2745 3060 2799 talia
3089 2742 3248 2812 dicit,
3281 2743 3454 2814 qualia
3475 2741 3763 2797 Matthzeus

2172 2832 2276 2889 hoc
2323 2834 2441 2888 loco
2467 2874 2487 2901 ,
2533 2850 2690 2904 quem
2742 2850 2883 2889 nunc
2936 2833 3378 2889 considerandum
3421 2831 3761 2903 suscepimus

2173 2925 2323 2997 (Luc.
2356 2942 2413 2981 χι
2434 2967 2448 2988 .
2478 2926 2688 2997 29-52).
2743 2927 3052 2995 Quanquam
3081 2940 3210 2995 ergo
3234 2925 3304 2978 ita
3335 2924 3431 2978 ista
3473 2923 3755 2977 Matthznus

2173 3027 2580 3085 commemoret,
2612 3026 2669 3071 ut
2694 3016 2930 3088 quamvis
2955 3017 3171 3071 domum
3199 3015 3340 3070 illius
3364 3014 3616 3069 Phariszei
3645 3028 3763 3068 non

2174 3110 2447 3175 nominet,
2478 3125 2582 3164 non
2611 3119 2786 3164 tamen
2830 3110 3002 3164 locum
3039 3109 3299 3179 exprimat
3326 3107 3412 3162 ubi
3441 3107 3582 3162 dicta
3612 3106 3761 3170 sint,

2172 3215 2281 3271 quo
2308 3210 2563 3269 repugnet
2588 3200 2783 3270 aliquid
2812 3200 2884 3254 illi
2913 3198 3093 3254 domui
3123 3216 3137 3252 :
3168 3208 3345 3254 tamen
3375 3197 3498 3268 quia
3521 3196 3634 3266 jam
3660 3211 3757 3251 ve-

2172 3302 2324 3348 nerat
2347 3294 2602 3349 Dominus
2648 3294 2700 3347 in
2734 3293 3027 3348 Jerusalem
3056 3307 3086 3346 a
3118 3290 3358 3355 Galilaea,
3388 3298 3442 3346 et
3479 3298 3601 3359 post
3641 3286 3765 3358 ejus

2171 3384 2455 3438 adventum
2478 3385 2548 3437 ita
2568 3384 2840 3452 superiora
2864 3398 3029 3453 usque
3054 3381 3118 3436 ad
3139 3382 3280 3435 hunc
3303 3394 3606 3436 sermonem
3627 3393 3759 3432 con-

2175 3483 2457 3540 texuntur,
2499 3484 2559 3529 ut
2608 3474 2951 3545 probabiliter
2998 3473 3322 3543 accipiantur
3364 3472 3415 3526 in
3453 3469 3756 3527 Jerusalem

2172 3574 2342 3635 gesta,
2370 3565 2540 3619 Lucas
2564 3576 2739 3619 autem
2770 3564 2900 3618 illud
2931 3572 3128 3625 narrat,
3153 3578 3273 3618 cum
3299 3562 3473 3617 adlmc
3498 3561 3762 3615 Dominus

2173 3656 2274 3711 iter
2288 3664 2467 3724 ageret
2482 3655 2531 3710 in
2547 3655 2840 3711 Jerusalem
2861 3672 2879 3720 ;
2899 3653 3144 3708 videntur
3158 3653 3286 3707 mihi
3303 3652 3503 3707 similes
3517 3650 3624 3706 duo
3636 3664 3761 3706 esse

2173 3761 2468 3813 sermones,
2501 3761 2725 3817 quorum
2750 3745 2834 3799 ille
2856 3745 3101 3808 alterum,
3124 3745 3352 3799 alterum
3375 3744 3474 3798 iste
3496 3742 3755 3797 narravit.

2250 3855 2372 3909 M5.
2414 3853 2555 3910 Sane
2578 3854 3021 3913 considerandum
3049 3862 3131 3908 est
3149 3851 3416 3923 quomodo
3441 3853 3528 3906 hic
3554 3852 3760 3906 dictum

2174 3947 2271 4011 sit,
2308 3947 2428 4001 Non
2466 3964 2545 4001 me
2572 3945 2798 4001 videbitis
2820 3946 3004 4015 amodo
3031 3945 3189 4000 donec
3212 3945 3393 3999 dicatis
3409 3985 3430 4011 ,
3460 3944 3773 3999 Benedictus-

2172 4042 2259 4112 qui
2288 4042 2420 4094 venit
2452 4041 2504 4094 in
2532 4041 2731 4094 nomine
2758 4039 2997 4103 Domini;
3036 4054 3157 4094 cmn
3187 4038 3478 4093 secundum
3506 4037 3756 4092 eumdem

2175 4131 2479 4186 Mattlncum
2502 4131 2612 4200 jam
2641 4131 2739 4185 hoc
2764 4131 3000 4185 dixerint
3025 4129 3238 4201 (Matth.
3261 4145 3376 4191 nl.
3397 4128 3473 4190 9).
3499 4129 3566 4183 Et
3584 4127 3761 4183 Lucas

2175 4223 2319 4281 enim
2366 4222 2492 4276 dicit
2537 4222 2641 4276 hoc
2686 4236 2807 4277 esse
2842 4236 3156 4291 responsqu
3187 4237 3217 4274 a
3249 4221 3472 4275 Domino
3515 4220 3620 4274 illis
3664 4219 3760 4288 qui

2175 4330 2296 4369 eum
2345 4324 2659 4368 monuerant
2708 4323 2764 4368 ut
2810 4313 2934 4368 inde
2974 4315 3106 4378 iret,
3135 4314 3385 4383 quoniam
3430 4311 3590 4367 vellet
3631 4325 3764 4365 eum

2174 4405 2413 4460 Herodes
2442 4405 2708 4459 occidere.
2747 4404 2819 4458 lbi
2850 4405 3008 4458 etiam
3047 4405 3302 4458 adversus
3332 4404 3499 4475 ipsam
3534 4402 3760 4457 Jerusa-

2175 4496 2281 4550 lem
2311 4511 2371 4549 ea
2400 4509 2615 4564 prorsus
2639 4495 2795 4548 verba
2823 4494 3000 4548 abillo
3023 4507 3141 4548 esse
3166 4493 3305 4548 dicta
3335 4500 3758 4555 commemorat,

2174 4604 2293 4658 quae
2330 4587 2416 4641 hie
2445 4588 2743 4642 Matthazus.
2771 4585 2860 4642 Sic
2882 4588 3024 4642 enim
3048 4596 3302 4640 narratur
3328 4585 3619 4640 secundum
3648 4585 3761 4639 Lu-

2175 4702 2291 4741 cam
2318 4705 2330 4740 :
2360 4685 2429 4740 In
2461 4688 2574 4754 ipsa
2614 4687 2696 4739 die
2738 4697 3046 4742 accesserunt
3087 4687 3295 4758 quidam
3340 4686 3758 4751 Pharisam'um,

2175 4778 2393 4831 dicentes
2420 4776 2541 4832 illi:
2583 4778 2707 4839 Exi,
2739 4788 2785 4831 et
2812 4780 2938 4832 vade
2979 4778 3129 4844 hinc;
3153 4780 3270 4848 quia
3301 4778 3529 4833 Herodes
3566 4775 3673 4831 uult
3708 4785 3761 4829 te

2176 4870 2419 4923 occidere.
2452 4868 2521 4923 Et
2549 4871 2618 4923 ait
2646 4872 2785 4926 illis:
2805 4869 2918 4934 Ite,
2949 4872 3097 4926 dicite
3124 4871 3264 4942 vulpi
3295 4872 3401 4937 illi,
3433 4869 3568 4925 Ecce
3602 4869 3755 4942 ejicio

2176 4960 2443 5024 damtonia,
2475 4970 2527 5013 et
2551 4961 2788 5014 sanitates
2831 4962 3036 5030 perﬁcio
3066 4962 3212 5015 hodie
3255 4972 3303 5015 et
3339 4976 3482 5026 cras,
3521 4970 3568 5015 et
3608 4960 3759 5013 tertia

2176 5066 2494 5103 consummor
2514 5050 2531 5082 ⁸
2560 5067 2572 5102 :
2602 5060 2937 5103 verumtamen
2962 5061 3154 5122 Oportet
3193 5067 3273 5104 me
3309 5051 3458 5104 hodie
3487 5060 3535 5104 et
3573 5065 3689 5103 cras
3711 5057 3759 5102 et

2176 5139 2392 5209 sequenti
2409 5139 2669 5192 ambulare
2682 5182 2695 5199 .
2711 5139 2829 5208 quia
2850 5155 2950 5192 non
2970 5142 3103 5211 capit
3120 5140 3416 5210 prophetam
3434 5140 3598 5211 perire
3611 5147 3757 5192 extra

2175 5225 2482 5281 Jerusalem.
2495 5227 2798 5293 Jerusalem,
2810 5228 3113 5295 Jerusalem,
3124 5247 3236 5300 quae
3253 5231 3438 5285 occidis
3452 5229 3760 5301 Pmphetas,

2177 5329 2224 5373 et
2239 5319 2439 5389 lapides
2451 5336 2536 5373 eos
2552 5322 2638 5388 qui
2656 5322 2922 5375 mittuntur
2930 5322 2998 5375 ad
3006 5331 3072 5386 te,
3094 5323 3288 5394 quoties
3308 5322 3442 5376 uolui
3452 5337 3761 5392 congregare

2177 5410 2312 5479 ﬁlios
2340 5420 2451 5465 tuos
2476 5411 2897 5482 quemadmodum
2929 5414 3035 5467 avis
3058 5413 3234 5467 nidum
3270 5430 3416 5468 suum
3441 5414 3532 5466 sub
3557 5415 3755 5483 pennis,

2177 5508 2226 5553 et
2248 5500 2455 5554 noluisti
2474 5502 2500 5555 2
2514 5499 2646 5555 Ecce
2662 5499 2969 5573 relinquetur
2995 5503 3131 5558 vobis
3154 5502 3330 5558 domus
3356 5513 3518 5557 vestra
3536 5503 3755 5556 deserta.

2178 5589 2308 5646 Dico
2332 5602 2500 5645 autem
2534 5591 2666 5647 nobis
2689 5634 2704 5653 .
2745 5594 2864 5663 quia
2897 5610 2999 5647 non
3022 5594 3247 5648 videbitis
3276 5611 3383 5660 me,
3409 5594 3567 5647 donec
3593 5594 3758 5646 uestiat

2179 5701 2423 5827 wn,
2446 5707 2492 5753 et
2513 5701 2655 5753 tertia
2676 5701 2758 5754 die
2801 5715 3116 5755 constmmwr.
3143 5704 3288 5753 abest
3324 5700 3404 5753 die
3444 5714 3472 5751 a
3512 5707 3620 5752 Is.
3647 5708 3701 5751 et
3730 5713 3760 5750 δ
