4082 6472
1328 259 1363 274 δ.

303 368 444 426 1149

302 496 420 534 cum
465 475 642 529 dicetis
665 515 679 539 ,
712 469 1008 525 Benedictus
1053 465 1138 534 qui
1176 462 1306 518 venit
1348 460 1399 514 in
1435 459 1635 514 nomine
1679 453 1884 510 Domini

304 569 460 641 (Luc.
490 582 608 630 xm,
640 562 852 629 31-35).
883 556 1180 614 Narrationi
1209 553 1422 623 quidem
1451 550 1570 604 huic
1599 547 1755 602 Luca:
1783 561 1886 599 non

308 660 520 716 videtur
545 652 853 718 adversari,
885 649 1026 720 quod
1055 647 1221 702 turhm
1247 644 1512 704 dixerunt,
1545 640 1766 694 Domino
1794 651 1888 690 ve-

305 753 489 808 niente
525 748 592 803 ad
618 745 941 807 Jerusalem,
973 740 1267 795 Benedictus
1308 737 1393 806 qui
1438 734 1567 788 venit
1603 733 1653 787 in
1691 731 1891 785 nomine

305 843 520 900 Domini
554 837 888 895 :secundmn
932 833 1127 904 quippe
1173 830 1329 883 Luca:
1370 826 1610 880 ordinem
1655 820 1889 877 nondum

309 939 438 995 illuc
461 941 700 996 venerat,
728 940 782 985 et
809 926 1040 983 nondum
1081 923 1277 978 dictum
1304 927 1439 974 erat.
1468 916 1574 972 Sed
1618 917 1738 984 quia
1784 927 1891 968 non

309 1029 440 1086 dicit
462 1025 602 1097 quod
629 1022 751 1076 inde
793 1033 917 1074 tunc
945 1014 1284 1079 abscesserit,
1314 1019 1374 1065 ut
1415 1025 1519 1064 non
1548 1007 1753 1062 veniret
1789 1001 1892 1059 nisi

310 1136 379 1177 eo
398 1129 637 1187 tempore
655 1127 761 1184 quo
779 1113 887 1182 jam
912 1108 1040 1164 illud
1068 1107 1338 1162 diceretur
1359 1103 1686 1174 (perseverat
1699 1097 1895 1187 quippe

311 1213 370 1267 in
418 1186 606 1264 itinere
645 1219 764 1270 suo,
806 1202 976 1258 donec
1015 1199 1190 1253 veniat
1215 1194 1531 1257 Jerusalem,
1576 1201 1734 1262 atque
1764 1186 1894 1243 illud

312 1302 454 1376 quod
477 1302 580 1367 ait,
606 1298 735 1352 Ecce
758 1296 903 1367 ejicio
929 1291 1200 1356 daemonia,
1227 1297 1274 1344 et
1301 1288 1538 1343 sanitates
1568 1283 1772 1353 perﬁcio
1799 1281 1895 1334 ho-

315 1372 400 1449 die
423 1403 468 1447 et
490 1407 623 1454 cras,
650 1399 696 1443 et
711 1388 856 1442 tertia
873 1399 1211 1447 consummor,
1243 1378 1467 1450 mystice
1493 1376 1559 1431 ab
1580 1375 1670 1429 illo
1691 1382 1745 1429 et
1764 1372 1898 1442 ligu-

315 1493 434 1540 rate
474 1481 615 1536 dic1a
664 1477 1061 1546 intelliguntur;
1109 1485 1280 1540 neque
1308 1469 1449 1522 enim
1487 1482 1552 1521 eo
1585 1465 1672 1519 die
1713 1477 1898 1534 passus

316 1582 422 1640 est,
452 1573 542 1643 qui
582 1579 666 1626 est
705 1568 772 1623 ab
810 1567 912 1622 hoc
935 1565 1022 1620 die
1053 1564 1257 1628 tertius,
1285 1576 1404 1616 cum
1445 1557 1696 1613 continuo
1735 1556 1896 1619 dicat,

321 1667 534 1736 Oportet
580 1679 657 1716 me
698 1661 847 1716 hodie
885 1669 930 1712 et
957 1675 1070 1712 cras
1104 1665 1150 1710 et
1185 1654 1405 1726 sequenti
1433 1648 1730 1721 ambulare),
1761 1647 1903 1718 cogit

317 1759 557 1830 profecto
582 1756 740 1811 etiam
774 1751 902 1807 illud
942 1749 1162 1822 mystice
1203 1746 1421 1816 intelligi
1449 1743 1590 1815 quod
1625 1743 1734 1805 ait,
1777 1738 1902 1794 Non

319 1849 546 1904 videbitis
575 1864 682 1908 me,
714 1846 870 1899 donec
904 1842 1064 1896 veniat
1109 1856 1220 1894 cum
1251 1837 1450 1902 dicetis,
1491 1834 1788 1888 Benedictus
1816 1831 1902 1903 qui

253 1988 256 1990 .
323 1942 458 1996 venit
485 1941 536 1993 in
558 1938 758 1992 nomine
786 1933 1026 1998 Domini,
1059 1931 1125 1986 de
1163 1931 1252 1984 illo
1279 1944 1375 1983 suo
1413 1927 1640 1982 adventu
1661 1965 1676 1989 ,
1705 1938 1810 1994 quo
1848 1923 1901 1975 in

322 2033 562 2088 claritate
600 2038 852 2082 venturus
891 2033 1006 2088 est,
1051 2023 1150 2075 hoc
1187 2018 1489 2089 siguiiians,
1517 2025 1576 2071 ut
1600 2014 1727 2069 illud
1761 2011 1904 2083 quod

324 2124 434 2189 ait,
469 2121 632 2192 Ejicio
661 2117 927 2179 daemonia,
958 2123 1004 2167 et
1027 2113 1265 2167 sanitates
1295 2109 1498 2178 per/icio
1524 2107 1673 2160 hodie
1695 2113 1742 2158 et
1769 2119 1902 2167 cras,

325 2223 373 2268 et
402 2213 545 2266 tertia
584 2223 923 2269 consummor,
953 2203 1213 2261 referatur
1253 2201 1318 2255 ad
1362 2213 1555 2266 corpus
1597 2197 1732 2266 ejus,
1764 2192 1906 2263 quod

326 2316 408 2362 est
430 2303 686 2360 Ecclesia.
712 2301 1059 2368 Expelluntur
1081 2295 1223 2352 enim
1250 2293 1532 2358 daemonia,
1561 2305 1681 2345 cum
1706 2286 1909 2342 relictis

326 2395 564 2468 paternis
590 2389 1055 2462 superstitionibus
1083 2385 1308 2442 credunt
1349 2385 1400 2438 in
1439 2399 1560 2438 eum
1596 2387 1820 2451 gentes:
1855 2386 1910 2432 et

329 2488 678 2561 perﬁciuntur
715 2484 990 2545 sanitates,
1022 2497 1142 2536 cum
1178 2477 1467 2534 secundum
1507 2475 1622 2544 ejus
1648 2479 1910 2543 prmcepta

329 2581 548 2642 vivitur,
580 2586 918 2648 posteaquam
954 2572 1111 2627 fuerit
1135 2569 1343 2624 diabolo
1367 2575 1423 2621 et
1450 2566 1572 2619 huic
1605 2563 1800 2618 smculo
1829 2577 1913 2616 re-

332 2673 654 2735 nuntiatum,
683 2683 852 2738 usque
900 2667 952 2720 in
997 2665 1154 2718 linem
1198 2658 1622 2724 resurrectionis,
1655 2672 1755 2726 qua
1792 2663 1913 2709 tau-

331 2779 490 2833 quam
523 2763 672 2816 tcrtia
702 2756 1176 2818 consummabitur,
1200 2752 1302 2806 hoc
1326 2759 1406 2805 est
1433 2749 1497 2803 ad
1525 2747 1913 2819 plenitudinem

333 2855 623 2924 angelicam
664 2866 759 2920 per
797 2847 1036 2917 corporis
1074 2846 1233 2899 etiam
1271 2841 1716 2897 immortalitatem
1755 2838 1915 2907 perli-

335 2947 506 3001 cietur
531 2942 788 2996 Ecclesia.
820 2940 1152 3007 Quapropter
1182 2934 1313 2988 ordo
1332 2935 1429 2987 iste
1460 2930 1686 2986 Mattluci
1719 2944 1918 2996 nequa-

333 3052 494 3108 quam
541 3033 801 3104 putandus
840 3040 921 3086 est
966 3031 1016 3084 in
1067 3026 1262 3096 aliquid
1291 3025 1432 3080 aliud
1462 3039 1581 3080 esse
1606 3023 1914 3092 digressus:

335 3127 430 3182 sed
462 3126 630 3181 Lucas
658 3124 824 3193 magis
851 3119 1222 3189 intelligendus
1256 3128 1368 3182 est,
1402 3118 1483 3170 vel
1515 3127 1916 3185 praeoccupasse

333 3234 455 3289 qua:
478 3226 623 3289 gesta
651 3225 775 3271 sunt
812 3216 863 3268 in
890 3213 1205 3276 Jerusalem,
1239 3222 1294 3265 et
1320 3207 1647 3264 recordando
1678 3208 1917 3276 interpo-

337 3310 540 3368 suisse.
569 3315 852 3375 antequam
897 3303 1012 3371 ejus
1039 3302 1270 3355 narratio
1299 3299 1574 3353 Dominum
1604 3296 1920 3366 perduceret

335 3396 670 3458 Jerusalem;
697 3402 786 3447 aut
810 3391 981 3446 cidem
1006 3390 1202 3444 civitati
1235 3390 1340 3458 jam
1373 3389 1810 3457 propinquantem
1843 3396 1919 3439 ta—

340 3488 408 3542 lia
451 3485 787 3556 respondisse
809 3482 1144 3537 iuoncntibus
1171 3491 1227 3534 ut
1254 3489 1464 3533 caveret
1488 3478 1770 3542 Herodem,
1793 3493 1922 3546 qua-

337 3579 408 3633 lia
429 3577 706 3632 Matthmus
727 3591 848 3629 eum
871 3573 998 3628 dicit
1018 3573 1177 3628 etiam
1202 3571 1366 3625 turbis
1387 3571 1640 3635 locutum,
1664 3585 1782 3624 cum
1808 3570 1919 3638 jam

340 3672 677 3741 pervenisset
720 3669 770 3724 in
816 3667 1146 3732 Jerusalem,
1178 3674 1336 3735 atque
1377 3664 1465 3717 illa
1497 3663 1672 3717 omnia
1710 3671 1919 3732 peracta

341 3772 524 3818 essent
545 3778 661 3832 qua:
691 3775 848 3829 supra
878 3769 1088 3813 narrata
1115 3765 1258 3811 sunt.

339 3853 562 3911 CAPUT
602 3850 1074 3908 LXXVI.-—-Cum
1136 3847 1489 3919 praenuntiavit
1541 3845 1713 3916 templi
1778 3859 1919 3897 ever-

413 3948 639 4008 sionem,
690 3944 940 4015 quomodo
1013 3941 1129 3994 aliis
1191 3939 1380 3993 duobus
1449 3938 1693 3992 narrandi
1745 3936 1922 3989 ordine

415 4047 680 4107 congruat.

417 4129 540 4183 146.
587 4128 836 4197 Sequitur
882 4123 1197 4186 Matllunus,
1251 4131 1305 4176 et
1375 4122 1503 4176 dicit
1544 4119 1653 4174 :Et
1696 4135 1921 4190 egressus

339 4220 494 4275 Jesus
532 4220 593 4272 de
643 4217 826 4286 templo
877 4216 1020 4268 ibat:
1046 4225 1092 4268 et
1130 4223 1440 4267 accesserunt
1497 4211 1731 4280 discipuli
1778 4211 1919 4280 ejus,

343 4321 398 4364 ut
450 4309 762 4364 ostenderent
791 4307 833 4359 ei
867 4305 1223 4373 tediﬁcationes
1261 4303 1450 4372 templi.
1483 4301 1601 4372 Ipse
1630 4312 1795 4354 autent
1839 4317 1921 4353 re-

342 4402 594 4472 spondens
627 4399 756 4453 dixit
803 4397 934 4461 illis,
973 4396 1159 4448 Videtis
1207 4394 1312 4448 hazc
1359 4395 1566 4448 omnia?
1612 4394 1769 4446 Amen
1809 4393 1922 4445 dico

344 4495 504 4557 vobis,
536 4508 637 4545 non
671 4491 976 4560 relinquetur
1003 4489 1082 4541 hic
1119 4487 1251 4557 lapis
1273 4503 1422 4556 super
1450 4485 1671 4553 lapidem
1703 4483 1788 4554 qui
1821 4499 1922 4536 non

345 4584 630 4638 destruatur
678 4580 889 4652 (Matth.
932 4595 1084 4643 xxrv,
1119 4580 1170 4639 1,
1201 4576 1280 4648 2).
1323 4576 1528 4630 Marcus
1571 4576 1727 4628 etiam
1776 4589 1924 4626 cmu-

344 4682 606 4729 tnemorat
652 4672 753 4726 hoc
782 4671 968 4726 eodem
1015 4684 1152 4738 pene
1195 4667 1402 4731 ordine,
1441 4675 1560 4734 post
1598 4665 1922 4732 aliquantam

342 4766 729 4835 digressionem
749 4803 764 4828 ,
793 4762 859 4815 ad
907 4762 1009 4816 hoc
1056 4761 1270 4823 factam,
1299 4768 1355 4812 ut
1386 4767 1827 4812 Commemoraret
1855 4755 1924 4810 de

343 4857 546 4921 vidua,
601 4871 720 4924 quae
771 4854 916 4908 misit
974 4852 1080 4907 duo
1133 4852 1331 4905 minuta
1392 4851 1442 4903 in
1489 4849 1922 4920 gazophylacium

346 4947 538 5019 (Marc.
577 4963 650 5001 xu
671 4988 686 5012 ,
713 4947 803 5010 41;
836 4961 931 4999 xm
953 4987 967 5010 ,
989 4946 1024 4998 Ω
1045 4945 1062 5014 )
1084 4985 1098 5006 ,
1130 4944 1269 5013 quod
1317 4958 1435 4998 cum
1466 4958 1531 4997 eo
1569 4942 1738 4996 Lucas
1780 4942 1924 4997 solus

342 5045 744 5095 commemorat.
776 5037 907 5092 Nam
937 5037 1094 5090 etiam
1120 5035 1408 5090 secundum
1438 5034 1692 5092 Marcum.
1720 5041 1927 5101 postea‘

346 5146 505 5200 quam
536 5129 660 5184 illud
685 5128 940 5183 Dominus
961 5127 1065 5196 egit
1092 5142 1210 5180 cum
1239 5125 1456 5190 Judacis,
1485 5123 1750 5193 quomodo
1779 5123 1922 5176 acci-

345 5230 535 5291 perent
557 5219 821 5274 Christum
851 5219 1015 5272 lilium
1043 5217 1227 5281 David,
1249 5232 1309 5271 ea
1343 5228 1621 5270 narrantur
1649 5231 1767 5284 qua:
1796 5214 1924 5268 dicit

343 5314 413 5369 de
440 5313 688 5368 cavendis
715 5313 997 5366 Pharisasis
1022 5320 1071 5365 et
1095 5309 1358 5382 hypocrisi
1389 5324 1570 5364 eorum
1603 5325 1616 5362 ε
1645 5323 1799 5376 quem
1846 5307 1927 5360 lo-

348 5419 471 5458 cum
497 5404 772 5457 Matthceus
798 5403 1054 5456 latissime
1083 5411 1394 5470 persecutus
1429 5409 1533 5464 est,
1568 5407 1623 5453 et
1662 5399 1810 5467 plura
1851 5397 1923 5451 ibi

344 5495 484 5549 dicta
514 5494 781 5548 narravit:
810 5503 969 5561 atque
999 5492 1116 5545 ideo
1149 5501 1266 5560 post
1288 5490 1532 5544 etundem
1559 5489 1734 5543 locum
1765 5503 1923 5556 quem

347 5587 576 5642 breviter
622 5585 928 5652 perstrinxit
971 5583 1194 5646 Marcus,
1223 5583 1509 5649 etcopiose
1545 5579 1764 5650 digeSsit
1787 5579 1920 5633 Mat-

345 5680 536 5739 thanrs,
564 5679 693 5732 nihil
720 5677 946 5744 amplius
965 5675 1172 5730 Marcus
1200 5676 1402 5740 intulit,
1431 5674 1568 5729 sicut
1595 5673 1734 5737 dixi,
1767 5687 1923 5742 quam

346 5771 412 5826 de
460 5771 547 5826 illa
599 5771 747 5826 vidua
803 5770 1135 5841 pauperrima
1179 5778 1234 5825 et
1273 5767 1574 5834 uberrima;
1619 5781 1682 5822 ac
1732 5766 1923 5822 deinde

1615 343 1815 401 LIBER
1852 342 2230 400 SECUNDUS.

3432 341 3572 398 1150

1995 457 2265 528 subjungit
2308 472 2370 514 ea
2415 457 2604 528 quibus
2631 455 2881 512 Matthan
2909 457 3097 512 lterum
3127 455 3422 513 cohaereret
3441 499 3457 521 .
3488 459 3573 514 di-

1993 565 2122 605 cens
2173 550 2239 604 de
2287 551 2468 620 templi
2526 549 2698 604 futura
2757 548 3055 604 eversione.
3136 549 3306 604 Lucas
3359 564 3570 620 quoque

1997 652 2114 712 post
2153 643 2278 698 illud
2325 644 2390 698 de
2435 640 2666 708 Christo,
2713 641 2979 713 quomodo
3018 651 3162 697 esset
3202 641 3339 695 ﬁlius
3368 641 3569 706 David,

1980 727 2162 804 ‘pauca
2189 734 2257 790 de
2282 735 2514 790 cavenda
2544 733 2811 805 hypocrisi
2839 734 3222 788 Pharisaeorum
3248 747 3574 788 commemo-

1996 835 2097 881 rat.
2131 825 2258 882 lnde
2278 826 2414 881 sicut
2442 826 2648 880 Marcus
2688 825 2856 895 pergit
2892 825 2959 879 ad
3009 824 3256 888 viduam,
3309 838 3428 893 qua:
3468 821 3576 876 duo

1997 918 2197 972 minuta
2241 919 2290 970 in
2317 917 2754 988 gazophylacium
2785 916 2946 970 misit.
2977 914 3182 970 Deinde
3210 912 3481 983 subjungit
3504 911 3573 968 de

1999 1009 2180 1078 templi
2224 1007 2394 1062 futura
2423 1008 2726 1074 eversione,
2763 1006 2903 1078 quod
2942 1005 3220 1061 Matthazus
3245 1015 3300 1060 et
3326 1004 3532 1059 Marcus
3557 1004 3573 1035 ί

2000 1100 2148 1175 (Luc.
2170 1117 2268 1168 xx,
2298 1101 2395 1166 i6;
2414 1117 2523 1169 xxi,
2553 1099 2629 1173 6).

1999 1211 2224 1268 CAPUT
2254 1211 2510 1266 LXXVII.
2525 1242 2599 1254 —
2620 1211 2696 1265 De
2722 1227 2948 1266 sermone
2969 1225 3115 1279 quem
3139 1207 3310 1265 habuit
3333 1207 3386 1261 in
3411 1217 3580 1262 monte

2073 1303 2282 1369 Oliaeti,
2315 1303 2645 1374 quwrentibus
2673 1302 2936 1371 discipulis
2970 1299 3171 1371 quando
3214 1300 3307 1352 erit
3349 1313 3583 1352 consum-

2071 1396 2247 1460 matio,
2277 1394 2697 1465 quemadmodum
2725 1404 2824 1448 tres
2849 1394 2930 1446 isti
2959 1393 3090 1446 inter
3118 1407 3172 1444 se
3195 1398 3498 1460 congruant.

2073 1489 2196 1544 M7.
2235 1487 2483 1558 Sequitur
2503 1485 2782 1540 Mattlneus
2823 1484 3004 1538 dicens
3036 1501 3048 1536 :
3083 1482 3302 1538 Sedente
3326 1489 3493 1533 autem
3521 1495 3582 1532 eo

2001 1596 2152 1649 super
2179 1587 2394 1632 montem
2426 1576 2607 1632 Oliveti
2625 1617 2641 1643 ,
2669 1583 2980 1630 accesserunt
3007 1572 3075 1627 ad
3108 1589 3222 1628 eum
3245 1571 3480 1641 discipuli
3505 1586 3585 1623 se-

2004 1680 2160 1734 creto,
2190 1671 2408 1724 dicentes
2434 1686 2452 1723 :
2478 1668 2574 1722 Dic
2594 1667 2736 1721 nobis
2754 1666 2956 1736 quando
2999 1666 3106 1718 lucc
3147 1673 3291 1717 erunt
3312 1703 3328 1729 ,
3369 1671 3412 1715 et
3449 1661 3585 1729 quod

2004 1761 2202 1830 signum
2228 1761 2466 1813 adventus
2497 1761 2603 1824 tui,
2630 1769 2674 1811 et
2703 1756 3142 1811 consummationis
3174 1751 3366 1808 swculi.
3410 1751 3476 1803 Et
3501 1766 3584 1804 re-

2004 1853 2256 1924 spondens
2279 1851 2314 1905 J
2320 1870 2428 1906 esus
2448 1895 2461 1916 ,
2493 1851 2620 1905 dixit
2655 1851 2725 1905 eis
2747 1868 2766 1903 :
2798 1848 2972 1902 Videte
3008 1867 3069 1904 ne
3096 1850 3204 1918 quis
3230 1864 3315 1900 vos
3357 1845 3582 1898 seducet.

2008 1944 2164 1998 Multi
2211 1945 2340 1997 enim
2382 1944 2575 1997 venient
2616 1943 2668 1995 in
2694 1942 2894 1996 nomine
2919 1957 3029 1995 meo
3062 1941 3300 2001 dicentes,
3325 1935 3438 2006 Ego
3475 1951 3587 1988 sum

2009 2035 2236 2090 Christus
2257 2077 2269 2098 ,
2302 2045 2347 2088 et
2372 2037 2557 2088 multos
2582 2034 2814 2087 seducent
2841 2076 2854 2098 ,
2881 2028 2981 2087 etc.
3005 2072 3020 2097 ,
3053 2046 3218 2100 usque
3243 2029 3307 2082 ad
3338 2028 3462 2081 illud
3495 2026 3588 2081 ubi

2009 2127 2100 2189 ait,
2135 2125 2198 2179 Et
2227 2127 2367 2179 ibunt
2393 2126 2445 2178 hi
2467 2126 2518 2177 in
2547 2123 2849 2194 supplicium
2886 2133 3146 2185 teternum,
3173 2120 3300 2189 justi
3335 2131 3499 2170 autent
3535 2116 3589 2168 in

2010 2218 2160 2271 vitam
2188 2227 2445 2272 (sternam.
2476 2216 2627 2270 Nunc
2660 2218 2768 2283 jam
2801 2215 2954 2268 istum
2996 2213 3256 2282 prolixum
3289 2223 3588 2262 sermonem

2012 2309 2220 2363 Domini
2249 2307 2537 2362 secundum
2564 2317 2672 2360 tres
2691 2305 3074 2374 Evangelistas,
3104 2301 3426 2365 Matthceum,
3450 2298 3605 2352 Mar-.

2012 2417 2131 2456 cum
2159 2411 2209 2456 et
2232 2402 2427 2456 Lucam
2449 2400 2866 2454 consideremus.
2893 2397 3151 2452 Emudem
3179 2395 3371 2466 quippe
3404 2400 3591 2447 tenen-

2015 2502 2099 2548 tes
2147 2493 2387 2547 ordiuem
2437 2492 2636 2561 pariter
2682 2492 2780 2545 ista
2832 2497 3122 2544 contexunt
3171 2485 3392 2557 (Matth.
3447 2498 3590 2550 xxiv,

2015 2584 2083 2648 5;
2107 2599 2229 2647 xxv,
2257 2584 2346 2649 46,
2377 2583 2542 2636 Marc.
2570 2583 2846 2647 xum-57,
2865 2590 2908 2634 et
2932 2580 3054 2633 Luc.
3079 2595 3186 2644 xxi,
3207 2577 3385 2648 7-56).
3406 2575 3596 2630 Dicunt

2016 2674 2229 2745 quidem
2269 2673 2353 2728 hic
2390 2674 2548 2750 etiam
2592 2674 2762 2743 aliqua
2802 2671 2994 2740 singuli
3025 2670 3230 2739 propria
3257 2709 3272 2735 ,
3315 2668 3366 2721 in
3404 2665 3595 2736 quibus

2018 2766 2158 2820 nulla
2188 2774 2270 2819 est
2296 2764 2656 2834 repugnantia:
2683 2762 2961 2817 metuenda
2989 2759 3221 2829 suspicio
3246 2776 3258 2811 :
3282 2757 3349 2812 de
3388 2757 3595 2828 hispan-

2021 2865 2123 2910 tem
2153 2872 2269 2925 qua:
2302 2855 2496 2922 pariter
2525 2855 2726 2915 dicunt.
2755 2852 2941 2906 nemhi
2967 2851 3181 2906 sibimet
3201 2846 3468 2902 adversari
3494 2860 3598 2914 pu-

2022 2955 2218 3010 tentur,
2252 2945 2536 3000 vidcndum
2567 2955 2668 2999 est.
2696 2944 2875 3011 Neque
2904 2941 3044 2997 enim
3066 2940 3168 2994 dici
3205 2947 3395 3007 polest,
3431 2937 3475 2989 si
3502 2935 3598 2989 ali-

2019 3039 2143 3108 quid
2189 3039 2292 3093 tale
2317 3037 2626 3098 occurrcril,
2655 3036 2794 3089 aliud
2841 3051 2959 3088 esse
2984 3044 3141 3102 atque
3165 3032 3287 3086 alibi
3316 3046 3344 3084 a
3375 3029 3598 3084 Domino

2020 3131 2264 3185 similiter
2288 3129 2508 3189 dictum.
2534 3129 2744 3197 quando
2771 3128 2957 3182 eodem
3002 3127 3118 3179 loco
3156 3140 3332 3178 rerum
3373 3137 3435 3177 ac
3460 3130 3598 3174 tem-

2021 3237 2231 3292 porum,
2263 3222 2498 3274 omnium
2546 3220 2700 3272 trium
2732 3226 2970 3272 versatur
2997 3217 3248 3270 narratio.
3280 3215 3418 3268 Sane
3455 3211 3597 3281 quod

2021 3313 2326 3369 earumdem
2372 3311 2754 3367 sententiarum
2803 3326 2830 3361 a
2886 3308 3107 3362 Domino
3149 3307 3440 3370 dictarum,
3492 3318 3600 3357 non

2023 3407 2269 3462 eumdem
2299 3420 2484 3460 omnes
2511 3405 2751 3458 ordinem
2775 3410 3005 3465 servant,
3042 3399 3168 3453 nihil
3197 3399 3261 3452 ad
3295 3413 3404 3452 rem
3436 3397 3602 3465 perti-

2025 3507 2116 3552 net
2145 3499 2224 3550 vel
2257 3495 2648 3566 iutelligeudam
2679 3495 2759 3549 vel
2791 3491 3178 3555 insinttandam,
3220 3489 3343 3542 dum
3383 3504 3445 3542 ea
3481 3502 3602 3556 qua:

2023 3591 2091 3645 ab
2121 3591 2207 3643 illo
2234 3589 2370 3642 dicta
2397 3587 2716 3652 referuntur,
2751 3601 2851 3638 non
2881 3584 3091 3637 sibimet
3121 3582 3487 3642 adversentur.

2100 3684 2220 3739 148.
2249 3681 2398 3749 Quod
2430 3695 2557 3749 ergo
2587 3679 2862 3732 Mattlucus
2888 3678 2958 3729 ait
2977 3717 2991 3741 ,
3034 3675 3097 3728 Et
3125 3671 3477 3745 prtedicabitur
3509 3669 3603 3723 hoc

2026 3775 2356 3846 Evangelium
2420 3776 2559 3843 regni
2601 3773 2654 3825 in
2705 3771 2935 3824 universo
2984 3768 3101 3820 orbe
3151 3767 3202 3819 in
3265 3765 3601 3820 testimonium

2028 3870 2258 3922 omnibus
2285 3865 2510 3938 gentibus
2531 3907 2546 3929 ,
2583 3874 2628 3917 et
2673 3873 2788 3916 tunc
2816 3861 2973 3916 veniet
3008 3859 3405 3921 consummatio;
3444 3857 3604 3911 etiam

2025 3961 2230 4016 Marcos
2259 3959 2443 4013 eodem
2489 3957 2674 4009 ordine
2711 3955 2778 4008 ita
2811 3960 3195 4007 commemorat
3223 3991 3236 4014 ,
3269 3949 3330 4002 Et
3357 3951 3407 4002 in
3437 3965 3605 4002 omnes

2025 4060 2190 4124 gentes
2212 4051 2425 4122 primum
2443 4057 2634 4117 oportet
2656 4044 2922 4116 prtedicari
2942 4041 3264 4111 Evangeliunt
3289 4055 3307 4093 :
3329 4056 3431 4092 non
3451 4039 3602 4102 dixit,

2026 4153 2070 4198 et
2100 4154 2215 4197 tunc
2237 4143 2393 4196 veniet
2414 4139 2812 4203 consummatio;
2833 4137 2924 4192 sed
2946 4136 3049 4190 hoc
3066 4134 3326 4205 significat
3350 4131 3489 4201 quod
3513 4130 3604 4191 ait,

2029 4236 2280 4302 primum,
2315 4233 2364 4286 id
2396 4241 2511 4296 est,
2548 4231 2611 4283 Et
2656 4231 2707 4282 in
2746 4245 2914 4283 omnes
2940 4235 3104 4298 gentes
3154 4226 3372 4296 priurum
3416 4231 3610 4291 oportet

2028 4326 2294 4397 prwdicari
2319 4323 2648 4394 Et‘angelium
2665 4337 2683 4374 :
2699 4321 2818 4389 quia
2837 4319 2908 4372 illi
2925 4319 2990 4371 de
3009 4317 3112 4370 [inc
3133 4316 3606 4382 interrogaverunt.

2028 4417 2158 4470 Cum
2189 4429 2316 4483 ergo
2340 4413 2500 4476 dicit,
2526 4411 2757 4464 Primum
2778 4417 2972 4478 oportet
3007 4407 3057 4459 in
3087 4421 3259 4459 omnes
3279 4411 3448 4474 gentes
3473 4417 3607 4472 prte-

2029 4508 2188 4561 dicari
2223 4503 2552 4575 Evangelium
2577 4544 2592 4568 ,
2622 4501 2882 4571 signiﬁcat
2920 4499 3131 4569 utique,
3167 4497 3386 4568 primum
3412 4537 3427 4564 ,
3455 4503 3608 4548 ante-

2029 4615 2186 4670 quam
2210 4597 2385 4652 veniat
2413 4593 2817 4649 consummatio.

2101 4691 2221 4746 M9.
2265 4690 2389 4743 Item
2429 4687 2568 4758 quod
2603 4686 2880 4740 lliatthzcus
2925 4682 3029 4746 ait,
3075 4680 3201 4736 Cum
3239 4698 3357 4751 ergo
3388 4679 3611 4734 videritis

2028 4783 2447 4837 abominationem
2472 4778 2816 4843 desolationis,
2833 4791 2944 4847 qua:
2967 4775 3101 4827 dicta
3126 4783 3198 4828 est
3214 4790 3244 4826 a
3271 4773 3478 4826 Daniele
3493 4788 3610 4842 pro-

2029 4876 2179 4946 pheta
2199 4917 2214 4941 ,
2242 4883 2452 4927 stantem
2481 4874 2534 4926 in
2562 4872 2670 4926 loco
2699 4878 2904 4933 sancto,
2933 4867 3018 4938 qui
3048 4865 3166 4936 legit
3195 4863 3478 4935 intelligat;
3508 4863 3610 4917 hoc

2028 4967 2233 5022 Marcus
2261 4964 2388 5019 dicit
2417 4950 2488 5017 ita
2516 5005 2530 5028 ,
2569 4962 2694 5017 Cum
2733 4973 2900 5014 autem
2941 4957 3163 5012 videritis
3192 4956 3609 5009 abominationem

2029 5058 2353 5113 desolationis
2379 5064 2589 5109 stantem
2613 5054 2696 5106 ubi
2727 5070 2825 5106 non
2854 5052 2992 5105 debet
3017 5092 3031 5115 ,
3057 5049 3143 5122 qui
3170 5047 3291 5120 legit
3318 5050 3565 5120 intelligat
3590 5065 3610 5102 :

2033 5150 2083 5203 in
2110 5165 2209 5218 qua
2237 5147 2526 5202 mutatione
2549 5144 2690 5198 verbi
2713 5141 2956 5205 esposuit
2980 5142 3222 5198 eamdem
3251 5142 3564 5195 sententiam
3593 5157 3608 5206 ;

2030 5242 2150 5296 ideo
2174 5241 2366 5310 quippe
2386 5239 2466 5292 ubi
2493 5255 2592 5292 non
2621 5236 2775 5302 debet,
2799 5252 2916 5305 quia
2952 5237 3002 5290 in
3030 5237 3146 5291 loco
3173 5251 3357 5291 saneto
3379 5253 3482 5290 non
3515 5237 3612 5292 dc-

2033 5333 2142 5387 bct.
2177 5331 2346 5386 Lucas
2374 5340 2548 5384 autem
2578 5344 2682 5382 non
2707 5330 2801 5394 ait,
2831 5329 2959 5384 Cum
2984 5340 3147 5383 autem
3176 5329 3396 5383 videritis
3420 5329 3614 5382 abomi-

2032 5424 2284 5476 nationem
2309 5421 2633 5474 desolationis
2652 5461 2666 5483 ,
2691 5430 2902 5474 stantem
2931 5419 2980 5472 in
3011 5419 3119 5473 loco
3145 5430 3318 5473 sancto
3333 5434 3353 5483 ;
3381 5427 3500 5482 aut,
3534 5418 3617 5471 ubi

2031 5532 2132 5569 non
2173 5513 2310 5567 debet
2337 5529 2356 5568 :
2380 5513 2473 5567 sed
2501 5513 2593 5574 ait,
2623 5512 2748 5566 Cum
2777 5522 2942 5567 autem
2970 5513 3190 5566 videritis
3223 5512 3529 5580 circmndttri
3555 5510 3616 5564 ab

2097 5654 2111 5682 ³
2139 5649 2362 5721 Ρρδιηιιαξ
2383 5662 2549 5721 vqces,
2569 5647 2694 5718 quod
2721 5647 2964 5721 tltntthtrus
2981 5653 3026 5697 et
3045 5656 3258 5721 glareas,
3282 5646 3460 5721 addunt
3485 5653 3574 5695 mss
3596 5677 3613 5716 ε

2029 5718 2210 5824 sqfrgip
2230 5709 2478 5822 discip‘ulis
2497 5703 2746 5761 Ifeiniman
2766 5707 3160 5772 interregantibus
3184 5703 3307 5773 quod
3328 5706 3514 5772 signant
3536 5703 3614 5758 sui

2031 5788 2061 5824 ιι
2097 5787 2124 5823 υ
2205 5786 2258 5824 us
2274 5786 2375 5825 esse
2393 5807 2412 5821 η
