4082 6456
494 351 623 412 "5i

492 471 711 527 erercitu
735 466 1042 533 Jerusalem,
1070 476 1187 520 tunc
1209 464 1381 519 scitote
1402 461 1523 534 quia
1543 455 1967 530 appropinquavit
1988 455 2080 509 de-

491 559 674 617 solatio
699 563 826 632 ejus.
849 560 1000 615 Tune
1026 559 1126 614 erit
1153 570 1281 628 ergo
1305 553 1627 609 abominatio
1650 547 1997 607 desolationis
2020 546 2076 602 in

494 657 613 712 loco
640 666 843 711 sancto.
1293 714 1303 723 ,
2048 638 2053 645 ’

567 746 692 801 150.
722 744 874 812 Quod
904 750 1079 796 autem
1104 741 1179 795 ait
1203 738 1480 794 Matthmus
1498 779 1513 804 ,
1543 736 1684 790 Tunc
1703 735 1788 804 qui
1815 734 1866 787 in
1890 731 2076 786 Judtea

490 845 628 903 sunt,
652 836 847 908 fugiant
884 834 952 887 ad
977 842 1199 896 montes;
1223 841 1270 885 et
1294 829 1380 898 qui
1406 830 1459 882 in
1488 837 1612 883 tecto
1632 869 1647 893 ,
1679 843 1780 880 non
1809 823 2087 878 descendat

492 926 667 981 tollere
689 923 881 994 aliquid
903 922 966 977 de
994 923 1143 976 domo
1179 937 1308 985 sua;
1337 929 1383 975 et
1409 920 1494 991 qui
1526 919 1579 972 in
1613 934 1755 988 agro,
1783 933 1883 970 non
1907 930 2075 969 rever-

492 1024 629 1069 tatur
663 1014 837 1068 tollere
873 1014 1102 1067 tunicam
1133 1028 1315 1077 suam;
1352 1010 1571 1065 totidem
1605 1023 1740 1078 pene
1768 1007 1945 1062 verbis
1973 1006 2076 1060 hoc

490 1106 653 1160 etiam
687 1104 893 1160 Marcus
936 1111 1335 1159 commemorat.
1378 1102 1546 1156 Lucas
1571 1109 1779 1164 autem,
1814 1098 1953 1152 Tunc
1988 1098 2076 1169 qui

489 1195 542 1249 in
561 1193 748 1249 ludam
769 1204 906 1259 sunt,
939 1195 1127 1264 inquit,
1157 1195 1351 1264 fugiant
1377 1193 1430 1247 in
1449 1200 1640 1245 montes
1668 1209 1686 1245 :
1708 1191 1809 1245 hoc
1831 1189 1970 1244 sicut
1998 1189 2073 1243 illi

488 1287 624 1349 duo;
653 1297 855 1341 emtera‘
877 1302 1005 1342 vero
1029 1286 1199 1341 aliter.
1236 1285 1484 1355 Sequitur
1522 1284 1663 1338 enim
1684 1324 1700 1348 ,
1734 1292 1788 1338 et
1808 1282 1935 1337 dicit
1958 1321 1973 1346 ,
2008 1280 2101 1340 Et.

487 1379 574 1447 qui
601 1379 653 1432 in
681 1379 846 1432 medio
868 1381 975 1450 ejus
994 1421 1010 1444 ,
1038 1379 1331 1440 discedant;
1359 1386 1406 1430 et
1429 1376 1516 1446 qui
1543 1377 1594 1429 in
1623 1374 1906 1447 regionibus
1923 1415 1939 1440 ,
1971 1390 2073 1427 non

486 1462 674 1516 intrent
700 1463 752 1516 in
774 1478 886 1516 eam
914 1478 934 1516 :
957 1462 1075 1533 quia
1101 1463 1213 1516 dies
1229 1461 1435 1515 ultionis
1462 1460 1514 1514 hi
1532 1470 1667 1525 sunt,
1690 1469 1744 1514 ut
1768 1462 2074 1530 impleantur

488 1553 660 1605 omnia
695 1568 808 1621 qua:
840 1553 1027 1622 scripta
1054 1562 1187 1607 sunt.
1226 1552 1366 1607 Satis
1404 1552 1673 1606 diversum
1701 1551 1908 1607 videtur
1929 1550 2083 1620 quod:

491 1641 570 1697 illi
595 1642 701 1696 duo
737 1642 1016 1705 dixerunt,
1047 1642 1113 1696 Et
1137 1644 1223 1712 qui
1255 1658 1408 1706 super
1433 1651 1610 1696 tectum
1632 1684 1647 1708 ,
1678 1659 1778 1696 non
1808 1641 2075 1696 descendat

488 1734 664 1789 tollere
686 1735 885 1800 aliquid
903 1735 966 1788 de
993 1734 1144 1789 domo
1166 1750 1296 1798 sua;
1319 1745 1373 1790 et
1399 1735 1538 1805 quod
1571 1736 1669 1789 iste
1697 1734 1821 1788 dicit
1841 1776 1856 1800 ,
1896 1734 1959 1788 Et
1986 1735 2085 1805 qui-

487 1824 543 1878 in
576 1825 740 1879 medio
777 1827 886 1895 ejus
905 1866 922 1892 ,
961 1826 1221 1880 discedunt
1250 1843 1269 1881 :
1304 1827 1404 1881 nisi
1433 1827 1566 1881 forte
1595 1827 1717 1896 quia
1748 1826 2074 1895 perturbatio

488 1931 678 1985 magna
703 1917 801 1971 erit
828 1928 932 1971 tam
959 1933 1153 1988 magno
1176 1918 1404 1973 instante
1430 1918 1666 1988 pericqu
1685 1961 1700 1985 ,
1732 1918 1804 1972 illi
1829 1933 1964 1988 quos
1992 1918 2075 1971 in-

487 2007 733 2063 clusisset
755 2008 987 2073 obsidio,
1004 2009 1143 2078 quod
1161 2010 1422 2080 signiﬁcat
1446 2009 1694 2075 dicendo,
1716 2011 1802 2080 qui
1828 2012 1880 2064 in
1907 2011 2084 2065 rnedio-

490 2100 621 2169 ejus,
647 2100 699 2154 in
727 2110 864 2156 tecto
889 2113 1045 2156 erunt
1064 2104 1269 2156 attoniti
1291 2111 1347 2157 et
1365 2102 1607 2157 volentes
1625 2102 1804 2158 videre
1830 2103 1952 2173 quid
1977 2103 2075 2158 im-

494 2190 753 2259 pendeat,
781 2192 861 2245 vel
900 2208 998 2260 qua
1039 2192 1369 2248 evadendum
1412 2194 1498 2246 sit.
1533 2193 1640 2249 Sed
1667 2195 1933 2264 quomodo
1959 2196 2069 2259 ait,

487 2280 766 2343 discedant,
790 2282 1003 2350 quando
1031 2298 1189 2350 supra
1210 2283 1372 2347 dixit,
1389 2300 1503 2336 cum
1529 2294 1696 2338 autem
1724 2285 1945 2339 videritis
1965 2290 2068 2339 cir-

486 2369 716 2423 cumdari
744 2370 805 2424 ab
831 2373 1047 2425 exercitu
1070 2370 1397 2428 Jerusalem?
1414 2373 1546 2427 Nam
1579 2374 1707 2429 illud
1732 2377 1870 2445 quod
1896 2376 2079 2447 sequi-

490 2470 603 2525 tur,
627 2460 728 2527 Qui
755 2461 807 2514 in
836 2461 1138 2532 regionibus,
1172 2478 1272 2517 non
1300 2464 1487 2518 intrent
1524 2466 1576 2519 in
1605 2481 1736 2531 eam,
1769 2467 1979 2521 videtur
2005 2467 2073 2522 ad

485 2564 773 2620 congruam
810 2553 1077 2621 pertinere
1115 2552 1563 2619 admouitiOnem;
1593 2565 1645 2610 et
1674 2566 1849 2625 potest
1881 2558 2073 2613 obser-

487 2641 622 2703 vari.
650 2653 707 2696 ut
732 2643 822 2712 qui
847 2652 996 2698 extra
1018 2655 1143 2700 sunt
1167 2661 1271 2700 non
1299 2647 1350 2700 in
1375 2663 1491 2701 eam
1521 2648 1716 2703 intrent
1742 2668 1753 2702 :
1783 2652 1870 2719 qui
1894 2660 2072 2706 autem

487 2731 540 2786 in
570 2733 749 2788 medio
771 2742 898 2789 sunt
918 2777 933 2798 ,
964 2734 1232 2804 quomodo
1257 2737 1535 2793 discedant
1554 2779 1570 2808 ,
1603 2741 1670 2794 ab
1699 2742 1937 2796 exercitu
1959 2742 2070 2811 jam

484 2821 703 2878 civitate
731 2824 1094 2880 circumdata?
1122 2828 1204 2882 An
1246 2829 1345 2884 hoc
1387 2839 1470 2884 est
1504 2844 1623 2884 esse
1661 2831 1714 2885 in
1752 2831 1916 2885 medio
1940 2834 2070 2902 ejus,

486 2911 698 2980 mutulo
718 2912 829 2982 jam
860 2914 1245 2983 itaperieulum
1276 2918 1503 2988 urgebit,
1536 2928 1593 2973 ut
1620 2921 1980 2988 temporaliter
2005 2922 2071 2975 ad

491 3011 809 3070 praesentem
838 3005 998 3058 vitam
1029 3007 1275 3062 tuendam
1304 3024 1418 3063 nun.
1446 3011 1611 3078 possit
1638 3011 1820 3075 eradi;
1849 3022 1904 3066 et
1939 3027 2073 3081 quo—

489 3092 632 3146 niam
662 3101 785 3148 tunc
811 3104 991 3163 parata
1017 3096 1172 3151 debet
1194 3110 1313 3153 esse
1337 3099 1521 3154 anima
1537 3115 1602 3155 ac
1627 3100 1811 3168 libera,
1836 3116 1936 3158 nec
1957 3118 2074 3158 car-

492 3183 698 3238 nalibus
722 3184 1000 3241 desideriis
1024 3199 1277 3259 occupata
1304 3200 1358 3245 et
1378 3207 1652 3261 oppressa,
1682 3193 1784 3249 hoc
1812 3195 2074 3265 signiﬁcat

491 3272 633 3341 quod
674 3273 743 3329 ab
789 3276 891 3331 illis
926 3277 1133 3332 duobus
1166 3278 1368 3334 dictum
1415 3290 1527 3347 estr
1554 3284 1606 3336 in
1648 3292 1800 3349 tecto,
1816 3286 1894 3339 vel
1922 3303 2074 3355 super

490 3374 670 3418 tectum
694 3381 713 3420 :
740 3376 798 3420 ut
822 3367 962 3437 quod
989 3369 1088 3423 iste
1107 3369 1200 3434 ait,
1227 3371 1514 3439 discedant,
1537 3373 1584 3427 id
1611 3383 1693 3428 est
1713 3390 1816 3428 non
1833 3376 1942 3445 jam
1972 3376 2072 3431 bu-

488 3456 575 3524 jus
600 3457 722 3513 vita:
754 3458 1019 3513 desiderio
1053 3462 1347 3530 Copiantur,
1386 3462 1479 3516 sed
1512 3464 1563 3517 in
1592 3464 1749 3519 aliam
1784 3467 1944 3520 vitam
1973 3467 2074 3521 mi-

489 3550 649 3616 grare'
670 3549 836 3616 parati
864 3550 997 3615 sint;
1031 3550 1143 3604 hoc.
1161 3550 1235 3605 illi
1263 3553 1371 3607 duo
1396 3554 1647 3622 dixerint,
1679 3573 1778 3610 non
1807 3557 2073 3612 descendat

490 3636 667 3692 tollere
688 3637 882 3709 aliquid
909 3641 971 3694 de
991 3640 1141 3696 domo
1163 3682 1179 3706 ,
1209 3643 1261 3697 id
1289 3653 1371 3699 est
1399 3646 1543 3699 nullo
1568 3646 1757 3701 all'ectu
1787 3650 2073 3704 inclinetur

492 3728 545 3781 iu
575 3730 790 3785 carne'm
820 3740 1068 3801 tanquam
1106 3734 1303 3804 aliquid
1335 3738 1455 3791 inde
1488 3741 1759 3794 emnmodi
1789 3751 2071 3810 perceptu-

491 3833 584 3873 rus
609 3837 624 3874 :
652 3830 705 3875 et
735 3823 874 3891 quod
905 3823 1005 3879 iste
1032 3827 1135 3889 ait,
1156 3825 1254 3890 Qui
1278 3828 1332 3881 in
1359 3831 1666 3900 regionibus,
1684 3849 1783 3886 nou
1807 3835 1990 3888 intrent
2019 3836 2073 3891 in

490 3925 622 3973 eam,
641 3910 693 3964 id
720 3923 826 3979 est,
851 3915 938 3983 qui
958 3915 1068 3985 jam
1092 3916 1429 3974 bonoeordis
1456 3924 1725 3990 proposito
1750 3936 1899 3981 extra
1929 3927 2072 3984 illam

491 3997 613 4053 iacti
641 4010 785 4066 sum,
819 4019 922 4057 non
959 4021 1074 4059 eam
1104 4024 1287 4063 rursus
1313 4012 1512 4065 carnali
1543 4014 1829 4082 cupiditate
1856 4003 2071 4073 deside-

491 4097 650 4155 rent;
681 4091 781 4145 hoc
804 4093 873 4147 illi
900 4094 1149 4162 dixerint,
1184 4098 1245 4151 Et
1268 4100 1357 4170 qui
1380 4101 1430 4153 in
1460 4119 1583 4172 agro
1611 4112 1701 4168 est,
1731 4122 1829 4159 non
1857 4121 2075 4163 reverta-

493 4192 578 4236 tur
602 4194 734 4237 retro
771 4185 948 4241 tollere
991 4189 1335 4243 uestimentum
1375 4208 1555 4257 suum,
1590 4203 1839 4265 tanquam
1879 4200 2071 4255 iterum

493 4273 689 4330 involvi
713 4278 857 4333 curis
885 4279 1075 4348 quibus
1100 4289 1216 4336 erat
1242 4286 1473 4339 exutus?

564 4366 690 4422 151.
719 4367 871 4434 Quod
897 4385 1024 4426 vero
1044 4371 1119 4425 ait
1143 4371 1448 4440 Matthaeus,
1482 4374 1637 4431 Orate
1664 4387 1831 4433 autem
1850 4422 1873 4448 ,
1893 4389 1948 4434 ut
1971 4399 2073 4438 non

491 4456 583 4525 [iat
606 4459 731 4530 fuga
756 4470 916 4515 uestra
935 4462 1097 4518 hieme
1117 4465 1194 4518 uel
1217 4465 1420 4520 sabbato
1439 4485 1463 4533 ;
1484 4468 1607 4525 hinc
1631 4470 2070 4542 Marcus-partem

488 4547 642 4614 dixit,
674 4560 874 4619 partem
900 4555 1062 4609 tacuit
1094 4572 1105 4607 :
1141 4556 1294 4611 Orate
1322 4575 1462 4621 vero,
1485 4560 1678 4631 inquit,
1704 4574 1758 4618 ut
1787 4565 1951 4621 hieme
1969 4584 2071 4623 non

490 4639 638 4706 ﬁant.
664 4641 836 4697 Lucas
859 4653 1034 4700 autem
1062 4646 1164 4702 hoc
1184 4665 1287 4703 non
1317 4650 1469 4717 dixit,
1498 4652 1592 4708 sed
1617 4663 1791 4711 tamen
1819 4656 1952 4712 dixit
1973 4660 2069 4713 ali-

489 4731 615 4824 quid
644 4735 791 4790 solus
813 4777 829 4803 ,
859 4753 965 4808 quo
1006 4741 1132 4795 mihi
1173 4743 1414 4800 videatur
1447 4746 1583 4803 hanc
1622 4750 1788 4819 ipsam
1812 4794 1827 4815 ,
1858 4769 1976 4824 qua:
2001 4756 2071 4813 ab

490 4823 607 4879 istis
649 4826 874 4882 obscure
916 4832 1085 4898 posita
1121 4842 1202 4887 est
1224 4875 1238 4896 ,
1273 4835 1567 4894 illustrasse
1606 4823 1921 4898 sententiam
1956 4847 2071 4901 :ait

488 4916 653 4981 enim,
683 4917 935 4973 Attendite
969 4932 1138 4976 autem
1170 4925 1304 4978 vobis
1326 4944 1430 4992 ,ne
1457 4932 1589 4999 forte
1619 4943 1884 5002 graventur
1913 4938 2069 4991 corda

487 5015 650 5061 vestra
689 5008 745 5061 in
772 5011 1011 5079 crapula,
1040 5021 1087 5065 et
1123 5012 1387 5081 ebrietate,
1421 5026 1466 5072 et
1508 5021 1641 5075 curis
1666 5021 1817 5091 hujus
1846 5026 1990 5090 vitm,
2021 5036 2069 5080 et

488 5102 804 5166 superveniat
824 5104 876 5156 in
905 5118 990 5158 uos
1017 5108 1277 5175 repentina
1301 5109 1405 5163 dies
1431 5110 1521 5164 illa
1551 5128 1567 5165 ξ
1592 5123 1830 5183 tanquam
1859 5117 2065 5186 laqueus

374 5262 387 5275 .
489 5189 622 5242 enim
654 5193 962 5259 superveniet
986 5195 1038 5247 in
1064 5211 1233 5251 omnes
1252 5198 1334 5266 qui
1363 5199 1533 5252 sedent
1551 5218 1702 5271 super
1726 5204 1908 5272 facient
1937 5207 2069 5263 orbis

488 5286 652 5369 terrae.
695 5279 908 5353 Vigilate
935 5284 1101 5354 itaque
1124 5327 1137 5349 ,
1172 5288 1312 5341 omni
1338 5300 1558 5360 tempore
1581 5305 1777 5348 orantes
1797 5336 1810 5358 ,
1843 5306 1898 5349 ut
1927 5299 2067 5369 digni

489 5367 773 5423 habeamini
804 5370 977 5443 fugere
1010 5375 1107 5427 ista
1136 5378 1305 5430 omnia
1330 5394 1442 5448 qua:
1463 5384 1636 5452 futura
1660 5394 1792 5438 sunt.
1830 5386 1952 5442 llmc
1981 5367 2065 5443 in-

491 5459 743 5530 telligitur
766 5460 909 5531 fuga,
926 5479 1083 5534 quam
1109 5465 1389 5523 Mattbuaus
1401 5483 1801 5539 commemorat,
1816 5492 1933 5547 qum
1957 5494 2064 5534 non

487 5550 646 5607 debet
675 5553 787 5608 ﬁeri
812 5554 989 5610 hieme
1008 5558 1091 5612 vel
1113 5559 1351 5614 sabbato.
1382 5561 1461 5615 Ad
1490 5561 1716 5619 hiemem
1740 5578 1915 5622 autem
1946 5585 2064 5638 per-

488 5642 660 5697 tinent
688 5658 830 5699 cnrm
859 5645 1014 5717 hujus
1034 5648 1175 5715 vitm,
1202 5665 1333 5720 quas
1354 5650 1523 5709 Lucas
1547 5666 1728 5724 aperte
1757 5660 1970 5726 posuit:
1996 5661 2064 5718 ad

488 5733 765 5793 sabbatum
780 5753 910 5805 vero
925 5741 1137 5813 crapula
1160 5751 1213 5800 et
1230 5744 1477 5803 ebrietas.
1496 5748 1649 5806 Cura:
1671 5751 1865 5825 quippe
1883 5755 2060 5811 tristes

1314 345 1400 402 DE
1435 339 1779 402 CONSENSU
1821 334 2469 405 EVANGELIS'I‘ARUM,
2509 337 2565 396 S.
2608 340 2975 398 AUGUSTIN!

3607 347 3747 402 H53

2180 462 2303 508 sunt
2329 455 2472 510 velut
2513 454 2684 511 hiems
2715 472 2730 510 :
2759 456 2972 525 crapula
3000 460 3226 513 vero'et
3258 457 3487 514 ebrietas
3508 502 3522 525 ,
3554 463 3755 516 curuati

2180 545 2359 601 lzetitia
2391 547 2699 616 luxuriaque
2728 562 2822 601 cor
2848 548 3140 618 submergit
3174 560 3334 617 atque
3367 550 3582 614 obruit;
3614 553 3756 621 quod

2179 637 2376 691 malum
2423 636 2625 691 sabbati
2673 637 2887 692 nomine
2927 648 3201 708 propterea
3248 639 3600 707 signiﬁcatum
3650 652 3755 708 est,

2178 727 2300 795 quia
2356 725 2470 780 hare
2510 735 2623 782 erat
2658 726 2789 796 jam,
2838 728 2993 781 sicuti
3036 735 3091 782 et
3136 743 3277 783 nunc
3318 739 3399 783 est
3445 729 3753 785 Judaeorum

2182 816 2406 885 pessima
2444 818 2774 871 consuetudo
2798 860 2813 883 ,
2854 818 2947 873 illo
2975 818 3061 875 die
3097 819 3305 875 deliciis
3338 821 3605 888 allicere,
3627 822 3753 876 dum

2179 905 2454 973 spirituale
2491 908 2765 961 sabbatum
2795 908 3057 978 ignorant.
3087 912 3192 964 Aut
3222 910 3267 964 si
3295 911 3493 980 aliquid
3521 910 3679 966 aliud
3701 913 3755 967 in

2180 998 2283 1054 illis
2303 999 2591 1054 secundum
2611 1000 2911 1054 Matthaeum
2936 1011 2988 1055 et
3009 1001 3241 1056 Marcum
3264 1003 3441 1057 verbis
3460 1004 3760 1073 intelligen-

2178 1089 2304 1144 dum
2350 1098 2453 1157 est,
2501 1090 2698 1161 aliquid
2749 1091 2892 1145 aliud
2945 1093 3105 1146 etiam
3148 1092 3321 1147 Lucas
3363 1094 3576 1160 dixerit,
3623 1094 3752 1148 dum

2179 1189 2355 1236 tamen
2391 1182 2533 1236 nulla
2580 1184 2941 1253 repugnantia:
2983 1185 3205 1252 quaestio
3242 1193 3537 1239 moveatur.
3570 1185 3754 1256 Neque

2178 1272 2318 1326 enim
2349 1287 2489 1327 nunc
2532 1273 2814 1343 Evangelia
2852 1273 3165 1343 exponenda
3201 1276 3566 1344 suscepimus,
3595 1276 3691 1331 sed
3719 1291 3769 1331 ³η

2176 1363 2419 1418 falsitatis
2446 1364 2529 1418 vel
2554 1363 2770 1419 fallacia:
2789 1364 3067 1420 calumniis
3090 1365 3443 1420 defendenda.
3477 1366 3592 1420 Alia
3623 1379 3769 1420 vero.

2180 1470 2299 1525 qua:
2329 1456 2380 1510 in
2410 1455 2509 1510 hoc
2537 1470 2785 1511 sermone
2809 1455 3085 1511 Matthmus
3107 1457 3281 1526 posuit
3303 1458 3602 1513 communia
3626 1470 3749 1513 cum

2182 1547 2379 1614 Marco,
2404 1548 2533 1602 nihil
2549 1548 3069 1618 habent‘qutestionis
3093 1566 3106 1602 :
3129 1564 3249 1619 qum
3260 1556 3437 1602 autem
3452 1563 3571 1602 cum
3586 1549 3751 1616 Luca.

2180 1657 2285 1696 non
2313 1642 2365 1696 in
2396 1643 2496 1697 hoc
2522 1656 2768 1696 sermone
2793 1641 2963 1695 Lucas
2989 1655 3051 1695 ea
3080 1642 3275 1710 posuit,
3297 1639 3449 1711 cujus
3474 1641 3596 1696 huic
3615 1641 3754 1696 ordo

2175 1734 2490 1795 ecueordat:
2513 1733 2609 1789 sed
2634 1734 2757 1789 alibi
2784 1733 2908 1788 talia
2932 1734 3016 1789 vel
3044 1733 3356 1789 recordatur
3379 1742 3539 1804 atque
3563 1735 3754 1789 inserit

2179 1827 2691 1897 prmoccupando,ut
2736 1828 2882 1896 prius
2917 1835 3301 1881 commemoret
3336 1841 3456 1896 qua:
3503 1836 3686 1895 postea
3723 1841 3756 1880 a

2176 1920 2401 1973 Domino
2438 1919 2578 1974 dicta
2604 1927 2757 1982 sunt;
2792 1919 2872 1972 vel
2904 1919 2986 1972 bis
3022 1933 3054 1973 a
3083 1919 3309 1972 Domino
3335 1918 3475 1972 dicta
3518 1918 3642 1973 facit
3669 1919 3752 1971 in-

2179 2010 2338 2080 lelligi
2360 2053 2375 2076 ,
2404 2019 2457 2065 et
2481 2025 2622 2066 nunc
2646 2011 2935 2066 secundum
2965 2009 3267 2065 Mattbaaum
3286 2051 3300 2075 ,
3329 2019 3385 2065 et
3413 2019 3536 2064 tunc
3563 2025 3758 2066 secun-

2175 2100 2301 2155 dum
2326 2102 2519 2169 ipsum.

2176 2189 2403 2246 CAPUT
2425 2190 2701 2246 LXXVIII.
2730 2220 2804 2233 -—
2828 2190 2978 2256 Quod
2999 2200 3396 2245 commemorant
3418 2184 3690 2245 Mattheus
3706 2199 3757 2244 et

2247 2282 2455 2337 Marcus
2481 2292 2598 2338 ante
2622 2284 2828 2338 biduum
2852 2287 3037 2356 futura:
3066 2283 3298 2350 Pascha,
3317 2294 3364 2338 et
3384 2294 3557 2355 postea
3581 2285 3756 2338 dicunt

2245 2376 2380 2448 quod
2403 2377 2456 2431 in
2478 2377 2726 2431 Bethania
2752 2378 2865 2448 fuit,
2883 2378 3133 2446 quomodo
3158 2393 3260 2431 non
3277 2387 3521 2449 repugnet
3538 2376 3754 2440 Joanni,

2244 2470 2330 2539 qui
2343 2468 2469 2523 'cum
2500 2469 2623 2540 ipsis
2647 2478 2821 2523 narrat
2842 2470 2936 2523 hoc
2955 2469 3087 2523 idem
3114 2482 3249 2539 quoa
3265 2470 3456 2538 factum
3476 2478 3549 2524 est
3568 2470 3620 2523 in
3649 2468 3763 2522 Be-

2248 2560 2440 2625 thania,
2468 2569 2515 2613 et
2540 2560 2684 2627 dicit,
2715 2563 2853 2615 Ante
2874 2574 2971 2615 sex
2993 2559 3108 2615 dies
3130 2560 3364 2615 Paschae.

2247 2652 2368 2707 152.
2417 2652 2666 2722 Sequitur
2691 2651 2968 2707 Matthzeus
2997 2669 3010 2706 :
3047 2651 3109 2705 Et
3133 2655 3323 2723 factum
3357 2660 3452 2718 est,
3473 2668 3592 2705 cum
3626 2667 3755 2705 con-

2174 2754 2466 2798 summasset
2493 2742 2649 2799 Iesus
2679 2761 2930 2799 sermones
2956 2744 3047 2798 hos
3084 2760 3287 2810 omnes,
3327 2744 3456 2798 dixit
3493 2745 3764 2813 discipuli:

2174 2833 2279 2887 suis
2307 2848 2325 2886 :
2354 2832 2505 2887 Scitis
2530 2835 2647 2900 quia
2674 2844 2783 2902 post
2809 2834 3013 2886 biduum
3045 2833 3245 2886 Pascha
3265 2834 3372 2901 ﬁet;
3396 2842 3442 2886 et
3469 2832 3632 2887 Filius
3655 2833 3756 2885 ho-

2174 2925 2323 2978 minis
2347 2923 2568 2977 tradetur
2593 2933 2646 2977 ut
2674 2924 2998 2992 cruciﬁqatur
3017 2923 3225 2993 (Matth.
3260 2939 3405 2989 xxvr,
3436 2925 3485 2985 i,
3514 2921 3594 2992 2).
3620 2923 3762 2978 Huic

2175 3024 2491 3070 altestantur
2514 3016 2602 3070 alii
2646 3016 2751 3070 duo
2794 3016 2999 3070 Marcus
3037 3025 3099 3070 et
3116 3015 3286 3070 Lucas
3307 3056 3324 3081 ,
3352 3016 3421 3069 ab
3444 3017 3631 3070 eodem
3655 3030 3759 3069 or-~

2174 3106 2299 3162 dine
2332 3122 2434 3161 non
2461 3107 2774 3161 recedentes
2812 3105 3002 3177 (Marc.
3033 3121 3141 3169 xlv,
3186 3107 3237 3170 l,
3265 3116 3312 3160 et
3338 3105 3463 3159 Luc.
3503 3121 3640 3170 xm,
3669 3104 3751 3177 l).

2173 3202 2356 3269 Neque
2384 3199 2485 3254 hoc
2511 3209 2756 3269 tanquam
2779 3215 2817 3252 av
2839 3199 3061 3252 Domino
3088 3198 3286 3252 dictum
3320 3198 3617 3262 insinuant;
3649 3198 3761 3252 bne

2174 3293 2317 3348 enim
2345 3292 2586 3346 intimare
2611 3291 3061 3360 pnetermiserunt
3083 3307 3095 3341 :
3120 3304 3300 3343 cx-sua
3320 3297 3496 3343 tamen
3522 3303 3759 3358 persona

2173 3392 2229 3438 et
2257 3383 2465 3437 Marcus
2498 3383 2647 3449 dicit,
2682 3382 2997 3436 Erat'autem
3026 3380 3226 3434 Pascha
3254 3390 3302 3435 et
3329 3397 3509 3451 azyma
3541 3389 3653 3451 post
3673 3381 3755 3433 bis

2175 3475 2366 3539 duum;
2408 3483 2460 3530 et
2506 3474 2707 3540 Lucas,
2758 3473 3204 3544 Appropinquabat
3242 3482 3409 3526 autem
3451 3472 3558 3526 dies
3599 3476 3758 3543 festus

2174 3584 2467 3639 azymorum
2491 3608 2504 3631 ,
2532 3568 2617 3635 qui
2643 3567 2827 3620 dicitur
2857 3566 3070 3621 Pascha.
3097 3565 3187 3621 Sic
3206 3580 3334 3635 ergo
3360 3565 3755 3634 appropinqua-

2166 3660 2301 3733 bat,
2334 3669 2391 3714 nt
2432 3668 2575 3716 esset
2617 3668 2733 3729 post
2772 3659 2985 3715 biduum
3012 3699 3029 3724 ,
3067 3660 3204 3714 sicut
3248 3658 3336 3712 alii
3375 3657 3485 3711 duo
3517 3657 3758 3726 apertius

2173 3758 2488 3805 consonant.
2516 3750 2746 3805 Joannes
2775 3765 2900 3803 vero
2929 3750 3096 3803 tribus
3125 3749 3338 3819 quidem
3367 3749 3495 3803 locis
3517 3762 3760 3801 comme-

2174 3843 2401 3896 moravit
2428 3842 2667 3910 ejusdem
2695 3842 2797 3896 diei
2824 3841 3413 3910 festi-propinquitatem
3438 3883 3453 3903 ,
3484 3854 3606 3894 cum
3647 3839 3757 3893 alia

2175 3933 2414 4005 qumdam
2458 3934 2664 3988 duobus
2709 3933 3070 4001 superioribus
3109 3932 3238 3986 locis
3277 3939 3515 3986 narraret
3546 3949 3561 3985 :
3589 3931 3753 3985 tertio

2175 4035 2348 4080 autem
2379 4025 2497 4080 loco
2533 4034 2751 4094 apparet
2793 4024 2907 4094 ejus
2950 4025 3184 4078 narratio
3222 4024 3363 4078 circa
3400 4023 3509 4091 ipsa
3551 4021 3754 4075 versari

2176 4125 2413 4184 tempora
2435 4159 2447 4177 .
2477 4117 2563 4169 ubi
2595 4116 2694 4170 hoc
2721 4116 2879 4170 etiam
2912 4115 2983 4169 illi
3015 4124 3119 4168 tres
3145 4115 3385 4168 intimaut
3405 4154 3421 4178 ,
3452 4111 3503 4166 id
3536 4121 3619 4167 est
3651 4112 3757 4164 im-

2172 4205 2452 4278 pendentis
2485 4206 2594 4275 jam
2619 4206 2899 4261 dominica:
2926 4205 3184 4276 passionis
3208 4203 3388 4275 (Joan.
3423 4219 3497 4271 ιι,
3526 4203 3616 4267 55,
3648 4217 3753 4267 ιιι,

2178 4298 2230 4362 1,
2258 4308 2304 4349 et
2332 4312 2444 4357 xm,
2480 4296 2557 4364 I).

2246 4388 2367 4443 I55.
2386 4388 2489 4442 Sed
2523 4388 2622 4441 hoc
2643 4387 2809 4442 videri
2834 4395 3004 4457 potest
3026 4402 3209 4456 parum
3236 4386 3518 4454 diligenter
3542 4384 3756 4438 ἰηιιιειι-

2177 4477 2316 4532 tibus
2367 4494 2485 4532 esse
2535 4478 2879 4541 contrarium,
2931 4477 3071 4547 quod
3128 4476 3406 4529 Matthzeus
3449 4481 3506 4530 et
3544 4473 3757 4529 Marcus

2174 4579 2515 4640 posteaquam
2553 4571 2801 4626 dixerunt
2845 4568 3045 4623 Pascha
3079 4578 3200 4639 post
3240 4566 3454 4621 biduum
3481 4564 3753 4630 ~futurum,

2173 4663 2365 4718 deinde
2392 4671 2944 4717 commemoraverunt
2970 4660 3113 4731 quod
3148 4670 3261 4714 erat
3293 4658 3449 4713 Jesus
3477 4658 3527 4711 in
3559 4656 3754 4712 Betha-

2172 4754 2257 4808 nia
2280 4795 2294 4818 ,
2323 4754 2410 4808 ubi
2449 4753 2517 4809 de
2558 4761 2828 4822 unguento
2868 4752 2957 4805 illo
2993 4751 3225 4822 pretioso
3256 4749 3448 4804 dicitur
3475 4764 3490 4804 :
3516 4747 3754 4803 Joannes

2173 4855 2348 4901 autem
2386 4854 2511 4903 ante
2538 4862 2629 4900 sex
2661 4845 2776 4900 dies
2813 4844 3030 4899 Pascha:
3071 4844 3202 4897 dicit
3240 4842 3423 4899 Jesum
3452 4842 3667 4898 venisse
3692 4842 3746 4895 in

2171 4936 2520 5001 Bethaniam,
2565 4936 2632 4990 de
2673 4944 2940 5003 unguento
3004 4934 3191 4990 eadem
3263 4945 3572 4988 narraturus
3617 4931 3752 5003 (Id.

2175 5044 2268 5095 xu,
2295 5030 2371 5101 l).
2403 5028 2682 5095 Quomodo
2718 5027 3143 5097 ergosecundum‘
3171 5026 3294 5080 illos
3329 5025 3484 5090 duos,
3517 5033 3639 5094 post
3669 5024 3749 5077 bi-

2170 5122 2333 5177 duum
2385 5120 2613 5175 luturum
2670 5128 2787 5174 erat
2834 5118 3033 5173 Pascha
3060 5158 3075 5184 ,
3122 5132 3243 5172 cum
3290 5127 3635 5186 posteaquam
3692 5116 3745 5169 id

2171 5211 2458 5276 dixerunt,
2488 5211 2822 5265 inveniantur
2845 5224 2964 5264 cum
3002 5208 3210 5263 Joanne
3239 5209 3289 5262 in
3333 5208 3583 5261 Bethania
3616 5207 3743 5261 illud

2170 5302 2237 5357 de
2267 5311 2532 5372 unguento
2570 5301 2715 5372 quod
2749 5301 2863 5370 ipse
2896 5309 3175 5355 narrantes
3198 5341 3213 5363 ,
3252 5308 3381 5355 tunc
3412 5309 3588 5353 autem
3628 5299 3751 5368 ipse

2169 5391 2313 5447 dicat
2331 5402 2448 5462 post
2474 5409 2568 5448 sex
2596 5393 2710 5447 dies
2739 5392 2968 5447 futurum
2998 5392 3240 5445 Pascha?
3267 5391 3371 5445 Sed
3406 5390 3495 5459 qui
3528 5391 3596 5443 ita
3625 5405 3745 5443 mo-

2169 5494 2358 5537 ventur
2398 5498 2502 5537 non
2552 5484 2850 5554 intelligunt
2889 5483 3195 5538 Matlhzeum
3240 5491 3294 5538 ct
3338 5483 3570 5537 Marcum
3615 5483 3747 5536 illud

2171 5573 2311 5644 quod
2351 5574 2402 5628 in
2435 5574 2683 5631 Bethania
2714 5575 2781 5630 de
2810 5585 3077 5646 unguento
3117 5575 3307 5629 lactant
3339 5585 3450 5629 erat
3482 5576 3748 5643 recapitu-

2170 5663 2331 5719 Iando
2360 5665 2632 5736 posuisse,
2666 5682 2770 5722 non
2803 5675 2923 5737 post
2958 5666 3102 5720 illam
3136 5666 3203 5720 de
3228 5666 3384 5720 biduo
3415 5665 3747 5734 prmdieatio-

2171 5771 2291 5812 nem
2317 5770 2489 5823 suam,
2517 5756 2615 5813 sed
2639 5765 2761 5814 ante
2793 5758 2901 5830 jam
2931 5757 3123 5813 factum
3150 5771 3269 5812 cum
3306 5756 3477 5812 adhuc
3510 5772 3604 5812 sex
3631 5757 3752 5812 dies
