4082 6472
350 356 489 413 1155

347 477 530 524 essent
569 467 638 523 ad
678 467 901 523 Pascha.
933 466 1049 523 Non
1091 467 1233 522 enim
1272 467 1549 538 quisquam
1587 481 1770 520 eorum
1807 482 1927 522 cum

345 562 592 629 dixisset,
633 570 752 632 post
791 561 1008 616 biduum
1040 561 1270 615 futurum
1303 561 1544 626 Pascha,
1573 559 1650 615 Sic
1693 559 1932 628 adiunxit

335 654 416 709 ile
443 655 535 708 illo
566 651 706 707 facto
734 653 784 706 in
828 652 1102 714 Bethania.
1143 661 1200 706 ut
1239 653 1457 718 diceret,
1500 652 1624 706 Post
1644 650 1770 704 "haec
1807 665 1928 705 cum

347 756 493 802 esset
521 747 572 800 in
603 745 855 800 Bethania
881 745 1001 799 :sed
1029 744 1308 799 Matthmus
1323 744 1536 813 quidem
1564 785 1577 805 ,
1607 741 1734 798 Cum
1763 753 1930 795 autem

349 847 505 902 esset,
543 838 730 908 inquit,
758 835 910 892 Jesus
945 838 996 891 in
1023 836 1308 900 Bethania;
1337 837 1544 890 Marcus
1573 847 1770 898 autem,
1801 833 1930 888 Cum

348 939 474 983 esset
509 927 770 982 Bethania:
795 944 812 982 :
837 928 976 998 quod
1015 929 1193 998 utique
1223 927 1532 996 intelligitur
1565 936 1617 981 ct
1647 936 1928 996 antequam

349 1018 436 1072 illa
472 1017 777 1073 dicerentur
800 1035 918 1088 quae
945 1027 1067 1072 ante
1096 1018 1312 1072 biduum
1356 1017 1572 1071 Pascha:
1611 1018 1754 1072 dicta
1784 1025 1927 1070 sunt.

345 1108 500 1162 Sicut
540 1123 667 1177 ergo
689 1125 752 1162 ex
781 1109 1001 1163 Joannis
1029 1110 1333 1164 narratione
1366 1109 1650 1178 colligitur,
1684 1119 1807 1163 ante
1837 1125 1927 1164 sex

348 1199 464 1253 dies
493 1199 708 1254 Pascha:
734 1201 876 1254 venit
902 1200 955 1254 in
979 1200 1287 1254 Bethaniam
1320 1217 1332 1252 :
1371 1201 1440 1255 ibi
1464 1200 1661 1253 factum
1693 1210 1773 1254 est
1800 1201 1929 1254 illud

347 1289 645 1341 convivium
685 1289 769 1342 ubi
799 1289 866 1342 de
897 1300 1162 1359 unguento
1192 1291 1424 1358 pretioso
1453 1289 1508 1343 iit
1535 1305 1928 1344 commemora-

350 1381 456 1442 tio;
491 1380 610 1434 inde
639 1381 783 1434 venit
820 1380 1206 1451 Jerosolymam
1250 1381 1445 1436 sedens
1483 1397 1646 1451 super
1670 1382 1925 1446 asellum;

330 1471 540 1526 ~deinde
568 1481 746 1538 postea
776 1480 1030 1541 geruntur
1057 1488 1115 1526 ea
1147 1489 1264 1542 qua:
1291 1481 1504 1526 narrant
1533 1481 1648 1541 post
1675 1472 1814 1527 hunc
1837 1471 1931 1524 ad-

345 1571 564 1615 ventum
596 1562 708 1632 ejus
736 1561 1088 1634 Jcrosolymis
1127 1572 1295 1632 gesta.
1325 1564 1400 1617 Ex
1436 1564 1526 1616 illo
1562 1579 1693 1634 ergo
1717 1563 1803 1618 dic
1823 1578 1930 1632 quo

337 1654 494 1706 Venit
523 1653 574 1706 in
617 1653 923 1706 Bethaniam
969 1663 1124 1723 atque
1166 1653 1293 1706 illud
1331 1653 1397 1707 de
1438 1663 1705 1723 unguento
1735 1653 1926 1706 factum

345 1753 430 1798 est
456 1787 470 1808 ,
503 1743 758 1814 usquead
783 1745 922 1798 diem
949 1761 1052 1814 quo
1082 1745 1180 1798 ista
1213 1745 1386 1798 omnia
1416 1753 1566 1814 gesta
1605 1753 1763 1813 atque
1789 1743 1929 1798 dicta

346 1845 510 1900 sunt,
544 1837 888 1906 intelligimus
909 1879 926 1903 ,
955 1837 1115 1890 etiam
1160 1836 1514 1904 Evangelistis
1553 1852 1658 1890 non
1689 1850 1927 1889 comme-

345 1930 716 1995 morantibus,
746 1938 1117 1999 consumptum
1154 1928 1322 1983 fuisse
1361 1930 1720 1999 quatriduum,
1759 1939 1927 1982 utoc-

345 2031 585 2074 curreret
611 2021 724 2075 dies
750 2037 905 2090 quem
930 2031 1051 2075 ante
1082 2021 1294 2074 biduum
1322 2020 1535 2075 Pascha:
1565 2020 1671 2074 duo
1700 2019 1925 2073 delinie-

309 2123 489 2165 -runt.
531 2112 701 2166 Lucas
743 2121 918 2166 autem
966 2126 1086 2165 cum
1135 2112 1228 2177 ait,
1273 2110 1721 2181 Appropinquabat
1757 2120 1926 2162 autent

345 2203 455 2256 dies
472 2207 624 2273 {estus
643 2219 955 2274 azymorum,
983 2219 1086 2256 non
1113 2202 1609 2270 ειρτθεεξισιιιυυιιι
1636 2219 1649 2255 :
1677 2202 1770 2256 sed
1792 2203 1927 2257 hanc

345 2299 813 2368 propinquitatem,
846 2312 1002 2367 quam
1037 2295 1494 2361 commemoravit,
1530 2297 1581 2348 in
1621 2295 1735 2364 ipso
1765 2296 1924 2348 inter-

345 2388 484 2441 vallo
512 2389 653 2441 bidui
681 2386 934 2440 debemus
950 2386 1210 2454 accipere.
1231 2385 1462 2438 Joannes
1483 2401 1609 2438 vero
1627 2400 1745 2438 cuni
1773 2385 1920 2450 dicit,

342 2475 645 2530 Proximum
659 2487 765 2530 erat
781 2475 984 2529 Pascha
1005 2475 1304 2530 Judazornm
1349 2473 1532 2545 (Joan.
1561 2491 1631 2537 xi,
1675 2474 1788 2540 55),
1821 2492 1923 2528 non

346 2567 447 2621 hoc
469 2567 687 2622 biduum
735 2568 850 2621 vult
880 2567 1095 2637 inteiligi
1124 2609 1138 2633 ,
1169 2567 1262 2620 sed
1295 2581 1385 2620 sex
1415 2567 1526 2620 dies
1554 2576 1675 2620 ante
1703 2567 1922 2620 Pascha.

336 2656 574 2713 Proinde
595 2699 609 2722 ,
642 2674 759 2712 cum
790 2657 1030 2728 quaedam
1079 2666 1195 2726 post
1225 2657 1326 2712 hoc
1355 2657 1556 2711 dictum
1595 2674 1924 2711 commemo-

331 2758 514 2804 rasset
537 2792 552 2815 ,
595 2757 718 2803 tunc
756 2750 867 2820 jam
897 2749 1082 2803 volens
1119 2749 1400 2802 ostendere
1436 2765 1591 2818 quam
1623 2750 1923 2819 proximum

330 2840 506 2894 .Tuisse
534 2840 730 2894 Pascha
772 2840 992 2893 dixisset
1021 2857 1033 2892 :
1074 2837 1225 2892 Jesus
1264 2855 1380 2908 ergo
1415 2849 1527 2891 ante
1554 2855 1642 2892 sex
1667 2839 1806 2904 dies,
1839 2840 1923 2894 in-

326 2932 484 3000 -quit,
517 2930 750 2996 Pasclice,
783 2931 913 2985 venit
950 2931 1001 2983 in
1040 2929 1358 2995 Bethaniam,
1397 2929 1479 2982 ubi
1505 2930 1669 2998 fuerat
1699 2928 1925 2985 Lazarus

327 3033 586 3086 mortuus,
609 3039 754 3091 quem
773 3021 1028 3075 suscitavit
1055 3019 1204 3074 Jesus
1233 3018 1340 3091 (Id.
1368 3035 1462 3083 xu,
1489 3022 1539 3086 1,
1561 3019 1640 3093 2).
1671 3019 1926 3075 Fecerunt

331 3125 508 3166 autem
534 3115 579 3166 ei
599 3129 788 3167 cumam
809 3114 896 3166 ibi.
927 3113 1038 3166 lloc
1069 3112 1196 3165 illud
1219 3122 1296 3167 est
1326 3112 1467 3181 quod
1500 3123 1924 3167 commemorant

333 3206 753 3277 rccapitulantes
775 3205 1052 3259 lt'latthieus
1071 3214 1121 3258 et
1145 3203 1372 3266 Marcus,
1400 3219 1517 3257 cum
1536 3203 1644 3273 jam
1666 3204 1925 3258 dixissent

341 3305 461 3364 post
491 3296 704 3350 biduum
736 3295 964 3349 futurum
1007 3294 1228 3348 Pascha.
1262 3295 1680 3363 Recapitulando
1705 3309 1832 3364 ergo
1855 3293 1922 3348 ad

337 3389 488 3442 illum
517 3389 656 3442 diem
688 3389 912 3442 redeunt
936 3389 985 3441 in
1013 3388 1325 3441 Bethaniain
1359 3430 1373 3454 ,
1403 3389 1490 3458 qui
1533 3398 1644 3442 erat
1672 3400 1796 3443 ante
1828 3405 1922 3444 sex

333 3479 457 3534 dies
484 3479 722 3542 Paschie,
741 3489 795 3534 et
817 3487 1036 3532 narrant
1059 3478 1198 3548 quod
1219 3477 1451 3533 Joannes
1479 3479 1546 3532 de
1567 3495 1718 3534 Cinna
1744 3487 1798 3534 et
1827 3497 1922 3533 un-

340 3580 538 3638 guento
567 3587 580 3621 :
610 3569 750 3622 unde
773 3579 1027 3623 venturus
1051 3579 1167 3623 erat
1190 3568 1596 3640 Jerosolyinam,
1621 3579 1672 3622 ct
1697 3571 1923 3638 peractis

341 3660 450 3714 illic
474 3675 592 3729 qua:
621 3669 830 3712 narrata
863 3669 986 3712 sunt
1010 3700 1024 3722 ,
1054 3667 1408 3728 perventurus
1434 3661 1498 3712 ad
1529 3659 1668 3712 diem
1696 3661 1784 3729 qui
1808 3669 1924 3713 erat

340 3759 463 3802 ante
500 3749 714 3802 biduum
747 3749 962 3802 Pascha:
985 3789 998 3812 ,
1024 3749 1162 3803 unde
1193 3750 1274 3803 isti
1305 3750 1527 3818 digressi
1557 3761 1678 3804 sunt.
1703 3793 1718 3816 ,
1754 3761 1809 3805 ut
1838 3767 1920 3806 re-

340 3840 676 3908 capitulando
715 3847 1198 3893 commemorarent
1227 3840 1365 3909 quod
1413 3849 1534 3894 ante
1578 3840 1628 3893 in
1667 3841 1922 3896 Bethania

339 3931 408 3982 de
434 3939 698 3999 unguento
718 3940 921 4000 gestum
943 3939 1056 3994 est;
1080 3932 1228 4000 cujus
1253 3932 1325 3984 rei
1356 3940 1568 4001 peracta
1597 3935 1918 4000 narratione,

341 4020 464 4074 illuc
488 4021 675 4074 iterum
703 4021 941 4088 redeunt,
969 4022 1108 4076 unde
1137 4022 1359 4092 digressi
1388 4024 1614 4088 fuerant,
1648 4025 1698 4078 id
1727 4035 1827 4090 est,
1860 4036 1920 4081 ut

340 4111 444 4182 iam
470 4128 646 4165 sermo
690 4113 898 4166 Domini
943 4122 1185 4166 narretur
1208 4155 1222 4176 ,
1253 4129 1410 4182 quem
1455 4114 1637 4169 habuit
1670 4127 1792 4171 ante
1838 4119 1920 4172 bi-

339 4202 500 4256 duum
524 4204 757 4258 Pascha:.
779 4204 908 4258 Nam
927 4205 970 4257 si
1003 4205 1247 4257 tollamus
1269 4205 1334 4258 de
1355 4207 1531 4261 medio
1552 4208 1690 4276 quod
1713 4220 1919 4277 gestum

341 4293 393 4346 in
426 4294 678 4349 Bethania
709 4297 1067 4366 digredientes
1104 4297 1169 4350 ab
1203 4297 1390 4351 ordine
1429 4300 1713 4353 recolendo
1751 4311 1802 4354 et
1833 4319 1919 4357 rc-

339 4389 673 4456 capitulando
691 4399 990 4454 narrarunt,
1021 4398 1073 4442 et
1097 4389 1266 4457 ipsum
1290 4389 1530 4444 ordinem
1552 4402 1916 4461 contexainus,

339 4479 412 4532 ita
450 4495 628 4534 sermo
655 4480 896 4550 dirigitur
922 4481 1209 4535 secundum
1239 4480 1538 4534 Matthannn
1576 4484 1784 4536 dicente
1813 4485 1918 4536 Do-

338 4570 484 4624 mino
509 4588 522 4622 :
548 4571 701 4625 Scitis
721 4573 837 4641 quia
859 4582 971 4643 post
989 4572 1191 4625 biduum
1220 4570 1418 4624 Pascha
1435 4572 1539 4640 fiet,
1568 4583 1613 4623 et
1639 4572 1804 4625 Filius
1829 4573 1920 4625 lto-

336 4661 486 4714 minis
529 4662 771 4726 tradctur,
818 4672 872 4713 ut
906 4663 1259 4730 cruci/igatur.
1303 4659 1444 4712 Tunc
1474 4662 1761 4731 congregati
1801 4672 1919 4715 sunt

337 4751 589 4822 principes
620 4751 934 4806 sacerdotum
965 4761 1009 4802 et
1039 4751 1256 4802 seniores
1282 4751 1456 4819 papuli
1485 4751 1536 4803 in
1563 4753 1745 4804 atrium
1774 4753 1917 4819 prin-

335 4843 463 4910 cipis
498 4841 848 4905 sacerdotum,
877 4841 962 4912 qui
997 4841 1253 4894 dicebatur
1291 4841 1510 4911 (.‘uiphas
1533 4885 1546 4904 .
1580 4855 1625 4895 et
1655 4845 1918 4897 consilium

339 4937 583 5006 fecerunt,
616 4942 670 4985 ut
691 4933 868 4986 Jesum
895 4935 1011 4986 dolo
1037 4944 1255 4987 tenerent
1281 4943 1327 4987 et
1353 4935 1648 4989 occiderent.
1679 4935 1917 4990 Dicebant

335 5037 523 5091 autem,
558 5027 675 5080 Non
701 5027 751 5080 in
781 5028 862 5081 die
879 5031 1008 5098 [esto
1022 5045 1040 5092 ;
1067 5043 1128 5079 ne
1152 5027 1282 5096 forte
1309 5028 1547 5082 tumultus
1574 5030 1714 5097 ﬁeret
1740 5030 1791 5082 in
1821 5047 1916 5100 po-

339 5119 478 5188 pulo.
521 5117 660 5171 Tunc
692 5118 812 5171 abiit
840 5135 969 5171 unus
1007 5117 1069 5170 de
1097 5117 1395 5183 duodecim,
1424 5118 1510 5187 qui
1548 5118 1730 5172 dicitur
1750 5117 1915 5174 ludas

337 5208 614 5274 Scarioth,
663 5209 730 5262 ad
785 5210 1032 5280 principes
1091 5209 1404 5262 sacerdotum
1459 5209 1688 5281 (Matth.
1746 5227 1910 5271 XXVI.

335 5300 545 5370 2-H),
590 5309 690 5354 etc.
727 5301 865 5356 Inter
905 5301 1030 5354 illud
1075 5301 1215 5354 enim
1255 5300 1395 5369 quod
1433 5301 1630 5355 dictum
1679 5312 1792 5366 est,
1833 5301 1914 5358 Ne

338 5392 576 5445 tumultus
595 5392 733 5461 ﬁeret
753 5393 803 5444 in
827 5390 1102 5462 populo,et
1121 5390 1244 5444 illud
1267 5391 1404 5461 quod
1429 5391 1624 5444 dictum
1647 5404 1746 5458 est,
1775 5393 1914 5446 Tunc

335 5482 454 5537 abiit
485 5500 614 5535 unus
648 5483 710 5535 de
736 5483 1034 5548 duodecim,
1062 5483 1148 5550 qui
1184 5483 1366 5534 dicitur
1387 5480 1553 5534 .lndas
1577 5523 1592 5546 ,
1626 5483 1912 5552 interposi-

334 5589 445 5628 tuiu
465 5575 678 5628 estillnd
695 5575 758 5628 de
776 5574 1050 5639 Bethania,
1066 5571 1204 5641 quod
1221 5573 1616 5641 recapitulando
1628 5573 1875 5629 dixerunt
1895 5593 1908 5631 :

333 5680 441 5734 quo
479 5682 572 5719 nos
610 5667 968 5735 praetermisso
1009 5664 1378 5719 contexuimus
1425 5665 1813 5732 narrationem,
1855 5675 1914 5721 ut

336 5758 722 5812 insinuaremus
748 5776 849 5814 non
879 5774 1171 5828 repugnare
1198 5757 1436 5812 ordinem
1478 5765 1794 5826 temporum.
1825 5757 1914 5814 Se-

1650 351 1862 407 .LIBEB
1900 350 2277 409 SECUNDUS.

3470 366 3610 422 H55

2035 467 2266 522 cundum
2295 468 2526 526 Marcum
2555 481 2762 539 autem,
2793 473 2981 530 eodem
3024 474 3294 532 Bethania:
3332 483 3574 538 convivio
3596 523 3613 546 ,

2036 559 2177 628 quod
2205 562 2601 630 recapitulando
2629 574 2680 618 et
2709 566 2821 636 ipse
2847 566 3178 636 interposuit,
3212 571 3456 627 similiter
3481 590 3616 644 pra:-

2039 650 2286 704 termisso
2309 691 2321 715 ,
2348 653 2423 706 ita
2459 669 2516 707 se
2551 655 2681 709 ordo
2722 659 3036 713 narrationis
3071 668 3215 715 tenet
3251 679 3264 714 :
3297 661 3422 716 Erat
3449 676 3615 719 autem

2039 737 2240 794 Pascha
2265 751 2308 794 et
2336 760 2516 813 azyma
2543 755 2652 814 post
2676 746 2918 813 biduum;
2944 759 2988 804 et
3012 753 3299 821 quwrebant
3317 755 3500 808 summi
3529 773 3616 810 sa-

2037 831 2258 887 cerdotes
2283 844 2327 887 et
2355 835 2548 889 Scriba:
2575 839 2822 902 quomodo
2852 857 2964 893 eum
2990 841 3106 894 dolo
3135 853 3385 909 tenerent,
3415 855 3462 899 et
3485 846 3617 900 occi-

2037 921 2226 1008 derent.
2262 923 2501 979 Dicebant
2545 930 2676 982 enim
2701 973 2710 988 .
2741 929 2861 984 Non
2899 933 2950 984 in
2987 933 3069 986 die
3094 935 3219 1002 festo
3237 951 3256 1000 ,°
3286 955 3347 990 ne
3371 941 3501 1008 forte
3532 950 3616 992 tu-

2038 1007 2222 1060 multus
2243 1009 2381 1077 ﬁeret
2405 1013 2598 1081 populi.
2633 1012 2698 1065 Et
2723 1013 2887 1068 Judas
2917 1017 3226 1082 Scariotlies,
3253 1007 3382 1075 unus
3411 1038 3473 1074 ea:
3495 1022 3615 1076 duo-

2036 1095 2216 1161 decim,
2260 1097 2380 1152 abiit
2419 1099 2486 1152 ad
2525 1118 2743 1156 summos
2785 1107 3083 1170 sacerdotes,
3125 1120 3180 1162 ut
3225 1112 3454 1177 proderet
3497 1130 3610 1166 eum

2039 1185 2227 1256 (Marc.
2257 1203 2370 1253 xw,
2402 1189 2567 1261 l-l‘O),
2595 1202 2698 1246 etc.
2730 1195 2898 1249 Etiam
2931 1197 3015 1251 hic
3045 1199 3182 1254 inter
3204 1201 3328 1256 illud
3361 1204 3500 1273 quod
3527 1204 3615 1260 di-

2035 1273 2178 1331 ctitm
2208 1288 2308 1343 est,
2336 1279 2417 1334 Ne
2444 1283 2572 1351 forte
2596 1289 2840 1342 tumultus
2863 1289 3000 1354 ﬁeret
3023 1295 3215 1362 populi,
3240 1304 3293 1347 et
3319 1297 3444 1352 illud
3475 1300 3613 1367 qu0d

2035 1372 2371 1438 adjunximus
2393 1415 2407 1436 ,
2442 1373 2508 1426 Et
2535 1373 2703 1430 Iudas
2749 1378 3039 1435 Scariai‘hes
3077 1401 3206 1438 unus
3245 1403 3307 1440 ea:
3330 1388 3614 1456 duodecim,

2036 1465 2262 1530 positum
2312 1474 2393 1519 est
2435 1466 2558 1520 illud
2607 1469 2674 1523 de
2717 1470 2992 1536 Bethania,
3034 1477 3173 1543 quod
3213 1478 3612 1547 recapitulando

2035 1553 2298 1608 dixerunt.
2333 1558 2501 1611 Lucas
2539 1575 2665 1615 sane
2695 1561 2861 1629 ipsam
2905 1580 3014 1618 rein
3045 1576 3247 1634 gestam
3280 1569 3330 1622 in
3358 1570 3611 1626 Bethania

2031 1647 2393 1714 prilEICl'llliSll.
2426 1648 2548 1702 11ιρο
2577 1650 2805 1706 diximus
2847 1662 3065 1722 promer
3090 1672 3181 1710 sex
3211 1657 3328 1712 dics
3364 1669 3490 1714 ante
3513 1661 3613 1715 Pa-

2034 1738 2180 1803 scha,
2203 1753 2336 1808 quos
2357 1739 2490 1814 dixit
2514 1741 2764 1808 Joannes,
2785 1760 2904 1797 cum
2929 1745 2978 1798 in
3001 1745 3250 1801 Bethania
3273 1765 3385 1803 rem
3409 1760 3612 1820 gestam

2037 1839 2305 1896 narraret;
2332 1840 2386 1884 et
2419 1831 2635 1886 biduum
2672 1845 2795 1889 ante
2823 1835 3022 1890 Pascha
3046 1879 3061 1901 ,
3089 1838 3229 1907 quod
3259 1839 3534 1896 Matthteus
3559 1851 3612 1900 et

2037 1918 2239 1975 Marcus
2259 1921 2527 1988 dixerunt,
2551 1939 2669 1977 cum
2695 1935 2813 1994 post
2835 1927 2932 1982 hoc
2949 1944 2976 1980 a
2995 1942 3052 1983 se
3072 1930 3268 1984 dictum
3291 1933 3418 1988 illud
3442 1934 3612 2004 ipsum

2034 2010 2085 2063 in
2113 2012 2359 2066 Bethania
2379 2015 2517 2082 quod
2541 2014 2794 2082 Joannes,
2823 2032 3324 2076 commemorarent.

2033 2101 2258 2156 CAPUT
2294 2101 2528 2157 LXXIX.
2569 2133 2641 2144 -—
2676 2104 2755 2159 De
2781 2123 2921 2160 ctena
2958 2110 3009 2163 in
3035 2107 3280 2164 Bethania
3304 2112 3388 2166 ubt
3421 2117 3608 2169 mittier

2104 2202 2356 2261 unguento
2386 2195 2600 2263 pretioso
2622 2195 2894 2250 Dominum
2913 2200 3168 2268 perfudit,
3204 2204 3454 2270 quomodo
3486 2205 3612 2260 inter

2103 2300 2157 2338 se
2193 2296 2471 2356 congruant
2511 2287 2780 2343 Matt/nens
2799 2332 2811 2355 ,
2844 2290 3050 2346 .ilarcus
3070 2303 3116 2346 et
3133 2292 3358 2349 Joannes
3381 2337 3396 2360 ,
3423 2304 3468 2349 ct
3491 2313 3611 2367 quo.

2104 2376 2252 2428 modo
2276 2376 2426 2430 Luca:
2445 2394 2542 2430 non
2559 2380 2881 2434 adversentur
2909 2383 3008 2436 tale
3033 2384 3226 2455 aliquid
3263 2386 3364 2440 alio
3391 2397 3612 2458 tempore

2102 2469 2525 2520 commemoranti.

2106 2558 2225 2611 154.
2269 2558 2518 2627 Sequitur
2536 2576 2663 2628 ergo
2690 2561 2966 2617 Matlhmus
2994 2563 3060 2618 ab
3085 2579 3150 2619 eo
3180 2564 3318 2633 loco,
3343 2567 3428 2622 tibi
3453 2569 3609 2628 ﬁnem

2033 2647 2332 2701 feceramus
2363 2650 2767 2732 consideranda:
2809 2654 3124 2708 narrationis
3144 2696 3159 2720 ,
3199 2665 3253 2710 et
3273 2658 3401 2713 dicit
3428 2677 3441 2713 :
3471 2658 3609 2714 Tune

2031 2743 2317 2812 congregati
2337 2753 2450 2794 sunt
2471 2743 2720 2814 principes
2752 2749 3064 2800 sacerdotum
3101 2759 3147 2802 et
3175 2753 3394 2806 seniores
3429 2754 3604 2824 pepuli

2030 2831 2083 2886 in
2108 2833 2290 2886 atrium
2310 2835 2552 2904 principis
2569 2836 2902 2900 sacerdotum,
2930 2839 3016 2904 qui
3037 2839 3291 2893 dicebatur
3312 2836 3548 2909 Caiphas.
3563 2854 3608 2900 et

2031 2927 2292 2980 consilium
2316 2929 2536 2998 fecerunt
2559 2939 2608 2980 ut
2624 2925 2800 2982 Jesum
2827 2929 2944 2984 dolo
2972 2942 3209 2999 tenerent,
3234 2943 3277 2987 et
3305 2936 3607 2992 occiderent.

2031 3019 2272 3072 Dicebant
2311 3004 2473 3074 autem
2497 3061 2510 3081 ,
2559 3019 2680 3073 Non
2704 3023 2754 3074 in
2781 3022 2863 3076 die
2897 3027 3061 3094 festo;
3112 3043 3173 3080 ne
3210 3030 3338 3098 forte
3368 3032 3607 3086 tumultus

2029 3112 2168 3180 ﬁeret
2190 3112 2241 3164 in
2264 3114 2468 3181 pOpulo.
2494 3109 2620 3165 Cum
2645 3121 2808 3165 autem
2832 3125 2955 3168 esset
2983 3115 3134 3171 Jesus
3163 3119 3215 3171 in
3254 3119 3494 3174 Bethania
3513 3163 3529 3187 ,
3558 3123 3607 3179 itt

2029 3204 2177 3256 donto
2219 3204 2442 3259 Simonis
2465 3205 2678 3274 leprosi,
2711 3207 2917 3258 accessit
2945 3207 3013 3260 ad
3051 3226 3163 3261 eum
3202 3211 3382 3265 mulier
3421 3213 3608 3268 habens

2027 3296 2333 3349 alabastrum
2351 3299 2592 3367 unguenti
2609 3300 2832 3367 pretiosi,
2851 3310 2897 3353 et
2917 3299 3092 3365 e/fudit
3108 3318 3260 3370 super
3279 3314 3431 3373 caput
3449 3306 3606 3374 ipsius

2027 3387 2390 3450 recumbentis,
2439 3400 2566 3451 elc.,
2616 3405 2780 3458 nsque
2819 3390 2883 3442 ad
2916 3391 3040 3443 illud
3071 3392 3155 3445 ubi
3193 3393 3297 3456 ait,
3332 3394 3540 3449 Dicetur
3559 3407 3606 3451 et

2027 3478 2162 3544 quod
2186 3476 2291 3528 lia'c
2313 3479 2429 3547 fecit
2465 3479 2517 3531 in
2555 3481 2842 3532 memoriam
2866 3482 2973 3550 ejus
2995 3480 3202 3550 (Matth.
3232 3499 3358 3538 xxvn
3381 3526 3394 3548 ,
3427 3487 3604 3550 5-15).

2026 3566 2176 3621 Nunc
2206 3567 2314 3636 jam
2355 3568 2421 3621 de
2463 3569 2684 3622 muliere
2721 3579 2876 3639 atque
2903 3582 3167 3639 unguento
3197 3575 3429 3642 pretioso
3462 3577 3603 3645 quod

2027 3659 2079 3713 in
2115 3660 2363 3714 Bethania
2395 3670 2600 3730 gestuin
2643 3670 2758 3727 est,
2789 3663 3210 3718 consideremus.
3258 3665 3428 3722 Lucas
3463 3670 3605 3726 enim

2027 3752 2266 3819 quamvis
2291 3751 2465 3804 simile
2495 3750 2692 3806 factum
2713 3765 3127 3823 commemoret,
3154 3772 3452 3827 nomenque
3475 3774 3605 3814 con~

2027 3841 2204 3894 veniat
2229 3841 2365 3910 ejus,
2398 3841 2535 3911 apud
2575 3859 2730 3912 quem
2771 3845 3147 3900 eonvivabatur
3177 3847 3460 3914 Dominus;
3485 3867 3604 3908 nam

2027 3941 2080 3986 et
2108 3932 2276 4000 ipsmn
2308 3931 2577 3988 Simonem
2605 3935 2731 3988 dicit
2766 3953 2780 3988 :
2815 3945 2986 3990 tamen
3016 3937 3136 4006 quia
3167 3955 3272 3992 non
3313 3949 3393 3994 est
3417 3951 3602 3996 contra

2028 4034 2266 4078 naturam
2308 4025 2388 4079 vel
2437 4035 2619 4080 contra
2661 4042 2860 4080 morem
2894 4027 3164 4082 hominum
3189 4071 3204 4096 ,
3254 4040 3312 4084 ut
3347 4031 3389 4085 si
3433 4041 3604 4102 potest

2027 4129 2162 4168 unus
2193 4114 2352 4168 homo
2376 4115 2573 4171 habere
2597 4118 2808 4170 nomina
2839 4116 2944 4172 duo
2969 4159 2982 4181 ,
3010 4120 3177 4172 multo
3207 4122 3372 4189 magis
3403 4125 3604 4190 possint

2025 4215 2080 4262 et
2109 4223 2271 4262 unum
2300 4223 2490 4263 nomen
2511 4209 2706 4264 habere
2738 4210 2980 4264 homines
3006 4211 3140 4274 duo;
3164 4213 3336 4280 potius
3353 4215 3604 4270 credibile

2025 4308 2107 4354 est
2135 4301 2296 4353 aliuni
2320 4299 2480 4354 fuisse
2509 4301 2653 4353 illum
2682 4299 2950 4354 Simonem
2985 4317 3087 4354 non
3116 4303 3403 4370 leprosum,
3437 4304 3488 4357 in
3512 4319 3602 4359 cu-

2020 4390 2110 4458 jus
2134 4391 2293 4443 domo
2319 4390 2418 4443 hoc
2443 4391 2492 4443 in
2527 4390 2780 4443 Bethania
2810 4391 3109 4459 gerebatur.
3144 4392 3272 4446 Nam
3303 4409 3400 4448 nec
3429 4395 3600 4450 Lucas

2026 4480 2076 4531 in
2111 4478 2366 4533 Bethania
2394 4494 2502 4532 rem
2529 4489 2729 4548 gestam
2757 4479 2902 4544 dicit,
2923 4498 3078 4549 quam
3103 4495 3277 4536 narrat
3308 4501 3320 4536 :
3353 4493 3408 4538 et
3429 4501 3601 4553 quam-

2025 4567 2106 4618 vis
2131 4583 2235 4620 non
2261 4578 2642 4622 commemoret
2661 4569 2925 4623 civitatem
2956 4580 3046 4624 aut
3075 4574 3373 4637 castellum,
3408 4577 3495 4631 ubi
3520 4577 3600 4630 fa-

2026 4665 2168 4710 ctum
2201 4658 2296 4720 sit;
2351 4651 2526 4711 tamen
2571 4675 2676 4712 non
2707 4659 2915 4714 videtur
2939 4662 2987 4714 in
3020 4662 3208 4717 eodem
3251 4665 3366 4720 loco
3396 4668 3598 4723 versari

2024 4748 2140 4815 ejus
2165 4748 2417 4801 narratio.
2447 4748 2587 4804 Nihil
2620 4751 2793 4818 itaque
2833 4752 2971 4805 aliud
3017 4754 3409 4824 intelligendum
3456 4759 3600 4811 arbi-

2027 4845 2167 4904 tror,
2213 4837 2311 4892 nisi
2353 4854 2457 4892 non
2489 4839 2701 4908 quidem
2743 4841 2899 4896 aliam
2933 4843 3093 4898 fuisse
3133 4847 3440 4912 mulierem,
3484 4864 3601 4918 qua:

2026 4933 2290 5001 peccatrix
2321 4939 2443 4986 tunc
2468 4933 2693 4987 accessit
2718 4934 2782 4987 ad
2815 4935 2975 5003 pedes
2989 4935 3136 5000 Jesu,
3169 4947 3222 4992 et
3242 4940 3474 4994 osculata
3495 4950 3596 5006 est,

2023 5032 2076 5077 et
2101 5024 2222 5077 lavit
2250 5023 2517 5096 lacrymis,
2549 5035 2600 5078 et
2623 5025 3009 5096 tersitcapillis,
3037 5039 3090 5082 et
3119 5032 3269 5084 unxit
3296 5042 3595 5101 unguento;

2022 5116 2106 5168 cui
2132 5115 2384 5170 Dominus
2404 5115 2637 5169 adhibita
2661 5116 3003 5170 similitudine
3029 5117 3094 5170 de
3121 5117 3326 5173 duobus
3347 5121 3572 5176 debitori

2023 5205 2142 5269 bns,
2175 5208 2248 5260 ait
2276 5206 2492 5261 dimissa
2523 5222 2643 5262 esse
2673 5217 2887 5277 peccata
2917 5207 3113 5272 multa,
3144 5211 3390 5278 quoniam
3413 5212 3596 5268 dilexit

2021 5300 2245 5353 multum
2271 5317 2284 5352 :
2314 5299 2407 5353 sed
2440 5298 2678 5353 eamdem
2712 5298 2926 5352 Mariam
2955 5299 3035 5352 bis
3062 5299 3162 5354 hoc
3192 5299 3398 5365 fecisse,
3429 5303 3593 5357 semel

2021 5391 2222 5444 scilicet
2261 5390 2401 5459 quod
2447 5390 2615 5444 Lucas
2649 5391 2906 5454 narravit,
2959 5405 3080 5442 cum
3125 5393 3295 5460 primo
3338 5393 3595 5450 accedens

2019 5499 2139 5537 cuin
2178 5483 2270 5536 illa
2312 5482 2605 5537 humilitate
2643 5492 2696 5537 et
2733 5482 2978 5554 lacryinis
3031 5484 3223 5537 meruit
3261 5495 3594 5554 peccatorum

2020 5573 2389 5626 remissionem
2420 5571 2570 5641 (Luc.
2603 5588 2707 5636 vn,
2735 5573 2946 5640 36-50).
2979 5571 3108 5626 Nam
3139 5572 3238 5627 hoc
3263 5585 3317 5628 et
3339 5574 3588 5641 Joannes,

2019 5665 2261 5734 quamvis
2289 5680 2391 5717 non
2421 5663 2557 5717 sicut
2576 5663 2742 5718 Lucas
2757 5664 3198 5734 quemadmodum
3229 5664 3420 5720 factum
3449 5678 3593 5723 esset

2027 5759 2357 5825 narraverit,
2395 5767 2567 5812 tamen
2603 5757 2770 5826 ipsam
2798 5758 3009 5812 Mariam
3038 5757 3416 5814 commendans
3442 5774 3593 5814 com-
