  <div class='ocr_page' id='page_1' title='image "/cluster/home/n/w/nwhite01/storage/ocr_20150623/34/hvd.32044015706310/584.png"; bbox 0 0 4082 6462; ppageno 0'>
   <div class='ocr_carea' id='block_1_1' title="bbox 325 345 465 402">
    <p class='ocr_par' dir='ltr' id='par_1_1' title="bbox 325 345 465 402">
     <span class='ocr_line' id='line_1_1' title="bbox 325 345 465 402; baseline -0.007 -1"><span class='ocrx_word' id='word_1_1' title='bbox 325 345 465 402; x_wconf 78' lang='lat' dir='ltr'><strong>H57</strong></span> 
     </span>
    </p>
   </div>
   <div class='ocr_carea' id='block_1_2' title="bbox 324 456 1894 528">
    <p class='ocr_par' dir='ltr' id='par_1_2' title="bbox 324 456 1894 528">
     <span class='ocr_line' id='line_1_2' title="bbox 324 456 1894 528; baseline 0.001 -14"><span class='ocrx_word' id='word_1_2' title='bbox 324 457 584 515; x_wconf 81' lang='lat' dir='ltr'><strong>Dominus</strong></span> <span class='ocrx_word' id='word_1_3' title='bbox 619 456 844 524; x_wconf 80' lang='lat' dir='ltr'><strong>dixerit,</strong></span> <span class='ocrx_word' id='word_1_4' title='bbox 891 456 985 512; x_wconf 90' lang='lat' dir='ltr'><strong>sed</strong></span> <span class='ocrx_word' id='word_1_5' title='bbox 1010 465 1069 512; x_wconf 93' lang='lat' dir='ltr'><strong>ut</strong></span> <span class='ocrx_word' id='word_1_6' title='bbox 1088 456 1200 528; x_wconf 90' lang='lat' dir='ltr'><strong>ipse</strong></span> <span class='ocrx_word' id='word_1_7' title='bbox 1241 457 1394 513; x_wconf 92' lang='lat' dir='ltr'><strong>nobis</strong></span> <span class='ocrx_word' id='word_1_8' title='bbox 1417 456 1709 513; x_wconf 89' lang='lat' dir='ltr'><strong>insinuaret</strong></span> <span class='ocrx_word' id='word_1_9' title='bbox 1735 459 1894 515; x_wconf 88' lang='lat' dir='ltr'><strong>tacito</strong></span> 
     </span>
    </p>
   </div>
   <div class='ocr_carea' id='block_1_3' title="bbox 320 548 1894 620">
    <p class='ocr_par' dir='ltr' id='par_1_3' title="bbox 320 548 1894 620">
     <span class='ocr_line' id='line_1_3' title="bbox 320 548 1894 620; baseline 0.001 -15"><span class='ocrx_word' id='word_1_10' title='bbox 320 551 544 606; x_wconf 81' lang='lat' dir='ltr'><strong>nomine</strong></span> <span class='ocrx_word' id='word_1_11' title='bbox 564 548 728 604; x_wconf 85' lang='lat' dir='ltr'><strong>fuisse</strong></span> <span class='ocrx_word' id='word_1_12' title='bbox 754 549 1034 619; x_wconf 85' lang='lat' dir='ltr'><strong>quemdam</strong></span> <span class='ocrx_word' id='word_1_13' title='bbox 1057 550 1107 603; x_wconf 94' lang='lat' dir='ltr'><strong>in</strong></span> <span class='ocrx_word' id='word_1_14' title='bbox 1138 549 1380 615; x_wconf 92' lang='lat' dir='ltr'><strong>civitate,</strong></span> <span class='ocrx_word' id='word_1_15' title='bbox 1402 549 1470 604; x_wconf 90' lang='lat' dir='ltr'><strong>ad</strong></span> <span class='ocrx_word' id='word_1_16' title='bbox 1497 563 1655 620; x_wconf 86' lang='lat' dir='ltr'><strong>quem</strong></span> <span class='ocrx_word' id='word_1_17' title='bbox 1683 551 1894 606; x_wconf 80' lang='lat' dir='ltr'><strong>Domini</strong></span> 
     </span>
    </p>
   </div>
   <div class='ocr_carea' id='block_1_4' title="bbox 311 640 1894 710">
    <p class='ocr_par' dir='ltr' id='par_1_4' title="bbox 311 640 1894 710">
     <span class='ocr_line' id='line_1_4' title="bbox 311 640 1894 710; baseline 0 -14"><span class='ocrx_word' id='word_1_18' title='bbox 311 640 567 710; x_wconf 73' lang='lat' dir='ltr'><strong>discipuli</strong></span> <span class='ocrx_word' id='word_1_19' title='bbox 591 640 932 694; x_wconf 83' lang='lat' dir='ltr'><strong>mittebantur</strong></span> <span class='ocrx_word' id='word_1_20' title='bbox 953 680 967 703; x_wconf 90' lang='lat'><strong>,</strong></span> <span class='ocrx_word' id='word_1_21' title='bbox 997 649 1051 693; x_wconf 90' lang='lat' dir='ltr'><strong>ut</strong></span> <span class='ocrx_word' id='word_1_22' title='bbox 1074 649 1431 709; x_wconf 60' lang='lat' dir='ltr'><strong>praepararent</strong></span> <span class='ocrx_word' id='word_1_23' title='bbox 1461 640 1685 695; x_wconf 78' lang='lat' dir='ltr'><strong>Pascha.</strong></span> <span class='ocrx_word' id='word_1_24' title='bbox 1714 643 1791 696; x_wconf 87' lang='lat' dir='ltr'><strong>Ac</strong></span> <span class='ocrx_word' id='word_1_25' title='bbox 1816 643 1894 696; x_wconf 90' lang='lat' dir='ltr'><strong>sic</strong></span> 
     </span>
    </p>
   </div>
   <div class='ocr_carea' id='block_1_5' title="bbox 315 732 1894 804">
    <p class='ocr_par' dir='ltr' id='par_1_5' title="bbox 315 732 1894 804">
     <span class='ocr_line' id='line_1_5' title="bbox 315 732 1894 804; baseline 0.001 -18"><span class='ocrx_word' id='word_1_26' title='bbox 315 743 447 804; x_wconf 87' lang='lat' dir='ltr'><strong>post</strong></span> <span class='ocrx_word' id='word_1_27' title='bbox 476 733 613 786; x_wconf 89' lang='lat' dir='ltr'><strong>hanc</strong></span> <span class='ocrx_word' id='word_1_28' title='bbox 656 747 721 786; x_wconf 88' lang='lat' dir='ltr'><strong>ex</strong></span> <span class='ocrx_word' id='word_1_29' title='bbox 760 746 982 800; x_wconf 85' lang='lat' dir='ltr'><strong>persona</strong></span> <span class='ocrx_word' id='word_1_30' title='bbox 1025 746 1119 785; x_wconf 91' lang='lat' dir='ltr'><strong>sua</strong></span> <span class='ocrx_word' id='word_1_31' title='bbox 1167 732 1623 801; x_wconf 86' lang='lat' dir='ltr'><strong>interpositionem</strong></span> <span class='ocrx_word' id='word_1_32' title='bbox 1668 733 1894 788; x_wconf 89' lang='lat' dir='ltr'><strong>duorum</strong></span> 
     </span>
    </p>
   </div>
   <div class='ocr_carea' id='block_1_6' title="bbox 319 822 1894 893">
    <p class='ocr_par' dir='ltr' id='par_1_6' title="bbox 319 822 1894 893">
     <span class='ocr_line' id='line_1_6' title="bbox 319 822 1894 893; baseline -0.002 -13"><span class='ocrx_word' id='word_1_33' title='bbox 319 826 628 887; x_wconf 80' lang='lat' dir='ltr'><strong>verborum,</strong></span> <span class='ocrx_word' id='word_1_34' title='bbox 655 823 893 893; x_wconf 87' lang='lat' dir='ltr'><strong>sequitur</strong></span> <span class='ocrx_word' id='word_1_35' title='bbox 912 822 1152 877; x_wconf 89' lang='lat' dir='ltr'><strong>ordinem</strong></span> <span class='ocrx_word' id='word_1_36' title='bbox 1177 823 1459 877; x_wconf 86' lang='lat' dir='ltr'><strong>verborum</strong></span> <span class='ocrx_word' id='word_1_37' title='bbox 1483 824 1687 878; x_wconf 89' lang='lat' dir='ltr'><strong>Domini</strong></span> <span class='ocrx_word' id='word_1_38' title='bbox 1713 823 1894 878; x_wconf 82' lang='lat' dir='ltr'><strong>dicen-</strong></span> 
     </span>
    </p>
   </div>
   <div class='ocr_carea' id='block_1_7' title="bbox 313 913 1890 984">
    <p class='ocr_par' dir='ltr' id='par_1_7' title="bbox 313 913 1890 984">
     <span class='ocr_line' id='line_1_7' title="bbox 313 913 1890 984; baseline -0.003 -14"><span class='ocrx_word' id='word_1_39' title='bbox 313 917 422 981; x_wconf 62' lang='lat' dir='ltr'><strong>«tis,</strong></span> <span class='ocrx_word' id='word_1_40' title='bbox 453 914 518 968; x_wconf 82' lang='lat' dir='ltr'><strong>Et</strong></span> <span class='ocrx_word' id='word_1_41' title='bbox 540 914 752 967; x_wconf 82' lang='lat' dir='ltr'><strong>diciteei</strong></span> <span class='ocrx_word' id='word_1_42' title='bbox 773 955 788 980; x_wconf 92' lang='lat'><strong>,</strong></span> <span class='ocrx_word' id='word_1_43' title='bbox 820 913 1065 983; x_wconf 78' lang='lat' dir='ltr'><strong>Magister</strong></span> <span class='ocrx_word' id='word_1_44' title='bbox 1088 913 1229 966; x_wconf 80' lang='lat' dir='ltr'><strong>dicit.</strong></span> <span class='ocrx_word' id='word_1_45' title='bbox 1260 913 1374 968; x_wconf 84' lang='lat' dir='ltr'><strong>Jam</strong></span> <span class='ocrx_word' id='word_1_46' title='bbox 1396 914 1536 968; x_wconf 87' lang='lat' dir='ltr'><strong>enim</strong></span> <span class='ocrx_word' id='word_1_47' title='bbox 1575 914 1618 967; x_wconf 87' lang='lat' dir='ltr'><strong>si</strong></span> <span class='ocrx_word' id='word_1_48' title='bbox 1647 929 1890 984; x_wconf 68' lang='lat' dir='ltr'><strong>quieras,</strong></span> 
     </span>
    </p>
   </div>
   <div class='ocr_carea' id='block_1_8' title="bbox 321 1003 1892 1074">
    <p class='ocr_par' dir='ltr' id='par_1_8' title="bbox 321 1003 1892 1074">
     <span class='ocr_line' id='line_1_8' title="bbox 321 1003 1892 1074; baseline -0.004 -10"><span class='ocrx_word' id='word_1_49' title='bbox 321 1008 460 1064; x_wconf 86' lang='lat' dir='ltr'><strong>Cui?</strong></span> <span class='ocrx_word' id='word_1_50' title='bbox 488 1015 630 1062; x_wconf 91' lang='lat' dir='ltr'><strong>recte</strong></span> <span class='ocrx_word' id='word_1_51' title='bbox 658 1004 1028 1074; x_wconf 88' lang='lat' dir='ltr'><strong>respondetur,</strong></span> <span class='ocrx_word' id='word_1_52' title='bbox 1060 1004 1138 1058; x_wconf 93' lang='lat' dir='ltr'><strong>llli</strong></span> <span class='ocrx_word' id='word_1_53' title='bbox 1162 1004 1370 1059; x_wconf 90' lang='lat' dir='ltr'><strong>cuidam</strong></span> <span class='ocrx_word' id='word_1_54' title='bbox 1399 1003 1616 1068; x_wconf 92' lang='lat' dir='ltr'><strong>homini,</strong></span> <span class='ocrx_word' id='word_1_55' title='bbox 1649 1004 1715 1058; x_wconf 89' lang='lat' dir='ltr'><strong>ad</strong></span> <span class='ocrx_word' id='word_1_56' title='bbox 1735 1019 1892 1074; x_wconf 91' lang='lat' dir='ltr'><strong>quem</strong></span> 
     </span>
    </p>
   </div>
   <div class='ocr_carea' id='block_1_9' title="bbox 315 1095 1891 1164">
    <p class='ocr_par' dir='ltr' id='par_1_9' title="bbox 315 1095 1891 1164">
     <span class='ocr_line' id='line_1_9' title="bbox 315 1095 1891 1164; baseline -0.003 -11"><span class='ocrx_word' id='word_1_57' title='bbox 315 1099 533 1154; x_wconf 84' lang='lat' dir='ltr'><strong>misisse</strong></span> <span class='ocrx_word' id='word_1_58' title='bbox 562 1096 844 1152; x_wconf 88' lang='lat' dir='ltr'><strong>insinuavit</strong></span> <span class='ocrx_word' id='word_1_59' title='bbox 887 1095 1220 1164; x_wconf 80' lang='lat' dir='ltr'><strong>Evangelista</strong></span> <span class='ocrx_word' id='word_1_60' title='bbox 1238 1136 1255 1162; x_wconf 89' lang='lat'><strong>,</strong></span> <span class='ocrx_word' id='word_1_61' title='bbox 1304 1110 1428 1148; x_wconf 92' lang='lat' dir='ltr'><strong>cum</strong></span> <span class='ocrx_word' id='word_1_62' title='bbox 1455 1110 1519 1149; x_wconf 85' lang='lat' dir='ltr'><strong>ex</strong></span> <span class='ocrx_word' id='word_1_63' title='bbox 1548 1110 1774 1164; x_wconf 85' lang='lat' dir='ltr'><strong>persona</strong></span> <span class='ocrx_word' id='word_1_64' title='bbox 1799 1111 1891 1150; x_wconf 89' lang='lat' dir='ltr'><strong>sua</strong></span> 
     </span>
    </p>
   </div>
   <div class='ocr_carea' id='block_1_10' title="bbox 323 1186 1894 1260">
    <p class='ocr_par' dir='ltr' id='par_1_10' title="bbox 323 1186 1894 1260">
     <span class='ocr_line' id='line_1_10' title="bbox 323 1186 1894 1260; baseline -0.003 -15"><span class='ocrx_word' id='word_1_65' title='bbox 323 1189 756 1260; x_wconf 86' lang='lat' dir='ltr'><strong>interposuisset,</strong></span> <span class='ocrx_word' id='word_1_66' title='bbox 798 1189 865 1241; x_wconf 89' lang='lat' dir='ltr'><strong>ad</strong></span> <span class='ocrx_word' id='word_1_67' title='bbox 893 1188 1162 1258; x_wconf 77' lang='lat' dir='ltr'><strong>quemdam</strong></span> <span class='ocrx_word' id='word_1_68' title='bbox 1197 1204 1221 1240; x_wconf 89' lang='grc'><strong>.·</strong></span> <span class='ocrx_word' id='word_1_69' title='bbox 1263 1188 1438 1241; x_wconf 89' lang='lat' dir='ltr'><strong>minus</strong></span> <span class='ocrx_word' id='word_1_70' title='bbox 1463 1186 1673 1256; x_wconf 87' lang='lat' dir='ltr'><strong>quidem</strong></span> <span class='ocrx_word' id='word_1_71' title='bbox 1703 1188 1894 1242; x_wconf 89' lang='lat' dir='ltr'><strong>usitata</strong></span> 
     </span>
    </p>
   </div>
   <div class='ocr_carea' id='block_1_11' title="bbox 309 1277 1896 1346">
    <p class='ocr_par' dir='ltr' id='par_1_11' title="bbox 309 1277 1896 1346">
     <span class='ocr_line' id='line_1_11' title="bbox 309 1277 1896 1346; baseline 0 -15"><span class='ocrx_word' id='word_1_72' title='bbox 309 1281 540 1343; x_wconf 76' lang='lat' dir='ltr'><strong>locutio,</strong></span> <span class='ocrx_word' id='word_1_73' title='bbox 571 1279 663 1333; x_wconf 87' lang='lat' dir='ltr'><strong>sed</strong></span> <span class='ocrx_word' id='word_1_74' title='bbox 692 1289 864 1333; x_wconf 88' lang='lat' dir='ltr'><strong>tamen</strong></span> <span class='ocrx_word' id='word_1_75' title='bbox 897 1279 972 1331; x_wconf 89' lang='lat' dir='ltr'><strong>sic</strong></span> <span class='ocrx_word' id='word_1_76' title='bbox 998 1278 1263 1332; x_wconf 87' lang='lat' dir='ltr'><strong>intellecta</strong></span> <span class='ocrx_word' id='word_1_77' title='bbox 1292 1277 1630 1346; x_wconf 83' lang='lat' dir='ltr'><strong>integerrima</strong></span> <span class='ocrx_word' id='word_1_78' title='bbox 1656 1285 1770 1343; x_wconf 89' lang='lat' dir='ltr'><strong>est;</strong></span> <span class='ocrx_word' id='word_1_79' title='bbox 1806 1285 1896 1332; x_wconf 88' lang='lat' dir='ltr'><strong>aut</strong></span> 
     </span>
    </p>
   </div>
   <div class='ocr_carea' id='block_1_12' title="bbox 319 1368 1894 1439">
    <p class='ocr_par' dir='ltr' id='par_1_12' title="bbox 319 1368 1894 1439">
     <span class='ocr_line' id='line_1_12' title="bbox 319 1368 1894 1439; baseline -0.003 -13"><span class='ocrx_word' id='word_1_80' title='bbox 319 1375 364 1426; x_wconf 88' lang='lat' dir='ltr'><strong>si</strong></span> <span class='ocrx_word' id='word_1_81' title='bbox 394 1372 552 1426; x_wconf 86' lang='lat' dir='ltr'><strong>habet</strong></span> <span class='ocrx_word' id='word_1_82' title='bbox 572 1370 767 1439; x_wconf 84' lang='lat' dir='ltr'><strong>aliquid</strong></span> <span class='ocrx_word' id='word_1_83' title='bbox 796 1369 1128 1438; x_wconf 75' lang='lat' dir='ltr'><strong>proprietatis</strong></span> <span class='ocrx_word' id='word_1_84' title='bbox 1159 1368 1370 1422; x_wconf 71' lang='lat' dir='ltr'><strong>hebraza</strong></span> <span class='ocrx_word' id='word_1_85' title='bbox 1399 1368 1573 1438; x_wconf 82' lang='lat' dir='ltr'><strong>lingua</strong></span> <span class='ocrx_word' id='word_1_86' title='bbox 1595 1409 1610 1433; x_wconf 92' lang='lat'><strong>,</strong></span> <span class='ocrx_word' id='word_1_87' title='bbox 1638 1383 1739 1438; x_wconf 90' lang='lat' dir='ltr'><strong>qua</strong></span> <span class='ocrx_word' id='word_1_88' title='bbox 1772 1383 1894 1437; x_wconf 86' lang='lat' dir='ltr'><strong>per-</strong></span> 
     </span>
    </p>
   </div>
   <div class='ocr_carea' id='block_1_13' title="bbox 309 1459 1893 1530">
    <p class='ocr_par' dir='ltr' id='par_1_13' title="bbox 309 1459 1893 1530">
     <span class='ocr_line' id='line_1_13' title="bbox 309 1459 1893 1530; baseline -0.001 -16"><span class='ocrx_word' id='word_1_89' title='bbox 309 1464 531 1518; x_wconf 78' lang='lat' dir='ltr'><strong>hibetur</strong></span> <span class='ocrx_word' id='word_1_90' title='bbox 559 1461 836 1530; x_wconf 86' lang='lat' dir='ltr'><strong>scripsisse</strong></span> <span class='ocrx_word' id='word_1_91' title='bbox 865 1460 1176 1525; x_wconf 71' lang='lat' dir='ltr'><strong>lii-attinens,</strong></span> <span class='ocrx_word' id='word_1_92' title='bbox 1209 1470 1265 1512; x_wconf 90' lang='lat' dir='ltr'><strong>ut</strong></span> <span class='ocrx_word' id='word_1_93' title='bbox 1288 1459 1447 1514; x_wconf 87' lang='lat' dir='ltr'><strong>etiam</strong></span> <span class='ocrx_word' id='word_1_94' title='bbox 1481 1467 1649 1514; x_wconf 88' lang='lat' dir='ltr'><strong>totum</strong></span> <span class='ocrx_word' id='word_1_95' title='bbox 1674 1475 1739 1513; x_wconf 89' lang='lat' dir='ltr'><strong>ex</strong></span> <span class='ocrx_word' id='word_1_96' title='bbox 1771 1475 1893 1528; x_wconf 85' lang='lat' dir='ltr'><strong>per-</strong></span> 
     </span>
    </p>
   </div>
   <div class='ocr_carea' id='block_1_14' title="bbox 316 1550 1890 1620">
    <p class='ocr_par' dir='ltr' id='par_1_14' title="bbox 316 1550 1890 1620">
     <span class='ocr_line' id='line_1_14' title="bbox 316 1550 1890 1620; baseline -0.004 -10"><span class='ocrx_word' id='word_1_97' title='bbox 316 1570 448 1610; x_wconf 91' lang='lat' dir='ltr'><strong>sona</strong></span> <span class='ocrx_word' id='word_1_98' title='bbox 480 1552 686 1608; x_wconf 88' lang='lat' dir='ltr'><strong>Domini</strong></span> <span class='ocrx_word' id='word_1_99' title='bbox 713 1552 908 1606; x_wconf 90' lang='lat' dir='ltr'><strong>dictum</strong></span> <span class='ocrx_word' id='word_1_100' title='bbox 941 1550 1224 1605; x_wconf 89' lang='lat' dir='ltr'><strong>locutionis</strong></span> <span class='ocrx_word' id='word_1_101' title='bbox 1247 1550 1544 1620; x_wconf 85' lang='lat' dir='ltr'><strong>integritate</strong></span> <span class='ocrx_word' id='word_1_102' title='bbox 1568 1565 1674 1603; x_wconf 92' lang='lat' dir='ltr'><strong>non</strong></span> <span class='ocrx_word' id='word_1_103' title='bbox 1695 1559 1890 1614; x_wconf 86' lang='lat' dir='ltr'><strong>careat,</strong></span> 
     </span>
    </p>
   </div>
   <div class='ocr_carea' id='block_1_15' title="bbox 316 1639 1896 1712">
    <p class='ocr_par' dir='ltr' id='par_1_15' title="bbox 316 1639 1896 1712">
     <span class='ocr_line' id='line_1_15' title="bbox 316 1639 1896 1712; baseline -0.002 -15"><span class='ocrx_word' id='word_1_104' title='bbox 316 1644 551 1700; x_wconf 85' lang='lat' dir='ltr'><strong>viderint</strong></span> <span class='ocrx_word' id='word_1_105' title='bbox 574 1643 663 1712; x_wconf 91' lang='lat' dir='ltr'><strong>qui</strong></span> <span class='ocrx_word' id='word_1_106' title='bbox 692 1651 972 1696; x_wconf 88' lang='lat' dir='ltr'><strong>noverunt.</strong></span> <span class='ocrx_word' id='word_1_107' title='bbox 1023 1640 1163 1696; x_wconf 87' lang='lat' dir='ltr'><strong>Sane</strong></span> <span class='ocrx_word' id='word_1_108' title='bbox 1193 1641 1262 1694; x_wconf 91' lang='lat' dir='ltr'><strong>ita</strong></span> <span class='ocrx_word' id='word_1_109' title='bbox 1304 1649 1487 1711; x_wconf 90' lang='lat' dir='ltr'><strong>posset</strong></span> <span class='ocrx_word' id='word_1_110' title='bbox 1527 1641 1686 1694; x_wconf 89' lang='lat' dir='ltr'><strong>etiam</strong></span> <span class='ocrx_word' id='word_1_111' title='bbox 1733 1639 1896 1694; x_wconf 89' lang='lat' dir='ltr'><strong>latine</strong></span> 
     </span>
    </p>
   </div>
   <div class='ocr_carea' id='block_1_16' title="bbox 315 1730 1892 1800">
    <p class='ocr_par' dir='ltr' id='par_1_16' title="bbox 315 1730 1892 1800">
     <span class='ocr_line' id='line_1_16' title="bbox 315 1730 1892 1800; baseline -0.005 -8"><span class='ocrx_word' id='word_1_112' title='bbox 315 1738 440 1799; x_wconf 89' lang='lat' dir='ltr'><strong>dici,</strong></span> <span class='ocrx_word' id='word_1_113' title='bbox 474 1737 516 1789; x_wconf 93' lang='lat' dir='ltr'><strong>si</strong></span> <span class='ocrx_word' id='word_1_114' title='bbox 545 1736 830 1797; x_wconf 88' lang='lat' dir='ltr'><strong>diceretur,</strong></span> <span class='ocrx_word' id='word_1_115' title='bbox 851 1731 924 1787; x_wconf 91' lang='lat' dir='ltr'><strong>lte</strong></span> <span class='ocrx_word' id='word_1_116' title='bbox 951 1734 1003 1785; x_wconf 92' lang='lat' dir='ltr'><strong>in</strong></span> <span class='ocrx_word' id='word_1_117' title='bbox 1025 1733 1289 1787; x_wconf 89' lang='lat' dir='ltr'><strong>civitatem</strong></span> <span class='ocrx_word' id='word_1_118' title='bbox 1316 1731 1381 1785; x_wconf 87' lang='lat' dir='ltr'><strong>ad</strong></span> <span class='ocrx_word' id='word_1_119' title='bbox 1405 1730 1709 1800; x_wconf 80' lang='lat' dir='ltr'><strong>quemdam,</strong></span> <span class='ocrx_word' id='word_1_120' title='bbox 1736 1745 1892 1800; x_wconf 90' lang='lat' dir='ltr'><strong>quem</strong></span> 
     </span>
    </p>
   </div>
   <div class='ocr_carea' id='block_1_17' title="bbox 318 1822 1896 1891">
    <p class='ocr_par' dir='ltr' id='par_1_17' title="bbox 318 1822 1896 1891">
     <span class='ocr_line' id='line_1_17' title="bbox 318 1822 1896 1891; baseline -0.002 -12"><span class='ocrx_word' id='word_1_121' title='bbox 318 1828 467 1881; x_wconf 82' lang='lat' dir='ltr'><strong>vobis</strong></span> <span class='ocrx_word' id='word_1_122' title='bbox 495 1823 936 1880; x_wconf 87' lang='lat' dir='ltr'><strong>demonstraverit</strong></span> <span class='ocrx_word' id='word_1_123' title='bbox 966 1822 1128 1876; x_wconf 89' lang='lat' dir='ltr'><strong>homo</strong></span> <span class='ocrx_word' id='word_1_124' title='bbox 1153 1823 1239 1891; x_wconf 92' lang='lat' dir='ltr'><strong>qui</strong></span> <span class='ocrx_word' id='word_1_125' title='bbox 1260 1823 1410 1876; x_wconf 87' lang='lat' dir='ltr'><strong>vobis</strong></span> <span class='ocrx_word' id='word_1_126' title='bbox 1435 1823 1724 1876; x_wconf 88' lang='lat' dir='ltr'><strong>occurrerit</strong></span> <span class='ocrx_word' id='word_1_127' title='bbox 1754 1822 1896 1891; x_wconf 84' lang='lat' dir='ltr'><strong>lage-</strong></span> 
     </span>
    </p>
   </div>
   <div class='ocr_carea' id='block_1_18' title="bbox 313 1911 1896 1985">
    <p class='ocr_par' dir='ltr' id='par_1_18' title="bbox 313 1911 1896 1985">
     <span class='ocr_line' id='line_1_18' title="bbox 313 1911 1896 1985; baseline -0.005 -14"><span class='ocrx_word' id='word_1_128' title='bbox 313 1934 438 1972; x_wconf 89' lang='lat' dir='ltr'><strong>nam</strong></span> <span class='ocrx_word' id='word_1_129' title='bbox 469 1932 619 1985; x_wconf 78' lang='lat' dir='ltr'><strong>aqua:</strong></span> <span class='ocrx_word' id='word_1_130' title='bbox 647 1923 865 1984; x_wconf 88' lang='lat' dir='ltr'><strong>portans</strong></span> <span class='ocrx_word' id='word_1_131' title='bbox 895 1931 908 1965; x_wconf 89' lang='lat'><strong>:</strong></span> <span class='ocrx_word' id='word_1_132' title='bbox 941 1915 1042 1966; x_wconf 93' lang='lat' dir='ltr'><strong>hoc</strong></span> <span class='ocrx_word' id='word_1_133' title='bbox 1066 1912 1226 1967; x_wconf 91' lang='lat' dir='ltr'><strong>modo</strong></span> <span class='ocrx_word' id='word_1_134' title='bbox 1255 1911 1462 1982; x_wconf 88' lang='lat' dir='ltr'><strong>jubenti</strong></span> <span class='ocrx_word' id='word_1_135' title='bbox 1489 1912 1604 1966; x_wconf 87' lang='lat' dir='ltr'><strong>sine</strong></span> <span class='ocrx_word' id='word_1_136' title='bbox 1636 1911 1896 1980; x_wconf 83' lang='lat' dir='ltr'><strong>ambigui-</strong></span> 
     </span>
    </p>
   </div>
   <div class='ocr_carea' id='block_1_19' title="bbox 303 2000 1889 2075">
    <p class='ocr_par' dir='ltr' id='par_1_19' title="bbox 303 2000 1889 2075">
     <span class='ocr_line' id='line_1_19' title="bbox 303 2000 1889 2075; baseline -0.002 -18"><span class='ocrx_word' id='word_1_137' title='bbox 303 2016 424 2062; x_wconf 90' lang='lat' dir='ltr'><strong>.tate</strong></span> <span class='ocrx_word' id='word_1_138' title='bbox 451 2015 626 2075; x_wconf 88' lang='lat' dir='ltr'><strong>posset</strong></span> <span class='ocrx_word' id='word_1_139' title='bbox 656 2003 1034 2072; x_wconf 86' lang='lat' dir='ltr'><strong>obtemperari.</strong></span> <span class='ocrx_word' id='word_1_140' title='bbox 1061 2002 1219 2057; x_wconf 81' lang='lat' dir='ltr'><strong>Velut</strong></span> <span class='ocrx_word' id='word_1_141' title='bbox 1246 2003 1404 2056; x_wconf 87' lang='lat' dir='ltr'><strong>etiam</strong></span> <span class='ocrx_word' id='word_1_142' title='bbox 1431 2002 1475 2055; x_wconf 90' lang='lat' dir='ltr'><strong>si</strong></span> <span class='ocrx_word' id='word_1_143' title='bbox 1495 2001 1716 2063; x_wconf 88' lang='lat' dir='ltr'><strong>diceret,</strong></span> <span class='ocrx_word' id='word_1_144' title='bbox 1740 2001 1816 2055; x_wconf 91' lang='lat' dir='ltr'><strong>lte</strong></span> <span class='ocrx_word' id='word_1_145' title='bbox 1837 2000 1889 2054; x_wconf 94' lang='lat' dir='ltr'><strong>in</strong></span> 
     </span>
    </p>
   </div>
   <div class='ocr_carea' id='block_1_20' title="bbox 313 2091 1892 2164">
    <p class='ocr_par' dir='ltr' id='par_1_20' title="bbox 313 2091 1892 2164">
     <span class='ocr_line' id='line_1_20' title="bbox 313 2091 1892 2164; baseline -0.006 -12"><span class='ocrx_word' id='word_1_146' title='bbox 313 2098 579 2152; x_wconf 87' lang='lat' dir='ltr'><strong>civitatem</strong></span> <span class='ocrx_word' id='word_1_147' title='bbox 609 2094 676 2148; x_wconf 90' lang='lat' dir='ltr'><strong>ad</strong></span> <span class='ocrx_word' id='word_1_148' title='bbox 700 2092 980 2164; x_wconf 88' lang='lat' dir='ltr'><strong>quemdam</strong></span> <span class='ocrx_word' id='word_1_149' title='bbox 1012 2094 1100 2163; x_wconf 90' lang='lat' dir='ltr'><strong>qui</strong></span> <span class='ocrx_word' id='word_1_150' title='bbox 1123 2103 1302 2147; x_wconf 87' lang='lat' dir='ltr'><strong>manet</strong></span> <span class='ocrx_word' id='word_1_151' title='bbox 1326 2095 1415 2146; x_wconf 92' lang='lat' dir='ltr'><strong>illo</strong></span> <span class='ocrx_word' id='word_1_152' title='bbox 1441 2101 1532 2146; x_wconf 86' lang='lat' dir='ltr'><strong>aut</strong></span> <span class='ocrx_word' id='word_1_153' title='bbox 1556 2093 1642 2145; x_wconf 91' lang='lat' dir='ltr'><strong>illo</strong></span> <span class='ocrx_word' id='word_1_154' title='bbox 1669 2093 1809 2156; x_wconf 92' lang='lat' dir='ltr'><strong>loco,</strong></span> <span class='ocrx_word' id='word_1_155' title='bbox 1838 2091 1892 2144; x_wconf 87' lang='lat' dir='ltr'><strong>in</strong></span> 
     </span>
    </p>
   </div>
   <div class='ocr_carea' id='block_1_21' title="bbox 317 2185 1890 2255">
    <p class='ocr_par' dir='ltr' id='par_1_21' title="bbox 317 2185 1890 2255">
     <span class='ocr_line' id='line_1_21' title="bbox 317 2185 1890 2255; baseline -0.006 -9"><span class='ocrx_word' id='word_1_156' title='bbox 317 2191 406 2246; x_wconf 88' lang='lat' dir='ltr'><strong>tali</strong></span> <span class='ocrx_word' id='word_1_157' title='bbox 435 2191 515 2244; x_wconf 90' lang='lat' dir='ltr'><strong>vel</strong></span> <span class='ocrx_word' id='word_1_158' title='bbox 542 2190 631 2243; x_wconf 89' lang='lat' dir='ltr'><strong>tali</strong></span> <span class='ocrx_word' id='word_1_159' title='bbox 660 2189 849 2252; x_wconf 87' lang='lat' dir='ltr'><strong>domo;</strong></span> <span class='ocrx_word' id='word_1_160' title='bbox 883 2202 1000 2240; x_wconf 89' lang='lat' dir='ltr'><strong>cum</strong></span> <span class='ocrx_word' id='word_1_161' title='bbox 1042 2188 1388 2255; x_wconf 83' lang='lat' dir='ltr'><strong>expressione</strong></span> <span class='ocrx_word' id='word_1_162' title='bbox 1428 2187 1525 2240; x_wconf 82' lang='lat' dir='ltr'><strong>loci</strong></span> <span class='ocrx_word' id='word_1_163' title='bbox 1554 2195 1606 2239; x_wconf 83' lang='lat' dir='ltr'><strong>et</strong></span> <span class='ocrx_word' id='word_1_164' title='bbox 1641 2185 1890 2253; x_wconf 87' lang='lat' dir='ltr'><strong>designa-</strong></span> 
     </span>
    </p>
   </div>
   <div class='ocr_carea' id='block_1_22' title="bbox 306 2278 1890 2348">
    <p class='ocr_par' dir='ltr' id='par_1_22' title="bbox 306 2278 1890 2348">
     <span class='ocr_line' id='line_1_22' title="bbox 306 2278 1890 2348; baseline -0.004 -12"><span class='ocrx_word' id='word_1_165' title='bbox 306 2283 458 2336; x_wconf 74' lang='lat' dir='ltr'><strong>tione</strong></span> <span class='ocrx_word' id='word_1_166' title='bbox 487 2281 712 2344; x_wconf 89' lang='lat' dir='ltr'><strong>domus;</strong></span> <span class='ocrx_word' id='word_1_167' title='bbox 745 2293 924 2347; x_wconf 82' lang='lat' dir='ltr'><strong>posset</strong></span> <span class='ocrx_word' id='word_1_168' title='bbox 951 2278 1196 2348; x_wconf 77' lang='lat' dir='ltr'><strong>intelligi,</strong></span> <span class='ocrx_word' id='word_1_169' title='bbox 1230 2289 1403 2348; x_wconf 84' lang='lat' dir='ltr'><strong>posset</strong></span> <span class='ocrx_word' id='word_1_170' title='bbox 1438 2280 1570 2332; x_wconf 89' lang='lat' dir='ltr'><strong>lieri.</strong></span> <span class='ocrx_word' id='word_1_171' title='bbox 1602 2278 1693 2332; x_wconf 88' lang='lat' dir='ltr'><strong>llis</strong></span> <span class='ocrx_word' id='word_1_172' title='bbox 1712 2286 1890 2332; x_wconf 89' lang='lat' dir='ltr'><strong>autem</strong></span> 
     </span>
    </p>
   </div>
   <div class='ocr_carea' id='block_1_23' title="bbox 1647 346 2203 410">
    <p class='ocr_par' dir='ltr' id='par_1_23' title="bbox 1647 346 2203 410">
     <span class='ocr_line' id='line_1_23' title="bbox 1647 346 2203 410; baseline 0.011 -8"><span class='ocrx_word' id='word_1_173' title='bbox 1647 346 1851 405; x_wconf 85' lang='lat' dir='ltr'><strong>LIBER</strong></span> <span class='ocrx_word' id='word_1_174' title='bbox 1887 350 2203 410; x_wconf 76' lang='lat' dir='ltr'><strong>TERTIUS.</strong></span> 
     </span>
    </p>
   </div>
   <div class='ocr_carea' id='block_1_24' title="bbox 3434 355 3571 413">
    <p class='ocr_par' dir='ltr' id='par_1_24' title="bbox 3434 355 3571 413">
     <span class='ocr_line' id='line_1_24' title="bbox 3434 355 3571 413; baseline 0.022 -3"><span class='ocrx_word' id='word_1_175' title='bbox 3434 355 3571 413; x_wconf 74' lang='grc'><strong>1158</strong></span> 
     </span>
    </p>
   </div>
   <div class='ocr_carea' id='block_1_25' title="bbox 1999 462 3567 534">
    <p class='ocr_par' dir='ltr' id='par_1_25' title="bbox 1999 462 3567 534">
     <span class='ocr_line' id='line_1_25' title="bbox 1999 462 3567 534; baseline 0.004 -17"><span class='ocrx_word' id='word_1_176' title='bbox 1999 473 2157 534; x_wconf 90' lang='lat' dir='ltr'><strong>atque</strong></span> <span class='ocrx_word' id='word_1_177' title='bbox 2182 463 2480 534; x_wconf 72' lang='lat' dir='ltr'><strong>huiusmodi</strong></span> <span class='ocrx_word' id='word_1_178' title='bbox 2506 463 2714 520; x_wconf 65' lang='lat' dir='ltr'><strong>caeteris</strong></span> <span class='ocrx_word' id='word_1_179' title='bbox 2743 463 2914 519; x_wconf 86' lang='lat' dir='ltr'><strong>tacitis</strong></span> <span class='ocrx_word' id='word_1_180' title='bbox 2941 462 3150 520; x_wconf 89' lang='lat' dir='ltr'><strong>indiciis</strong></span> <span class='ocrx_word' id='word_1_181' title='bbox 3175 465 3264 534; x_wconf 90' lang='lat' dir='ltr'><strong>qui</strong></span> <span class='ocrx_word' id='word_1_182' title='bbox 3299 465 3424 520; x_wconf 87' lang='lat' dir='ltr'><strong>dicit</strong></span> <span class='ocrx_word' id='word_1_183' title='bbox 3449 509 3463 529; x_wconf 92' lang='lat'><strong>,</strong></span> <span class='ocrx_word' id='word_1_184' title='bbox 3493 469 3567 523; x_wconf 89' lang='lat' dir='ltr'><strong>Ite</strong></span> 
     </span>
    </p>
   </div>
   <div class='ocr_carea' id='block_1_26' title="bbox 1999 555 3564 626">
    <p class='ocr_par' dir='ltr' id='par_1_26' title="bbox 1999 555 3564 626">
     <span class='ocr_line' id='line_1_26' title="bbox 1999 555 3564 626; baseline 0 -16"><span class='ocrx_word' id='word_1_185' title='bbox 1999 555 2063 610; x_wconf 90' lang='lat' dir='ltr'><strong>ad</strong></span> <span class='ocrx_word' id='word_1_186' title='bbox 2103 555 2379 626; x_wconf 85' lang='lat' dir='ltr'><strong>quemdam</strong></span> <span class='ocrx_word' id='word_1_187' title='bbox 2403 597 2418 621; x_wconf 91' lang='lat'><strong>,</strong></span> <span class='ocrx_word' id='word_1_188' title='bbox 2465 564 2519 610; x_wconf 90' lang='lat' dir='ltr'><strong>et</strong></span> <span class='ocrx_word' id='word_1_189' title='bbox 2555 556 2712 610; x_wconf 86' lang='lat' dir='ltr'><strong>dicite</strong></span> <span class='ocrx_word' id='word_1_190' title='bbox 2739 556 2827 620; x_wconf 90' lang='lat' dir='ltr'><strong>ei,</strong></span> <span class='ocrx_word' id='word_1_191' title='bbox 2861 555 2978 610; x_wconf 89' lang='lat' dir='ltr'><strong>ideo</strong></span> <span class='ocrx_word' id='word_1_192' title='bbox 3015 570 3121 610; x_wconf 91' lang='lat' dir='ltr'><strong>non</strong></span> <span class='ocrx_word' id='word_1_193' title='bbox 3159 565 3332 626; x_wconf 89' lang='lat' dir='ltr'><strong>potest</strong></span> <span class='ocrx_word' id='word_1_194' title='bbox 3375 559 3564 623; x_wconf 89' lang='lat' dir='ltr'><strong>audiri,</strong></span> 
     </span>
    </p>
   </div>
   <div class='ocr_carea' id='block_1_27' title="bbox 1999 646 3564 716">
    <p class='ocr_par' dir='ltr' id='par_1_27' title="bbox 1999 646 3564 716">
     <span class='ocr_line' id='line_1_27' title="bbox 1999 646 3564 716; baseline 0.003 -19"><span class='ocrx_word' id='word_1_195' title='bbox 1999 646 2118 714; x_wconf 88' lang='lat' dir='ltr'><strong>quia</strong></span> <span class='ocrx_word' id='word_1_196' title='bbox 2162 655 2364 700; x_wconf 89' lang='lat' dir='ltr'><strong>certum</strong></span> <span class='ocrx_word' id='word_1_197' title='bbox 2393 647 2620 716; x_wconf 89' lang='lat' dir='ltr'><strong>aliquem</strong></span> <span class='ocrx_word' id='word_1_198' title='bbox 2666 646 2780 700; x_wconf 88' lang='lat' dir='ltr'><strong>vult</strong></span> <span class='ocrx_word' id='word_1_199' title='bbox 2825 646 3084 716; x_wconf 82' lang='lat' dir='ltr'><strong>intelligi,</strong></span> <span class='ocrx_word' id='word_1_200' title='bbox 3139 661 3258 701; x_wconf 87' lang='lat' dir='ltr'><strong>cum</strong></span> <span class='ocrx_word' id='word_1_201' title='bbox 3309 647 3468 710; x_wconf 86' lang='lat' dir='ltr'><strong>dicit,</strong></span> <span class='ocrx_word' id='word_1_202' title='bbox 3497 648 3564 702; x_wconf 89' lang='lat' dir='ltr'><strong>ad</strong></span> 
     </span>
    </p>
   </div>
   <div class='ocr_carea' id='block_1_28' title="bbox 1999 735 3557 805">
    <p class='ocr_par' dir='ltr' id='par_1_28' title="bbox 1999 735 3557 805">
     <span class='ocr_line' id='line_1_28' title="bbox 1999 735 3557 805; baseline 0.001 -19"><span class='ocrx_word' id='word_1_203' title='bbox 1999 736 2380 804; x_wconf 87' lang='lat' dir='ltr'><strong>quemdam&#39;.et</strong></span> <span class='ocrx_word' id='word_1_204' title='bbox 2439 751 2541 788; x_wconf 93' lang='lat' dir='ltr'><strong>non</strong></span> <span class='ocrx_word' id='word_1_205' title='bbox 2593 736 2842 804; x_wconf 82' lang='lat' dir='ltr'><strong>exprimit</strong></span> <span class='ocrx_word' id='word_1_206' title='bbox 2887 735 3152 804; x_wconf 86' lang='lat' dir='ltr'><strong>quomodo</strong></span> <span class='ocrx_word' id='word_1_207' title='bbox 3203 736 3557 805; x_wconf 84' lang='lat' dir='ltr'><strong>dignoscatur.</strong></span> 
     </span>
    </p>
   </div>
   <div class='ocr_carea' id='block_1_29' title="bbox 1998 825 3564 896">
    <p class='ocr_par' dir='ltr' id='par_1_29' title="bbox 1998 825 3564 896">
     <span class='ocr_line' id='line_1_29' title="bbox 1998 825 3564 896; baseline 0.003 -20"><span class='ocrx_word' id='word_1_208' title='bbox 1998 825 2146 890; x_wconf 84' lang='lat' dir='ltr'><strong>Quod</strong></span> <span class='ocrx_word' id='word_1_209' title='bbox 2171 826 2212 879; x_wconf 92' lang='lat' dir='ltr'><strong>si</strong></span> <span class='ocrx_word' id='word_1_210' title='bbox 2239 841 2301 879; x_wconf 88' lang='lat' dir='ltr'><strong>cx</strong></span> <span class='ocrx_word' id='word_1_211' title='bbox 2327 841 2551 894; x_wconf 87' lang='lat' dir='ltr'><strong>persona</strong></span> <span class='ocrx_word' id='word_1_212' title='bbox 2579 826 2926 894; x_wconf 67' lang='lat' dir='ltr'><strong>Evangelistaa</strong></span> <span class='ocrx_word' id='word_1_213' title='bbox 2951 826 3145 879; x_wconf 88' lang='lat' dir='ltr'><strong>dictum</strong></span> <span class='ocrx_word' id='word_1_214' title='bbox 3177 826 3303 880; x_wconf 90' lang='lat' dir='ltr'><strong>illud</strong></span> <span class='ocrx_word' id='word_1_215' title='bbox 3331 828 3564 896; x_wconf 86' lang='lat' dir='ltr'><strong>interpo-</strong></span> 
     </span>
    </p>
   </div>
   <div class='ocr_carea' id='block_1_30' title="bbox 1999 916 3562 985">
    <p class='ocr_par' dir='ltr' id='par_1_30' title="bbox 1999 916 3562 985">
     <span class='ocr_line' id='line_1_30' title="bbox 1999 916 3562 985; baseline 0.003 -17"><span class='ocrx_word' id='word_1_216' title='bbox 1999 917 2155 968; x_wconf 92' lang='lat' dir='ltr'><strong>situm</strong></span> <span class='ocrx_word' id='word_1_217' title='bbox 2183 916 2560 985; x_wconf 82' lang='lat' dir='ltr'><strong>acceperimus,</strong></span> <span class='ocrx_word' id='word_1_218' title='bbox 2587 917 2688 969; x_wconf 90' lang='lat' dir='ltr'><strong>erit</strong></span> <span class='ocrx_word' id='word_1_219' title='bbox 2708 917 2918 984; x_wconf 89' lang='lat' dir='ltr'><strong>quidem</strong></span> <span class='ocrx_word' id='word_1_220' title='bbox 2942 918 3262 971; x_wconf 88' lang='lat' dir='ltr'><strong>necessitate</strong></span> <span class='ocrx_word' id='word_1_221' title='bbox 3291 918 3562 972; x_wconf 82' lang='lat' dir='ltr'><strong>brevitatis</strong></span> 
     </span>
    </p>
   </div>
   <div class='ocr_carea' id='block_1_31' title="bbox 1999 1007 3564 1077">
    <p class='ocr_par' dir='ltr' id='par_1_31' title="bbox 1999 1007 3564 1077">
     <span class='ocr_line' id='line_1_31' title="bbox 1999 1007 3564 1077; baseline 0.001 -17"><span class='ocrx_word' id='word_1_222' title='bbox 1999 1007 2318 1061; x_wconf 83' lang='lat' dir='ltr'><strong>subobscura</strong></span> <span class='ocrx_word' id='word_1_223' title='bbox 2365 1007 2598 1072; x_wconf 85' lang='lat' dir='ltr'><strong>locutio,</strong></span> <span class='ocrx_word' id='word_1_224' title='bbox 2643 1008 2737 1062; x_wconf 85' lang='lat' dir='ltr'><strong>scd</strong></span> <span class='ocrx_word' id='word_1_225' title='bbox 2779 1018 2952 1062; x_wconf 91' lang='lat' dir='ltr'><strong>tamen</strong></span> <span class='ocrx_word' id='word_1_226' title='bbox 2991 1009 3208 1077; x_wconf 84' lang='lat' dir='ltr'><strong>integra.</strong></span> <span class='ocrx_word' id='word_1_227' title='bbox 3241 1008 3390 1075; x_wconf 90' lang='lat' dir='ltr'><strong>Quod</strong></span> <span class='ocrx_word' id='word_1_228' title='bbox 3435 1025 3564 1063; x_wconf 84' lang='lat' dir='ltr'><strong>vero</strong></span> 
     </span>
    </p>
   </div>
   <div class='ocr_carea' id='block_1_32' title="bbox 1998 1099 3567 1170">
    <p class='ocr_par' dir='ltr' id='par_1_32' title="bbox 1998 1099 3567 1170">
     <span class='ocr_line' id='line_1_32' title="bbox 1998 1099 3567 1170; baseline 0.001 -16"><span class='ocrx_word' id='word_1_229' title='bbox 1998 1099 2203 1154; x_wconf 78' lang='lat' dir='ltr'><strong>Marcus</strong></span> <span class='ocrx_word' id='word_1_230' title='bbox 2245 1099 2486 1170; x_wconf 84' lang='lat' dir='ltr'><strong>lagenam</strong></span> <span class='ocrx_word' id='word_1_231' title='bbox 2527 1099 2688 1164; x_wconf 89' lang='lat' dir='ltr'><strong>dicit,</strong></span> <span class='ocrx_word' id='word_1_232' title='bbox 2717 1115 2874 1169; x_wconf 87' lang='lat' dir='ltr'><strong>quam</strong></span> <span class='ocrx_word' id='word_1_233' title='bbox 2905 1100 3076 1154; x_wconf 86' lang='lat' dir='ltr'><strong>Lucas</strong></span> <span class='ocrx_word' id='word_1_234' title='bbox 3101 1101 3445 1169; x_wconf 84' lang='lat' dir='ltr'><strong>amphoram;</strong></span> <span class='ocrx_word' id='word_1_235' title='bbox 3479 1101 3567 1156; x_wconf 90' lang='lat' dir='ltr'><strong>ille</strong></span> 
     </span>
    </p>
   </div>
   <div class='ocr_carea' id='block_1_33' title="bbox 1998 1191 3556 1261">
    <p class='ocr_par' dir='ltr' id='par_1_33' title="bbox 1998 1191 3556 1261">
     <span class='ocr_line' id='line_1_33' title="bbox 1998 1191 3556 1261; baseline 0.001 -17"><span class='ocrx_word' id='word_1_236' title='bbox 1998 1192 2139 1246; x_wconf 87' lang='lat' dir='ltr'><strong>vasis</strong></span> <span class='ocrx_word' id='word_1_237' title='bbox 2165 1207 2350 1261; x_wconf 85' lang='lat' dir='ltr'><strong>genus,</strong></span> <span class='ocrx_word' id='word_1_238' title='bbox 2382 1191 2469 1244; x_wconf 87' lang='lat' dir='ltr'><strong>ille</strong></span> <span class='ocrx_word' id='word_1_239' title='bbox 2498 1191 2711 1245; x_wconf 91' lang='lat' dir='ltr'><strong>modum</strong></span> <span class='ocrx_word' id='word_1_240' title='bbox 2741 1191 3055 1259; x_wconf 78' lang='lat' dir='ltr'><strong>signiﬁcavit</strong></span> <span class='ocrx_word' id='word_1_241' title='bbox 3087 1209 3100 1244; x_wconf 88' lang='lat'>:</span> <span class='ocrx_word' id='word_1_242' title='bbox 3135 1204 3356 1260; x_wconf 89' lang='lat' dir='ltr'><strong>uterque</strong></span> <span class='ocrx_word' id='word_1_243' title='bbox 3380 1201 3556 1246; x_wconf 87' lang='lat' dir='ltr'><strong>tamen</strong></span> 
     </span>
    </p>
   </div>
   <div class='ocr_carea' id='block_1_34' title="bbox 1997 1279 2905 1335">
    <p class='ocr_par' dir='ltr' id='par_1_34' title="bbox 1997 1279 2905 1335">
     <span class='ocr_line' id='line_1_34' title="bbox 1997 1279 2905 1335; baseline -0.006 0"><span class='ocrx_word' id='word_1_244' title='bbox 1997 1280 2272 1335; x_wconf 89' lang='lat' dir='ltr'><strong>veritatem</strong></span> <span class='ocrx_word' id='word_1_245' title='bbox 2300 1279 2576 1333; x_wconf 61' lang='lat' dir='ltr'><strong>sententiae</strong></span> <span class='ocrx_word' id='word_1_246' title='bbox 2603 1280 2905 1333; x_wconf 85' lang='lat' dir='ltr'><strong>custodivit.</strong></span> 
     </span>
    </p>
   </div>
   <div class='ocr_carea' id='block_1_35' title="bbox 2071 1368 3566 1439">
    <p class='ocr_par' dir='ltr' id='par_1_35' title="bbox 2071 1368 3566 1439">
     <span class='ocr_line' id='line_1_35' title="bbox 2071 1368 3566 1439; baseline -0.003 -13"><span class='ocrx_word' id='word_1_247' title='bbox 2071 1371 2192 1426; x_wconf 79' lang='grc'><strong>158.</strong></span> <span class='ocrx_word' id='word_1_248' title='bbox 2233 1370 2482 1439; x_wconf 83' lang='lat' dir='ltr'><strong>Seqnitur</strong></span> <span class='ocrx_word' id='word_1_249' title='bbox 2506 1369 2782 1423; x_wconf 79' lang='lat' dir='ltr'><strong>Mattlueus</strong></span> <span class='ocrx_word' id='word_1_250' title='bbox 2811 1389 2824 1424; x_wconf 92' lang='lat'><strong>:</strong></span> <span class='ocrx_word' id='word_1_251' title='bbox 2868 1368 3078 1439; x_wconf 83' lang='lat' dir='ltr'><strong>Vespere</strong></span> <span class='ocrx_word' id='word_1_252' title='bbox 3098 1379 3263 1422; x_wconf 85' lang='lat' dir='ltr'><strong>autem</strong></span> <span class='ocrx_word' id='word_1_253' title='bbox 3294 1373 3427 1439; x_wconf 76' lang='lat' dir='ltr'><strong>facto</strong></span> <span class='ocrx_word' id='word_1_254' title='bbox 3457 1371 3566 1422; x_wconf 87' lang='lat' dir='ltr'><strong>dis-</strong></span> 
     </span>
    </p>
   </div>
   <div class='ocr_carea' id='block_1_36' title="bbox 1997 1453 3570 1520">
    <p class='ocr_par' dir='ltr' id='par_1_36' title="bbox 1997 1453 3570 1520">
     <span class='ocr_line' id='line_1_36' title="bbox 1997 1453 3570 1520; baseline -0.002 -11"><span class='ocrx_word' id='word_1_255' title='bbox 1997 1454 2254 1509; x_wconf 89' lang='lat' dir='ltr'><strong>cumbebat</strong></span> <span class='ocrx_word' id='word_1_256' title='bbox 2287 1471 2401 1507; x_wconf 84' lang='lat' dir='ltr'><strong>cum</strong></span> <span class='ocrx_word' id='word_1_257' title='bbox 2447 1455 2708 1507; x_wconf 84' lang='lat' dir='ltr'><strong>duodecim</strong></span> <span class='ocrx_word' id='word_1_258' title='bbox 2750 1453 3043 1520; x_wconf 77' lang='lat' dir='ltr'><strong>discipulis;</strong></span> <span class='ocrx_word' id='word_1_259' title='bbox 3092 1463 3138 1506; x_wconf 88' lang='lat' dir='ltr'><strong>et</strong></span> <span class='ocrx_word' id='word_1_260' title='bbox 3170 1453 3423 1507; x_wconf 85' lang='lat' dir='ltr'><strong>edentibus</strong></span> <span class='ocrx_word' id='word_1_261' title='bbox 3467 1455 3570 1507; x_wconf 88' lang='lat' dir='ltr'><strong>illis</strong></span> 
     </span>
    </p>
   </div>
   <div class='ocr_carea' id='block_1_37' title="bbox 1997 1544 3572 1609">
    <p class='ocr_par' dir='ltr' id='par_1_37' title="bbox 1997 1544 3572 1609">
     <span class='ocr_line' id='line_1_37' title="bbox 1997 1544 3572 1609; baseline 0 -11"><span class='ocrx_word' id='word_1_262' title='bbox 1997 1545 2124 1598; x_wconf 82' lang='lat' dir='ltr'><strong>dixit</strong></span> <span class='ocrx_word' id='word_1_263' title='bbox 2149 1561 2168 1598; x_wconf 91' lang='lat'><strong><em>:</em></strong></span> <span class='ocrx_word' id='word_1_264' title='bbox 2191 1545 2347 1598; x_wconf 84' lang='lat' dir='ltr'><strong>Amen</strong></span> <span class='ocrx_word' id='word_1_265' title='bbox 2368 1545 2480 1597; x_wconf 88' lang='lat' dir='ltr'><strong>dico</strong></span> <span class='ocrx_word' id='word_1_266' title='bbox 2505 1544 2657 1606; x_wconf 88' lang='lat' dir='ltr'><strong>vobis,</strong></span> <span class='ocrx_word' id='word_1_267' title='bbox 2682 1544 2798 1609; x_wconf 84' lang='lat' dir='ltr'><strong>quia</strong></span> <span class='ocrx_word' id='word_1_268' title='bbox 2813 1561 2942 1598; x_wconf 86' lang='lat' dir='ltr'><strong>unus</strong></span> <span class='ocrx_word' id='word_1_269' title='bbox 2962 1554 3174 1598; x_wconf 88' lang='lat' dir='ltr'><strong>vestrum</strong></span> <span class='ocrx_word' id='word_1_270' title='bbox 3197 1563 3272 1598; x_wconf 90' lang='lat' dir='ltr'><strong>me</strong></span> <span class='ocrx_word' id='word_1_271' title='bbox 3296 1546 3572 1598; x_wconf 75' lang='lat' dir='ltr'><strong>traditurus</strong></span> 
     </span>
    </p>
   </div>
   <div class='ocr_carea' id='block_1_38' title="bbox 1998 1635 3570 1706">
    <p class='ocr_par' dir='ltr' id='par_1_38' title="bbox 1998 1635 3570 1706">
     <span class='ocr_line' id='line_1_38' title="bbox 1998 1635 3570 1706; baseline 0.001 -18"><span class='ocrx_word' id='word_1_272' title='bbox 1998 1645 2090 1689; x_wconf 85' lang='lat' dir='ltr'><strong>est.</strong></span> <span class='ocrx_word' id='word_1_273' title='bbox 2121 1635 2183 1687; x_wconf 85' lang='lat' dir='ltr'><strong>Et</strong></span> <span class='ocrx_word' id='word_1_274' title='bbox 2205 1636 2483 1689; x_wconf 85' lang='lat' dir='ltr'><strong>contristati</strong></span> <span class='ocrx_word' id='word_1_275' title='bbox 2505 1635 2668 1699; x_wconf 88' lang='lat' dir='ltr'><strong>valde,</strong></span> <span class='ocrx_word' id='word_1_276' title='bbox 2697 1645 2946 1704; x_wconf 68' lang='lat' dir='ltr'><strong>coeperunt</strong></span> <span class='ocrx_word' id='word_1_277' title='bbox 2965 1636 3148 1706; x_wconf 86' lang='lat' dir='ltr'><strong>singuli</strong></span> <span class='ocrx_word' id='word_1_278' title='bbox 3177 1637 3376 1690; x_wconf 82' lang='lat' dir='ltr'><strong>dicere:</strong></span> <span class='ocrx_word' id='word_1_279' title='bbox 3412 1635 3570 1690; x_wconf 84' lang='lat' dir='ltr'><strong>Nunt-</strong></span> 
     </span>
    </p>
   </div>
   <div class='ocr_carea' id='block_1_39' title="bbox 1998 1728 3568 1800">
    <p class='ocr_par' dir='ltr' id='par_1_39' title="bbox 1998 1728 3568 1800">
     <span class='ocr_line' id='line_1_39' title="bbox 1998 1728 3568 1800; baseline 0.001 -19"><span class='ocrx_word' id='word_1_280' title='bbox 1998 1729 2118 1800; x_wconf 90' lang='lat' dir='ltr'><strong>quid</strong></span> <span class='ocrx_word' id='word_1_281' title='bbox 2141 1746 2231 1800; x_wconf 85' lang='lat' dir='ltr'><strong>ego</strong></span> <span class='ocrx_word' id='word_1_282' title='bbox 2253 1747 2392 1795; x_wconf 88' lang='lat' dir='ltr'><strong>sum,</strong></span> <span class='ocrx_word' id='word_1_283' title='bbox 2434 1729 2687 1782; x_wconf 87' lang='lat' dir='ltr'><strong>Domine?</strong></span> <span class='ocrx_word' id='word_1_284' title='bbox 2726 1740 2854 1792; x_wconf 84' lang='lat' dir='ltr'><strong>etc.,</strong></span> <span class='ocrx_word' id='word_1_285' title='bbox 2887 1745 3051 1797; x_wconf 88' lang='lat' dir='ltr'><strong>usque</strong></span> <span class='ocrx_word' id='word_1_286' title='bbox 3077 1730 3141 1783; x_wconf 87' lang='lat' dir='ltr'><strong>ad</strong></span> <span class='ocrx_word' id='word_1_287' title='bbox 3174 1728 3302 1783; x_wconf 86' lang='lat' dir='ltr'><strong>illud</strong></span> <span class='ocrx_word' id='word_1_288' title='bbox 3351 1729 3437 1782; x_wconf 85' lang='lat' dir='ltr'><strong>ubi</strong></span> <span class='ocrx_word' id='word_1_289' title='bbox 3466 1729 3568 1793; x_wconf 86' lang='lat' dir='ltr'><strong>ait,</strong></span> 
     </span>
    </p>
   </div>
   <div class='ocr_carea' id='block_1_40' title="bbox 1999 1817 3572 1888">
    <p class='ocr_par' dir='ltr' id='par_1_40' title="bbox 1999 1817 3572 1888">
     <span class='ocr_line' id='line_1_40' title="bbox 1999 1817 3572 1888; baseline 0.001 -17"><span class='ocrx_word' id='word_1_290' title='bbox 1999 1818 2326 1888; x_wconf 77' lang='lat' dir='ltr'><strong>Respondeas</strong></span> <span class='ocrx_word' id='word_1_291' title='bbox 2355 1827 2518 1872; x_wconf 87' lang='lat' dir='ltr'><strong>autem</strong></span> <span class='ocrx_word' id='word_1_292' title='bbox 2539 1817 2703 1872; x_wconf 75' lang='lat' dir='ltr'><strong>ludas</strong></span> <span class='ocrx_word' id='word_1_293' title='bbox 2721 1820 2804 1888; x_wconf 88' lang='lat' dir='ltr'><strong>qui</strong></span> <span class='ocrx_word' id='word_1_294' title='bbox 2831 1820 3034 1870; x_wconf 85' lang='lat' dir='ltr'><strong>tradidit</strong></span> <span class='ocrx_word' id='word_1_295' title='bbox 3056 1835 3188 1882; x_wconf 88' lang='lat' dir='ltr'><strong>eum,</strong></span> <span class='ocrx_word' id='word_1_296' title='bbox 3219 1819 3342 1871; x_wconf 76' lang='lat' dir='ltr'><strong>dixit</strong></span> <span class='ocrx_word' id='word_1_297' title='bbox 3364 1834 3382 1870; x_wconf 84' lang='lat'><strong><em>:</em></strong></span> <span class='ocrx_word' id='word_1_298' title='bbox 3409 1817 3572 1872; x_wconf 72' lang='lat' dir='ltr'><strong>Num-</strong></span> 
     </span>
    </p>
   </div>
   <div class='ocr_carea' id='block_1_41' title="bbox 1998 1907 3570 1979">
    <p class='ocr_par' dir='ltr' id='par_1_41' title="bbox 1998 1907 3570 1979">
     <span class='ocr_line' id='line_1_41' title="bbox 1998 1907 3570 1979; baseline 0.003 -21"><span class='ocrx_word' id='word_1_299' title='bbox 1998 1911 2118 1979; x_wconf 83' lang='lat' dir='ltr'><strong>quid</strong></span> <span class='ocrx_word' id='word_1_300' title='bbox 2136 1925 2226 1978; x_wconf 88' lang='lat' dir='ltr'><strong>ego</strong></span> <span class='ocrx_word' id='word_1_301' title='bbox 2247 1925 2377 1972; x_wconf 88' lang='lat' dir='ltr'><strong>sum,</strong></span> <span class='ocrx_word' id='word_1_302' title='bbox 2397 1907 2598 1962; x_wconf 82' lang='lat' dir='ltr'><strong>Rabbi?</strong></span> <span class='ocrx_word' id='word_1_303' title='bbox 2622 1909 2703 1960; x_wconf 85' lang='lat' dir='ltr'><strong>Ait</strong></span> <span class='ocrx_word' id='word_1_304' title='bbox 2729 1909 2805 1961; x_wconf 84' lang='lat' dir='ltr'><strong>illi</strong></span> <span class='ocrx_word' id='word_1_305' title='bbox 2833 1925 2851 1962; x_wconf 90' lang='lat'><strong><em>:</em></strong></span> <span class='ocrx_word' id='word_1_306' title='bbox 2881 1907 2960 1961; x_wconf 88' lang='lat' dir='ltr'><strong>Tu</strong></span> <span class='ocrx_word' id='word_1_307' title='bbox 2986 1909 3156 1961; x_wconf 71' lang='lat' dir='ltr'><strong>dixisti</strong></span> <span class='ocrx_word' id='word_1_308' title='bbox 3179 1908 3389 1976; x_wconf 81' lang='lat' dir='ltr'><strong>(Matth.</strong></span> <span class='ocrx_word' id='word_1_309' title='bbox 3417 1925 3570 1970; x_wconf 71' lang='lat' dir='ltr'><strong>sxw,</strong></span> 
     </span>
    </p>
   </div>
   <div class='ocr_carea' id='block_1_42' title="bbox 1997 1997 3570 2068">
    <p class='ocr_par' dir='ltr' id='par_1_42' title="bbox 1997 1997 3570 2068">
     <span class='ocr_line' id='line_1_42' title="bbox 1997 1997 3570 2068; baseline -0.002 -14"><span class='ocrx_word' id='word_1_310' title='bbox 1997 1999 2212 2068; x_wconf 70' lang='lat'><strong>20-25).</strong></span> <span class='ocrx_word' id='word_1_311' title='bbox 2243 1997 2294 2050; x_wconf 95' lang='lat' dir='ltr'><strong>In</strong></span> <span class='ocrx_word' id='word_1_312' title='bbox 2328 1997 2409 2051; x_wconf 87' lang='lat' dir='ltr'><strong>his</strong></span> <span class='ocrx_word' id='word_1_313' title='bbox 2438 2013 2556 2066; x_wconf 64' lang='lat' dir='ltr'><strong>quae</strong></span> <span class='ocrx_word' id='word_1_314' title='bbox 2581 1998 2965 2052; x_wconf 89' lang='lat' dir='ltr'><strong>consideranda</strong></span> <span class='ocrx_word' id='word_1_315' title='bbox 2999 2015 3138 2051; x_wconf 87' lang='lat' dir='ltr'><strong>nunc</strong></span> <span class='ocrx_word' id='word_1_316' title='bbox 3169 2001 3570 2067; x_wconf 86' lang='lat' dir='ltr'><strong>proposuimus,</strong></span> 
     </span>
    </p>
   </div>
   <div class='ocr_carea' id='block_1_43' title="bbox 1998 2090 3572 2158">
    <p class='ocr_par' dir='ltr' id='par_1_43' title="bbox 1998 2090 3572 2158">
     <span class='ocr_line' id='line_1_43' title="bbox 1998 2090 3572 2158; baseline -0.001 -13"><span class='ocrx_word' id='word_1_317' title='bbox 1998 2092 2128 2146; x_wconf 87' lang='lat' dir='ltr'><strong>nihil</strong></span> <span class='ocrx_word' id='word_1_318' title='bbox 2157 2090 2381 2144; x_wconf 80' lang='lat' dir='ltr'><strong>nll&#39;erunt</strong></span> <span class='ocrx_word' id='word_1_319' title='bbox 2416 2090 2725 2157; x_wconf 68' lang='lat' dir='ltr'><strong>qumstionis</strong></span> <span class='ocrx_word' id='word_1_320' title='bbox 2754 2091 2912 2144; x_wconf 83' lang='lat' dir='ltr'><strong>etiam</strong></span> <span class='ocrx_word' id='word_1_321' title='bbox 2956 2091 3134 2144; x_wconf 67' lang='lat' dir='ltr'><strong>cancri</strong></span> <span class='ocrx_word' id='word_1_322' title='bbox 3187 2091 3572 2158; x_wconf 72' lang='lat' dir='ltr'><strong>Evangelistaz.</strong></span> 
     </span>
    </p>
   </div>
   <div class='ocr_carea' id='block_1_44' title="bbox 1998 2179 3572 2253">
    <p class='ocr_par' dir='ltr' id='par_1_44' title="bbox 1998 2179 3572 2253">
     <span class='ocr_line' id='line_1_44' title="bbox 1998 2179 3572 2253; baseline -0.002 -16"><span class='ocrx_word' id='word_1_323' title='bbox 1998 2185 2086 2253; x_wconf 92' lang='lat' dir='ltr'><strong>qui</strong></span> <span class='ocrx_word' id='word_1_324' title='bbox 2112 2183 2233 2236; x_wconf 88' lang='lat' dir='ltr'><strong>talia</strong></span> <span class='ocrx_word' id='word_1_325' title='bbox 2256 2190 2674 2235; x_wconf 90' lang='lat' dir='ltr'><strong>commemorant</strong></span> <span class='ocrx_word' id='word_1_326' title='bbox 2700 2180 2887 2249; x_wconf 81' lang='lat' dir='ltr'><strong>(Marc.</strong></span> <span class='ocrx_word' id='word_1_327' title='bbox 2920 2196 3034 2246; x_wconf 82' lang='lat' dir='ltr'><strong>xw,</strong></span> <span class='ocrx_word' id='word_1_328' title='bbox 3065 2181 3226 2234; x_wconf 69' lang='lat'><strong>17-21</strong></span> <span class='ocrx_word' id='word_1_329' title='bbox 3247 2197 3263 2233; x_wconf 94' lang='lat'><em>:</em></span> <span class='ocrx_word' id='word_1_330' title='bbox 3287 2179 3412 2232; x_wconf 88' lang='lat' dir='ltr'><strong>Luc.</strong></span> <span class='ocrx_word' id='word_1_331' title='bbox 3439 2197 3572 2246; x_wconf 68' lang='grc' dir='ltr'><strong>χιιι,</strong></span> 
     </span>
    </p>
   </div>
   <div class='ocr_carea' id='block_1_45' title="bbox 2000 2270 2834 2341">
    <p class='ocr_par' dir='ltr' id='par_1_45' title="bbox 2000 2270 2834 2341">
     <span class='ocr_line' id='line_1_45' title="bbox 2000 2270 2834 2341; baseline -0.005 -13"><span class='ocrx_word' id='word_1_332' title='bbox 2000 2273 2187 2336; x_wconf 67' lang='grc' dir='ltr'><strong>ιιι-25,</strong></span> <span class='ocrx_word' id='word_1_333' title='bbox 2218 2281 2263 2326; x_wconf 86' lang='lat' dir='ltr'><strong>et</strong></span> <span class='ocrx_word' id='word_1_334' title='bbox 2289 2270 2444 2324; x_wconf 84' lang='lat' dir='ltr'><strong>Joan.</strong></span> <span class='ocrx_word' id='word_1_335' title='bbox 2477 2286 2601 2335; x_wconf 84' lang='lat' dir='ltr'><strong>xm,</strong></span> <span class='ocrx_word' id='word_1_336' title='bbox 2623 2270 2834 2341; x_wconf 70' lang='lat' dir='ltr'><strong>2l-27).</strong></span> 
     </span>
    </p>
   </div>
   <div class='ocr_carea' id='block_1_46' title="bbox 1305 2455 2571 2571">
    <p class='ocr_par' dir='ltr' id='par_1_46' title="bbox 1305 2455 2571 2571">
     <span class='ocr_line' id='line_1_46' title="bbox 1305 2455 2571 2571; baseline -0.006 0"><span class='ocrx_word' id='word_1_337' title='bbox 1305 2463 1774 2571; x_wconf 86' lang='lat' dir='ltr'><strong>LIBER</strong></span> <span class='ocrx_word' id='word_1_338' title='bbox 1857 2455 2571 2566; x_wconf 81' lang='lat' dir='ltr'><strong>TERTIUS.</strong></span> 
     </span>
    </p>
   </div>
   <div class='ocr_carea' id='block_1_47' title="bbox 304 2635 3576 2758">
    <p class='ocr_par' dir='ltr' id='par_1_47' title="bbox 304 2635 3576 2758">
     <span class='ocr_line' id='line_1_47' title="bbox 304 2635 3576 2758; baseline -0.004 -53"><span class='ocrx_word' id='word_1_339' title='bbox 304 2660 364 2705; x_wconf 83' lang='lat' dir='ltr'><strong>1n</strong></span> <span class='ocrx_word' id='word_1_340' title='bbox 381 2664 478 2718; x_wconf 89' lang='lat' dir='ltr'><strong>quo</strong></span> <span class='ocrx_word' id='word_1_341' title='bbox 498 2647 910 2714; x_wconf 79' lang='lat' dir='ltr'><strong>Evangelistarum</strong></span> <span class='ocrx_word' id='word_1_342' title='bbox 929 2658 959 2696; x_wconf 85' lang='lat' dir='ltr'><strong>a</strong></span> <span class='ocrx_word' id='word_1_343' title='bbox 979 2657 1132 2696; x_wconf 65' lang='lat' dir='ltr'><strong>omnia</strong></span> <span class='ocrx_word' id='word_1_344' title='bbox 1162 2644 1438 2695; x_wconf 70' lang='lat' dir='ltr'><strong>narratione</strong></span> <span class='ocrx_word' id='word_1_345' title='bbox 1459 2640 1518 2690; x_wconf 88' lang='lat' dir='ltr'><strong>ad</strong></span> <span class='ocrx_word' id='word_1_346' title='bbox 1541 2635 1788 2758; x_wconf 50' lang='lat' dir='ltr'><strong>Evailgqgi</strong></span> <span class='ocrx_word' id='word_1_347' title='bbox 1812 2635 2238 2750; x_wconf 45' lang='lat' dir='ltr'><strong>gggngqlnaqqlqdia</strong></span> <span class='ocrx_word' id='word_1_348' title='bbox 2252 2673 2268 2700; x_wconf 94' lang='lat'><strong>,</strong></span> <span class='ocrx_word' id='word_1_349' title='bbox 2291 2638 2464 2691; x_wconf 86' lang='lat' dir='ltr'><strong>collato</strong></span> <span class='ocrx_word' id='word_1_350' title='bbox 2477 2640 2623 2691; x_wconf 85' lang='lat' dir='ltr'><strong>simul</strong></span> <span class='ocrx_word' id='word_1_351' title='bbox 2643 2641 2912 2706; x_wconf 85' lang='lat' dir='ltr'><strong>ordineque</strong></span> <span class='ocrx_word' id='word_1_352' title='bbox 2933 2641 3124 2704; x_wconf 78' lang='lat' dir='ltr'><strong>digesto</strong></span> <span class='ocrx_word' id='word_1_353' title='bbox 3146 2642 3446 2704; x_wconf 82' lang='lat' dir='ltr'><strong>singulorum</strong></span> <span class='ocrx_word' id='word_1_354' title='bbox 3467 2655 3576 2693; x_wconf 86' lang='lat' dir='ltr'><strong>con-</strong></span> 
     </span>
    </p>
   </div>
   <div class='ocr_carea' id='block_1_48' title="bbox 1753 2804 2122 2858">
    <p class='ocr_par' dir='ltr' id='par_1_48' title="bbox 1753 2804 2122 2858">
     <span class='ocr_line' id='line_1_48' title="bbox 1753 2804 2122 2858; baseline 0.005 -5"><span class='ocrx_word' id='word_1_355' title='bbox 1753 2804 2122 2858; x_wconf 49' lang='lat'><strong>4313032633</strong></span> 
     </span>
    </p>
   </div>
   <div class='ocr_carea' id='block_1_49' title="bbox 383 2909 1894 2986">
    <p class='ocr_par' dir='ltr' id='par_1_49' title="bbox 383 2909 1894 2986">
     <span class='ocr_line' id='line_1_49' title="bbox 383 2909 1894 2986; baseline -0.015 -6"><span class='ocrx_word' id='word_1_356' title='bbox 383 2923 764 2980; x_wconf 74' lang='lat' dir='ltr'><strong>Pnor.ocus.—</strong></span> <span class='ocrx_word' id='word_1_357' title='bbox 780 2915 962 2973; x_wconf 73' lang='lat' dir='ltr'><strong>lJam</strong></span> <span class='ocrx_word' id='word_1_358' title='bbox 983 2912 1231 2986; x_wconf 89' lang='lat' dir='ltr'><strong>quoniam</strong></span> <span class='ocrx_word' id='word_1_359' title='bbox 1254 2909 1490 2965; x_wconf 87' lang='lat' dir='ltr'><strong>omn-ium</strong></span> <span class='ocrx_word' id='word_1_360' title='bbox 1512 2915 1736 2978; x_wconf 89' lang='lat' dir='ltr'><strong>quatuor</strong></span> <span class='ocrx_word' id='word_1_361' title='bbox 1767 2922 1894 2960; x_wconf 82' lang='lat' dir='ltr'><strong>uar-</strong></span> 
     </span>
    </p>
   </div>
   <div class='ocr_carea' id='block_1_50' title="bbox 309 3009 1895 3076">
    <p class='ocr_par' dir='ltr' id='par_1_50' title="bbox 309 3009 1895 3076">
     <span class='ocr_line' id='line_1_50' title="bbox 309 3009 1895 3076; baseline -0.011 -2"><span class='ocrx_word' id='word_1_362' title='bbox 309 3017 845 3074; x_wconf 80' lang='lat' dir='ltr'><strong>ratioineoversatur</strong></span> <span class='ocrx_word' id='word_1_363' title='bbox 872 3010 1020 3074; x_wconf 92' lang='lat' dir='ltr'><strong>loco,</strong></span> <span class='ocrx_word' id='word_1_364' title='bbox 1054 3009 1107 3061; x_wconf 92' lang='lat' dir='ltr'><strong>in</strong></span> <span class='ocrx_word' id='word_1_365' title='bbox 1132 3022 1239 3076; x_wconf 89' lang='lat' dir='ltr'><strong>quo</strong></span> <span class='ocrx_word' id='word_1_366' title='bbox 1267 3018 1486 3059; x_wconf 89' lang='lat' dir='ltr'><strong>necesse</strong></span> <span class='ocrx_word' id='word_1_367' title='bbox 1511 3012 1591 3057; x_wconf 89' lang='lat' dir='ltr'><strong>est</strong></span> <span class='ocrx_word' id='word_1_368' title='bbox 1607 3017 1698 3056; x_wconf 88' lang='lat' dir='ltr'><strong>eos</strong></span> <span class='ocrx_word' id='word_1_369' title='bbox 1729 3015 1895 3070; x_wconf 88' lang='lat' dir='ltr'><strong>usque</strong></span> 
     </span>
    </p>
   </div>
   <div class='ocr_carea' id='block_1_51' title="bbox 310 3092 1886 3175">
    <p class='ocr_par' dir='ltr' id='par_1_51' title="bbox 310 3092 1886 3175">
     <span class='ocr_line' id='line_1_51' title="bbox 310 3092 1886 3175; baseline -0.013 -10"><span class='ocrx_word' id='word_1_370' title='bbox 310 3110 366 3165; x_wconf 90' lang='lat' dir='ltr'><strong>in</strong></span> <span class='ocrx_word' id='word_1_371' title='bbox 386 3109 542 3163; x_wconf 86' lang='lat' dir='ltr'><strong>linem</strong></span> <span class='ocrx_word' id='word_1_372' title='bbox 565 3105 760 3175; x_wconf 89' lang='lat' dir='ltr'><strong>pariter</strong></span> <span class='ocrx_word' id='word_1_373' title='bbox 774 3101 1064 3165; x_wconf 84' lang='lat' dir='ltr'><strong>ambulare,</strong></span> <span class='ocrx_word' id='word_1_374' title='bbox 1083 3113 1180 3152; x_wconf 84' lang='lat' dir='ltr'><strong>nec</strong></span> <span class='ocrx_word' id='word_1_375' title='bbox 1197 3097 1418 3151; x_wconf 92' lang='lat' dir='ltr'><strong>multum</strong></span> <span class='ocrx_word' id='word_1_376' title='bbox 1433 3093 1634 3164; x_wconf 79' lang='lat' dir='ltr'><strong>digredi</strong></span> <span class='ocrx_word' id='word_1_377' title='bbox 1661 3093 1728 3146; x_wconf 88' lang='lat' dir='ltr'><strong>ab</strong></span> <span class='ocrx_word' id='word_1_378' title='bbox 1749 3092 1886 3145; x_wconf 79' lang='lat' dir='ltr'><strong>invi-</strong></span> 
     </span>
    </p>
   </div>
   <div class='ocr_carea' id='block_1_52' title="bbox 311 3183 1887 3262">
    <p class='ocr_par' dir='ltr' id='par_1_52' title="bbox 311 3183 1887 3262">
     <span class='ocr_line' id='line_1_52' title="bbox 311 3183 1887 3262; baseline -0.014 -6"><span class='ocrx_word' id='word_1_379' title='bbox 311 3216 450 3262; x_wconf 89' lang='lat' dir='ltr'><strong>cem,</strong></span> <span class='ocrx_word' id='word_1_380' title='bbox 466 3198 629 3254; x_wconf 92' lang='lat' dir='ltr'><strong>sicubi</strong></span> <span class='ocrx_word' id='word_1_381' title='bbox 645 3195 779 3249; x_wconf 81' lang='lat' dir='ltr'><strong>forte</strong></span> <span class='ocrx_word' id='word_1_382' title='bbox 795 3193 929 3246; x_wconf 90' lang='lat' dir='ltr'><strong>alios</strong></span> <span class='ocrx_word' id='word_1_383' title='bbox 956 3189 1153 3260; x_wconf 85' lang='lat' dir='ltr'><strong>aliquid</strong></span> <span class='ocrx_word' id='word_1_384' title='bbox 1165 3194 1563 3248; x_wconf 80' lang='lat' dir='ltr'><strong>commemorat,</strong></span> <span class='ocrx_word' id='word_1_385' title='bbox 1599 3183 1738 3253; x_wconf 89' lang='lat' dir='ltr'><strong>quod</strong></span> <span class='ocrx_word' id='word_1_386' title='bbox 1759 3183 1887 3240; x_wconf 80' lang='lat' dir='ltr'><strong>alio.</strong></span> 
     </span>
    </p>
   </div>
   <div class='ocr_carea' id='block_1_53' title="bbox 314 3275 1894 3362">
    <p class='ocr_par' dir='ltr' id='par_1_53' title="bbox 314 3275 1894 3362">
     <span class='ocr_line' id='line_1_53' title="bbox 314 3275 1894 3362; baseline -0.011 -17"><span class='ocrx_word' id='word_1_387' title='bbox 314 3288 700 3362; x_wconf 72' lang='lat' dir='ltr'><strong>praetermittit;</strong></span> <span class='ocrx_word' id='word_1_388' title='bbox 726 3285 936 3338; x_wconf 87' lang='lat' dir='ltr'><strong>videtur</strong></span> <span class='ocrx_word' id='word_1_389' title='bbox 950 3279 1386 3348; x_wconf 83' lang='lat' dir='ltr'><strong>mihiexpeditius</strong></span> <span class='ocrx_word' id='word_1_390' title='bbox 1415 3291 1511 3329; x_wconf 87' lang='lat' dir='ltr'><strong>nos</strong></span> <span class='ocrx_word' id='word_1_391' title='bbox 1532 3275 1894 3329; x_wconf 89' lang='lat' dir='ltr'><strong>demonstrare</strong></span> 
     </span>
    </p>
   </div>
   <div class='ocr_carea' id='block_1_54' title="bbox 313 3363 1894 3450">
    <p class='ocr_par' dir='ltr' id='par_1_54' title="bbox 313 3363 1894 3450">
     <span class='ocr_line' id='line_1_54' title="bbox 313 3363 1894 3450; baseline -0.011 -16"><span class='ocrx_word' id='word_1_392' title='bbox 313 3395 471 3450; x_wconf 88' lang='lat' dir='ltr'><strong>posse</strong></span> <span class='ocrx_word' id='word_1_393' title='bbox 497 3377 730 3430; x_wconf 90' lang='lat' dir='ltr'><strong>omnium</strong></span> <span class='ocrx_word' id='word_1_394' title='bbox 764 3373 1219 3441; x_wconf 82' lang='lat' dir='ltr'><strong>Evangelistarum</strong></span> <span class='ocrx_word' id='word_1_395' title='bbox 1249 3365 1712 3428; x_wconf 89' lang='lat' dir='ltr'><strong>convenientiam,</strong></span> <span class='ocrx_word' id='word_1_396' title='bbox 1754 3365 1799 3416; x_wconf 87' lang='lat' dir='ltr'><strong>si</strong></span> <span class='ocrx_word' id='word_1_397' title='bbox 1828 3363 1894 3418; x_wconf 89' lang='lat' dir='ltr'><strong>ah</strong></span> 
     </span>
    </p>
   </div>
   <div class='ocr_carea' id='block_1_55' title="bbox 311 3453 1894 3537">
    <p class='ocr_par' dir='ltr' id='par_1_55' title="bbox 311 3453 1894 3537">
     <span class='ocr_line' id='line_1_55' title="bbox 311 3453 1894 3537; baseline -0.013 -13"><span class='ocrx_word' id='word_1_398' title='bbox 311 3470 417 3524; x_wconf 88' lang='lat' dir='ltr'><strong>hoc</strong></span> <span class='ocrx_word' id='word_1_399' title='bbox 440 3469 550 3537; x_wconf 83' lang='lat' dir='ltr'><strong>jam</strong></span> <span class='ocrx_word' id='word_1_400' title='bbox 577 3466 692 3519; x_wconf 91' lang='lat' dir='ltr'><strong>loco</strong></span> <span class='ocrx_word' id='word_1_401' title='bbox 713 3463 949 3518; x_wconf 90' lang='lat' dir='ltr'><strong>omnium</strong></span> <span class='ocrx_word' id='word_1_402' title='bbox 976 3461 1155 3514; x_wconf 89' lang='lat' dir='ltr'><strong>omnia</strong></span> <span class='ocrx_word' id='word_1_403' title='bbox 1173 3466 1520 3511; x_wconf 87' lang='lat' dir='ltr'><strong>contexamus</strong></span> <span class='ocrx_word' id='word_1_404' title='bbox 1541 3494 1554 3517; x_wconf 90' lang='lat'><strong>,</strong></span> <span class='ocrx_word' id='word_1_405' title='bbox 1581 3462 1636 3508; x_wconf 91' lang='lat' dir='ltr'><strong>et</strong></span> <span class='ocrx_word' id='word_1_406' title='bbox 1658 3453 1708 3506; x_wconf 90' lang='lat' dir='ltr'><strong>in</strong></span> <span class='ocrx_word' id='word_1_407' title='bbox 1735 3468 1894 3506; x_wconf 90' lang='lat' dir='ltr'><strong>unam</strong></span> 
     </span>
    </p>
   </div>
   <div class='ocr_carea' id='block_1_56' title="bbox 310 3543 1894 3621">
    <p class='ocr_par' dir='ltr' id='par_1_56' title="bbox 310 3543 1894 3621">
     <span class='ocr_line' id='line_1_56' title="bbox 310 3543 1894 3621; baseline -0.013 -6"><span class='ocrx_word' id='word_1_408' title='bbox 310 3557 671 3615; x_wconf 88' lang='lat' dir='ltr'><strong>narrationem</strong></span> <span class='ocrx_word' id='word_1_409' title='bbox 713 3552 1007 3621; x_wconf 86' lang='lat' dir='ltr'><strong>faciemque</strong></span> <span class='ocrx_word' id='word_1_410' title='bbox 1035 3551 1052 3581; x_wconf 78' lang='grc'>⁸</span> <span class='ocrx_word' id='word_1_411' title='bbox 1095 3549 1417 3616; x_wconf 85' lang='lat' dir='ltr'><strong>digeramus.</strong></span> <span class='ocrx_word' id='word_1_412' title='bbox 1457 3545 1546 3600; x_wconf 89' lang='lat' dir='ltr'><strong>Sic</strong></span> <span class='ocrx_word' id='word_1_413' title='bbox 1581 3559 1709 3614; x_wconf 83' lang='lat' dir='ltr'><strong>ergo</strong></span> <span class='ocrx_word' id='word_1_414' title='bbox 1749 3543 1894 3597; x_wconf 87' lang='lat' dir='ltr'><strong>arbi-</strong></span> 
     </span>
    </p>
   </div>
   <div class='ocr_carea' id='block_1_57' title="bbox 311 3633 1895 3710">
    <p class='ocr_par' dir='ltr' id='par_1_57' title="bbox 311 3633 1895 3710">
     <span class='ocr_line' id='line_1_57' title="bbox 311 3633 1895 3710; baseline -0.012 -6"><span class='ocrx_word' id='word_1_415' title='bbox 311 3659 428 3704; x_wconf 90' lang='lat' dir='ltr'><strong>tror</strong></span> <span class='ocrx_word' id='word_1_416' title='bbox 451 3645 782 3702; x_wconf 90' lang='lat' dir='ltr'><strong>commodius</strong></span> <span class='ocrx_word' id='word_1_417' title='bbox 808 3641 1118 3710; x_wconf 85' lang='lat' dir='ltr'><strong>faciliusque</strong></span> <span class='ocrx_word' id='word_1_418' title='bbox 1139 3638 1188 3692; x_wconf 92' lang='lat' dir='ltr'><strong>id</strong></span> <span class='ocrx_word' id='word_1_419' title='bbox 1211 3636 1352 3707; x_wconf 92' lang='lat' dir='ltr'><strong>quod</strong></span> <span class='ocrx_word' id='word_1_420' title='bbox 1377 3635 1706 3704; x_wconf 84' lang='lat' dir='ltr'><strong>suscepimus</strong></span> <span class='ocrx_word' id='word_1_421' title='bbox 1729 3633 1895 3703; x_wconf 84' lang='lat' dir='ltr'><strong>expli-</strong></span> 
     </span>
    </p>
   </div>
   <div class='ocr_carea' id='block_1_58' title="bbox 309 3727 1893 3808">
    <p class='ocr_par' dir='ltr' id='par_1_58' title="bbox 309 3727 1893 3808">
     <span class='ocr_line' id='line_1_58' title="bbox 309 3727 1893 3808; baseline -0.011 -13"><span class='ocrx_word' id='word_1_422' title='bbox 309 3741 458 3807; x_wconf 87' lang='lat' dir='ltr'><strong>cari,</strong></span> <span class='ocrx_word' id='word_1_423' title='bbox 489 3747 547 3793; x_wconf 91' lang='lat' dir='ltr'><strong>ut</strong></span> <span class='ocrx_word' id='word_1_424' title='bbox 573 3736 938 3808; x_wconf 77' lang='lat' dir='ltr'><strong>aggrediamur</strong></span> <span class='ocrx_word' id='word_1_425' title='bbox 967 3732 1322 3787; x_wconf 85' lang='lat' dir='ltr'><strong>narrationem</strong></span> <span class='ocrx_word' id='word_1_426' title='bbox 1352 3727 1531 3782; x_wconf 87' lang='lat' dir='ltr'><strong>omnia</strong></span> <span class='ocrx_word' id='word_1_427' title='bbox 1563 3741 1893 3781; x_wconf 88' lang='lat' dir='ltr'><strong>commemo-</strong></span> 
     </span>
    </p>
   </div>
   <div class='ocr_carea' id='block_1_59' title="bbox 311 3815 1893 3894">
    <p class='ocr_par' dir='ltr' id='par_1_59' title="bbox 311 3815 1893 3894">
     <span class='ocr_line' id='line_1_59' title="bbox 311 3815 1893 3894; baseline -0.009 -9"><span class='ocrx_word' id='word_1_428' title='bbox 311 3838 492 3885; x_wconf 86' lang='lat' dir='ltr'><strong>rantes</strong></span> <span class='ocrx_word' id='word_1_429' title='bbox 514 3869 530 3894; x_wconf 91' lang='lat'><strong>,</strong></span> <span class='ocrx_word' id='word_1_430' title='bbox 552 3843 670 3882; x_wconf 83' lang='lat' dir='ltr'><strong>cum</strong></span> <span class='ocrx_word' id='word_1_431' title='bbox 698 3841 881 3881; x_wconf 90' lang='lat' dir='ltr'><strong>eorum</strong></span> <span class='ocrx_word' id='word_1_432' title='bbox 911 3821 1365 3891; x_wconf 83' lang='lat' dir='ltr'><strong>Evangelistarum</strong></span> <span class='ocrx_word' id='word_1_433' title='bbox 1405 3817 1741 3872; x_wconf 88' lang='lat' dir='ltr'><strong>attestatione</strong></span> <span class='ocrx_word' id='word_1_434' title='bbox 1759 3857 1774 3881; x_wconf 94' lang='lat'><strong>,</strong></span> <span class='ocrx_word' id='word_1_435' title='bbox 1805 3815 1893 3885; x_wconf 91' lang='lat' dir='ltr'><strong>qui</strong></span> 
     </span>
    </p>
   </div>
   <div class='ocr_carea' id='block_1_60' title="bbox 308 3906 1896 3986">
    <p class='ocr_par' dir='ltr' id='par_1_60' title="bbox 308 3906 1896 3986">
     <span class='ocr_line' id='line_1_60' title="bbox 308 3906 1896 3986; baseline -0.011 -8"><span class='ocrx_word' id='word_1_436' title='bbox 308 3937 378 3978; x_wconf 80' lang='lat' dir='ltr'><strong>ex</strong></span> <span class='ocrx_word' id='word_1_437' title='bbox 403 3922 484 3975; x_wconf 87' lang='lat' dir='ltr'><strong>his</strong></span> <span class='ocrx_word' id='word_1_438' title='bbox 515 3919 762 3974; x_wconf 88' lang='lat' dir='ltr'><strong>omnibus</strong></span> <span class='ocrx_word' id='word_1_439' title='bbox 789 3919 810 3950; x_wconf 78' lang='grc'>³</span> <span class='ocrx_word' id='word_1_440' title='bbox 841 3917 1062 3986; x_wconf 90' lang='lat' dir='ltr'><strong>quisque</strong></span> <span class='ocrx_word' id='word_1_441' title='bbox 1087 3911 1228 3982; x_wconf 90' lang='lat' dir='ltr'><strong>quod</strong></span> <span class='ocrx_word' id='word_1_442' title='bbox 1253 3910 1420 3981; x_wconf 92' lang='lat' dir='ltr'><strong>potuit</strong></span> <span class='ocrx_word' id='word_1_443' title='bbox 1443 3919 1534 3962; x_wconf 90' lang='lat' dir='ltr'><strong>aut</strong></span> <span class='ocrx_word' id='word_1_444' title='bbox 1561 3907 1699 3978; x_wconf 88' lang='lat' dir='ltr'><strong>quod</strong></span> <span class='ocrx_word' id='word_1_445' title='bbox 1732 3906 1896 3960; x_wconf 85' lang='lat' dir='ltr'><strong>voluit</strong></span> 
     </span>
    </p>
   </div>
   <div class='ocr_carea' id='block_1_61' title="bbox 314 3997 1896 4070">
    <p class='ocr_par' dir='ltr' id='par_1_61' title="bbox 314 3997 1896 4070">
     <span class='ocr_line' id='line_1_61' title="bbox 314 3997 1896 4070; baseline -0.012 0"><span class='ocrx_word' id='word_1_446' title='bbox 314 4010 754 4070; x_wconf 90' lang='lat' dir='ltr'><strong>commemoravit</strong></span> <span class='ocrx_word' id='word_1_447' title='bbox 780 4027 793 4062; x_wconf 90' lang='lat'><strong>:</strong></span> <span class='ocrx_word' id='word_1_448' title='bbox 822 4017 884 4062; x_wconf 93' lang='lat' dir='ltr'><strong>ut</strong></span> <span class='ocrx_word' id='word_1_449' title='bbox 914 4017 1090 4061; x_wconf 90' lang='lat' dir='ltr'><strong>tamen</strong></span> <span class='ocrx_word' id='word_1_450' title='bbox 1109 4004 1177 4058; x_wconf 91' lang='lat' dir='ltr'><strong>ab</strong></span> <span class='ocrx_word' id='word_1_451' title='bbox 1205 4002 1450 4057; x_wconf 89' lang='lat' dir='ltr'><strong>omnibus</strong></span> <span class='ocrx_word' id='word_1_452' title='bbox 1480 4001 1593 4054; x_wconf 71' lang='lat' dir='ltr'><strong>[nec</strong></span> <span class='ocrx_word' id='word_1_453' title='bbox 1620 3999 1796 4053; x_wconf 88' lang='lat' dir='ltr'><strong>omnia</strong></span> <span class='ocrx_word' id='word_1_454' title='bbox 1815 3997 1896 4051; x_wconf 92' lang='lat' dir='ltr'><strong>di-</strong></span> 
     </span>
    </p>
   </div>
   <div class='ocr_carea' id='block_1_62' title="bbox 314 4089 1896 4172">
    <p class='ocr_par' dir='ltr' id='par_1_62' title="bbox 314 4089 1896 4172">
     <span class='ocr_line' id='line_1_62' title="bbox 314 4089 1896 4172; baseline -0.012 -11"><span class='ocrx_word' id='word_1_455' title='bbox 314 4112 567 4161; x_wconf 88' lang='lat' dir='ltr'><strong>cerentur</strong></span> <span class='ocrx_word' id='word_1_456' title='bbox 584 4143 600 4169; x_wconf 92' lang='lat'><strong>,</strong></span> <span class='ocrx_word' id='word_1_457' title='bbox 631 4116 750 4172; x_wconf 72' lang='lat' dir='ltr'><strong>quae</strong></span> <span class='ocrx_word' id='word_1_458' title='bbox 774 4095 1246 4155; x_wconf 87' lang='lat' dir='ltr'><strong>demonstrandum</strong></span> <span class='ocrx_word' id='word_1_459' title='bbox 1273 4101 1356 4148; x_wconf 89' lang='lat' dir='ltr'><strong>est</strong></span> <span class='ocrx_word' id='word_1_460' title='bbox 1392 4093 1446 4146; x_wconf 90' lang='lat' dir='ltr'><strong>in</strong></span> <span class='ocrx_word' id='word_1_461' title='bbox 1473 4091 1620 4145; x_wconf 90' lang='lat' dir='ltr'><strong>nullo</strong></span> <span class='ocrx_word' id='word_1_462' title='bbox 1644 4089 1745 4144; x_wconf 91' lang='lat' dir='ltr'><strong>sibi</strong></span> <span class='ocrx_word' id='word_1_463' title='bbox 1775 4103 1896 4144; x_wconf 89' lang='lat' dir='ltr'><strong>esse</strong></span> 
     </span>
    </p>
   </div>
   <div class='ocr_carea' id='block_1_63' title="bbox 314 4196 600 4252">
    <p class='ocr_par' dir='ltr' id='par_1_63' title="bbox 314 4196 600 4252">
     <span class='ocr_line' id='line_1_63' title="bbox 314 4196 600 4252; baseline -0.014 0"><span class='ocrx_word' id='word_1_464' title='bbox 314 4196 600 4252; x_wconf 86' lang='lat' dir='ltr'><strong>contraria.</strong></span> 
     </span>
    </p>
   </div>
   <div class='ocr_carea' id='block_1_64' title="bbox 314 4273 1895 4343">
    <p class='ocr_par' dir='ltr' id='par_1_64' title="bbox 314 4273 1895 4343">
     <span class='ocr_line' id='line_1_64' title="bbox 314 4273 1895 4343; baseline -0.011 0"><span class='ocrx_word' id='word_1_465' title='bbox 314 4287 541 4343; x_wconf 82' lang='lat' dir='ltr'><strong>CAPUT</strong></span> <span class='ocrx_word' id='word_1_466' title='bbox 582 4281 868 4341; x_wconf 76' lang='lat' dir='ltr'><strong>PRIMUM.</strong></span> <span class='ocrx_word' id='word_1_467' title='bbox 888 4311 962 4322; x_wconf 93' lang='lat'><strong>—</strong></span> <span class='ocrx_word' id='word_1_468' title='bbox 979 4279 1055 4334; x_wconf 84' lang='lat' dir='ltr'><strong>De</strong></span> <span class='ocrx_word' id='word_1_469' title='bbox 1081 4295 1227 4333; x_wconf 75' lang='lat' dir='ltr'><strong>ccena</strong></span> <span class='ocrx_word' id='word_1_470' title='bbox 1267 4275 1476 4329; x_wconf 87' lang='lat' dir='ltr'><strong>Domini</strong></span> <span class='ocrx_word' id='word_1_471' title='bbox 1498 4284 1544 4329; x_wconf 89' lang='lat' dir='ltr'><strong>et</strong></span> <span class='ocrx_word' id='word_1_472' title='bbox 1567 4273 1631 4328; x_wconf 85' lang='lat' dir='ltr'><strong>de</strong></span> <span class='ocrx_word' id='word_1_473' title='bbox 1661 4289 1895 4343; x_wconf 77' lang='lat' dir='ltr'><strong>expresso</strong></span> 
     </span>
    </p>
   </div>
   <div class='ocr_carea' id='block_1_65' title="bbox 386 4367 1894 4443">
    <p class='ocr_par' dir='ltr' id='par_1_65' title="bbox 386 4367 1894 4443">
     <span class='ocr_line' id='line_1_65' title="bbox 386 4367 1894 4443; baseline -0.011 -11"><span class='ocrx_word' id='word_1_474' title='bbox 386 4378 627 4432; x_wconf 78' lang='lat' dir='ltr'><strong>traditore</strong></span> <span class='ocrx_word' id='word_1_475' title='bbox 661 4376 804 4442; x_wconf 79' lang='lat' dir='ltr'><strong>eius,</strong></span> <span class='ocrx_word' id='word_1_476' title='bbox 845 4369 1268 4443; x_wconf 84' lang='lat' dir='ltr'><strong>quemadmodum</strong></span> <span class='ocrx_word' id='word_1_477' title='bbox 1293 4367 1423 4420; x_wconf 91' lang='lat' dir='ltr'><strong>inter</strong></span> <span class='ocrx_word' id='word_1_478' title='bbox 1446 4381 1500 4420; x_wconf 85' lang='lat' dir='ltr'><strong>se</strong></span> <span class='ocrx_word' id='word_1_479' title='bbox 1525 4374 1742 4437; x_wconf 85' lang='lat' dir='ltr'><strong>quatuor</strong></span> <span class='ocrx_word' id='word_1_480' title='bbox 1773 4379 1894 4416; x_wconf 89' lang='lat' dir='ltr'><strong>con-</strong></span> 
     </span>
    </p>
   </div>
   <div class='ocr_carea' id='block_1_66' title="bbox 385 4471 606 4525">
    <p class='ocr_par' dir='ltr' id='par_1_66' title="bbox 385 4471 606 4525">
     <span class='ocr_line' id='line_1_66' title="bbox 385 4471 606 4525; baseline -0.018 0"><span class='ocrx_word' id='word_1_481' title='bbox 385 4471 606 4525; x_wconf 85' lang='lat' dir='ltr'><strong>veniant.</strong></span> 
     </span>
    </p>
   </div>
   <div class='ocr_carea' id='block_1_67' title="bbox 385 4548 1892 4628">
    <p class='ocr_par' dir='ltr' id='par_1_67' title="bbox 385 4548 1892 4628">
     <span class='ocr_line' id='line_1_67' title="bbox 385 4548 1892 4628; baseline -0.007 -13"><span class='ocrx_word' id='word_1_482' title='bbox 385 4564 440 4616; x_wconf 79' lang='lat'><strong>2.</strong></span> <span class='ocrx_word' id='word_1_483' title='bbox 483 4561 616 4615; x_wconf 88' lang='lat' dir='ltr'><strong>llinc</strong></span> <span class='ocrx_word' id='word_1_484' title='bbox 667 4559 824 4628; x_wconf 87' lang='lat' dir='ltr'><strong>igitur</strong></span> <span class='ocrx_word' id='word_1_485' title='bbox 862 4556 1177 4626; x_wconf 86' lang='lat' dir='ltr'><strong>incipiamus</strong></span> <span class='ocrx_word' id='word_1_486' title='bbox 1214 4551 1505 4608; x_wconf 91' lang='lat' dir='ltr'><strong>secundum</strong></span> <span class='ocrx_word' id='word_1_487' title='bbox 1545 4548 1892 4604; x_wconf 77' lang='lat' dir='ltr'><strong>Mattlueum:</strong></span> 
     </span>
    </p>
   </div>
   <div class='ocr_carea' id='block_1_68' title="bbox 314 4637 1891 4714">
    <p class='ocr_par' dir='ltr' id='par_1_68' title="bbox 314 4637 1891 4714">
     <span class='ocr_line' id='line_1_68' title="bbox 314 4637 1891 4714; baseline -0.012 -6"><span class='ocrx_word' id='word_1_488' title='bbox 314 4650 634 4710; x_wconf 70' lang='lat' dir='ltr'><strong>Canantibus</strong></span> <span class='ocrx_word' id='word_1_489' title='bbox 678 4658 842 4702; x_wconf 88' lang='lat' dir='ltr'><strong>autem</strong></span> <span class='ocrx_word' id='word_1_490' title='bbox 865 4648 967 4709; x_wconf 89' lang='lat' dir='ltr'><strong>eis,</strong></span> <span class='ocrx_word' id='word_1_491' title='bbox 1007 4645 1198 4714; x_wconf 88' lang='lat' dir='ltr'><strong>accepit</strong></span> <span class='ocrx_word' id='word_1_492' title='bbox 1224 4642 1376 4696; x_wconf 74' lang='lat' dir='ltr'><strong>Iesus</strong></span> <span class='ocrx_word' id='word_1_493' title='bbox 1401 4657 1613 4711; x_wconf 82' lang='lat' dir='ltr'><strong>panem,</strong></span> <span class='ocrx_word' id='word_1_494' title='bbox 1656 4647 1701 4692; x_wconf 90' lang='lat' dir='ltr'><strong>et</strong></span> <span class='ocrx_word' id='word_1_495' title='bbox 1745 4637 1891 4690; x_wconf 88' lang='lat' dir='ltr'><strong>bene-</strong></span> 
     </span>
    </p>
   </div>
   <div class='ocr_carea' id='block_1_69' title="bbox 312 4727 1894 4808">
    <p class='ocr_par' dir='ltr' id='par_1_69' title="bbox 312 4727 1894 4808">
     <span class='ocr_line' id='line_1_69' title="bbox 312 4727 1894 4808; baseline -0.012 -10"><span class='ocrx_word' id='word_1_496' title='bbox 312 4745 474 4804; x_wconf 76' lang='lat' dir='ltr'><strong>dixit,</strong></span> <span class='ocrx_word' id='word_1_497' title='bbox 509 4757 568 4793; x_wconf 88' lang='lat' dir='ltr'><strong>ac</strong></span> <span class='ocrx_word' id='word_1_498' title='bbox 607 4740 752 4808; x_wconf 81' lang='lat' dir='ltr'><strong>[regit</strong></span> <span class='ocrx_word' id='word_1_499' title='bbox 772 4778 786 4800; x_wconf 92' lang='lat'><strong>,</strong></span> <span class='ocrx_word' id='word_1_500' title='bbox 816 4737 1048 4804; x_wconf 86' lang='lat' dir='ltr'><strong>deditque</strong></span> <span class='ocrx_word' id='word_1_501' title='bbox 1076 4734 1337 4800; x_wconf 86' lang='lat' dir='ltr'><strong>discipulis</strong></span> <span class='ocrx_word' id='word_1_502' title='bbox 1362 4732 1483 4792; x_wconf 86' lang='lat' dir='ltr'><strong>suis,</strong></span> <span class='ocrx_word' id='word_1_503' title='bbox 1517 4739 1564 4783; x_wconf 92' lang='lat' dir='ltr'><strong>et</strong></span> <span class='ocrx_word' id='word_1_504' title='bbox 1591 4730 1662 4781; x_wconf 89' lang='lat' dir='ltr'><strong>ait</strong></span> <span class='ocrx_word' id='word_1_505' title='bbox 1693 4744 1713 4782; x_wconf 90' lang='lat'><strong><em>:</em></strong></span> <span class='ocrx_word' id='word_1_506' title='bbox 1742 4727 1894 4780; x_wconf 84' lang='lat' dir='ltr'><strong>Acci-</strong></span> 
     </span>
    </p>
   </div>
   <div class='ocr_carea' id='block_1_70' title="bbox 314 4818 1891 4906">
    <p class='ocr_par' dir='ltr' id='par_1_70' title="bbox 314 4818 1891 4906">
     <span class='ocr_line' id='line_1_70' title="bbox 314 4818 1891 4906; baseline -0.012 -17"><span class='ocrx_word' id='word_1_507' title='bbox 314 4836 447 4906; x_wconf 84' lang='lat' dir='ltr'><strong>pite,</strong></span> <span class='ocrx_word' id='word_1_508' title='bbox 481 4841 526 4885; x_wconf 92' lang='lat' dir='ltr'><strong>et</strong></span> <span class='ocrx_word' id='word_1_509' title='bbox 545 4830 820 4890; x_wconf 87' lang='lat' dir='ltr'><strong>comedite;</strong></span> <span class='ocrx_word' id='word_1_510' title='bbox 848 4826 942 4879; x_wconf 91' lang='lat' dir='ltr'><strong>hoc</strong></span> <span class='ocrx_word' id='word_1_511' title='bbox 967 4833 1036 4879; x_wconf 88' lang='lat' dir='ltr'><strong>est</strong></span> <span class='ocrx_word' id='word_1_512' title='bbox 1062 4839 1244 4893; x_wconf 86' lang='lat' dir='ltr'><strong>corpus</strong></span> <span class='ocrx_word' id='word_1_513' title='bbox 1285 4837 1448 4874; x_wconf 88' lang='lat' dir='ltr'><strong>meum</strong></span> <span class='ocrx_word' id='word_1_514' title='bbox 1475 4818 1684 4888; x_wconf 80' lang='lat' dir='ltr'><strong>(Matth.</strong></span> <span class='ocrx_word' id='word_1_515' title='bbox 1719 4832 1850 4871; x_wconf 72' lang='lat' dir='ltr'><strong>xxv:</strong></span> <span class='ocrx_word' id='word_1_516' title='bbox 1875 4858 1891 4883; x_wconf 94' lang='lat'><strong>,</strong></span> 
     </span>
    </p>
   </div>
   <div class='ocr_carea' id='block_1_71' title="bbox 312 4910 1892 4994">
    <p class='ocr_par' dir='ltr' id='par_1_71' title="bbox 312 4910 1892 4994">
     <span class='ocr_line' id='line_1_71' title="bbox 312 4910 1892 4994; baseline -0.011 -13"><span class='ocrx_word' id='word_1_517' title='bbox 312 4923 528 4994; x_wconf 51' lang='lat'><strong>2126).</strong></span> <span class='ocrx_word' id='word_1_518' title='bbox 549 4923 672 4977; x_wconf 67' lang='lat' dir='ltr'><strong>Haec</strong></span> <span class='ocrx_word' id='word_1_519' title='bbox 688 4930 741 4976; x_wconf 92' lang='lat' dir='ltr'><strong>et</strong></span> <span class='ocrx_word' id='word_1_520' title='bbox 755 4921 960 4975; x_wconf 84' lang='lat' dir='ltr'><strong>Marcus</strong></span> <span class='ocrx_word' id='word_1_521' title='bbox 982 4917 1254 4984; x_wconf 87' lang='lat' dir='ltr'><strong>Lucasque</strong></span> <span class='ocrx_word' id='word_1_522' title='bbox 1265 4919 1684 4968; x_wconf 82' lang='lat' dir='ltr'><strong>commemorant</strong></span> <span class='ocrx_word' id='word_1_523' title='bbox 1705 4910 1892 4981; x_wconf 78' lang='lat' dir='ltr'><strong>(Marc.</strong></span> 
     </span>
    </p>
   </div>
   <div class='ocr_carea' id='block_1_72' title="bbox 314 5003 1896 5082">
    <p class='ocr_par' dir='ltr' id='par_1_72' title="bbox 314 5003 1896 5082">
     <span class='ocr_line' id='line_1_72' title="bbox 314 5003 1896 5082; baseline -0.011 -7"><span class='ocrx_word' id='word_1_524' title='bbox 314 5035 440 5082; x_wconf 72' lang='lat' dir='ltr'><strong>11v,</strong></span> <span class='ocrx_word' id='word_1_525' title='bbox 471 5015 674 5076; x_wconf 64' lang='lat'><strong>47-22,</strong></span> <span class='ocrx_word' id='word_1_526' title='bbox 705 5023 752 5068; x_wconf 89' lang='lat' dir='ltr'><strong>et</strong></span> <span class='ocrx_word' id='word_1_527' title='bbox 782 5012 907 5066; x_wconf 86' lang='lat' dir='ltr'><strong>Luc.</strong></span> <span class='ocrx_word' id='word_1_528' title='bbox 936 5025 1054 5066; x_wconf 79' lang='lat' dir='ltr'><strong>xxn</strong></span> <span class='ocrx_word' id='word_1_529' title='bbox 1074 5051 1087 5072; x_wconf 89' lang='lat'><strong>,</strong></span> <span class='ocrx_word' id='word_1_530' title='bbox 1123 5006 1336 5076; x_wconf 70' lang='grc' dir='ltr'><strong>ιιι-25).</strong></span> <span class='ocrx_word' id='word_1_531' title='bbox 1363 5005 1515 5072; x_wconf 84' lang='lat' dir='ltr'><strong>Quod</strong></span> <span class='ocrx_word' id='word_1_532' title='bbox 1543 5005 1686 5058; x_wconf 91' lang='lat' dir='ltr'><strong>enim</strong></span> <span class='ocrx_word' id='word_1_533' title='bbox 1724 5003 1896 5067; x_wconf 82' lang='lat' dir='ltr'><strong>Lucas</strong></span> 
     </span>
    </p>
   </div>
   <div class='ocr_carea' id='block_1_73' title="bbox 315 5098 1894 5168">
    <p class='ocr_par' dir='ltr' id='par_1_73' title="bbox 315 5098 1894 5168">
     <span class='ocr_line' id='line_1_73' title="bbox 315 5098 1894 5168; baseline -0.013 -3"><span class='ocrx_word' id='word_1_534' title='bbox 315 5110 385 5165; x_wconf 90' lang='lat' dir='ltr'><strong>de</strong></span> <span class='ocrx_word' id='word_1_535' title='bbox 422 5109 584 5163; x_wconf 89' lang='lat' dir='ltr'><strong>calice</strong></span> <span class='ocrx_word' id='word_1_536' title='bbox 611 5107 693 5160; x_wconf 88' lang='lat' dir='ltr'><strong>bis</strong></span> <span class='ocrx_word' id='word_1_537' title='bbox 719 5099 1183 5163; x_wconf 89' lang='lat' dir='ltr'><strong>commemoravit,</strong></span> <span class='ocrx_word' id='word_1_538' title='bbox 1213 5098 1363 5168; x_wconf 90' lang='lat' dir='ltr'><strong>prius</strong></span> <span class='ocrx_word' id='word_1_539' title='bbox 1395 5107 1676 5164; x_wconf 89' lang='lat' dir='ltr'><strong>antequam</strong></span> <span class='ocrx_word' id='word_1_540' title='bbox 1705 5108 1894 5162; x_wconf 90' lang='lat' dir='ltr'><strong>panem</strong></span> 
     </span>
    </p>
   </div>
   <div class='ocr_carea' id='block_1_74' title="bbox 315 5183 1896 5264">
    <p class='ocr_par' dir='ltr' id='par_1_74' title="bbox 315 5183 1896 5264">
     <span class='ocr_line' id='line_1_74' title="bbox 315 5183 1896 5264; baseline -0.01 -10"><span class='ocrx_word' id='word_1_541' title='bbox 315 5199 501 5262; x_wconf 88' lang='lat' dir='ltr'><strong>daret,</strong></span> <span class='ocrx_word' id='word_1_542' title='bbox 532 5195 726 5252; x_wconf 91' lang='lat' dir='ltr'><strong>deinde</strong></span> <span class='ocrx_word' id='word_1_543' title='bbox 751 5204 1092 5264; x_wconf 86' lang='lat' dir='ltr'><strong>posteaquam</strong></span> <span class='ocrx_word' id='word_1_544' title='bbox 1141 5204 1332 5260; x_wconf 87' lang='lat' dir='ltr'><strong>panem</strong></span> <span class='ocrx_word' id='word_1_545' title='bbox 1364 5186 1543 5250; x_wconf 90' lang='lat' dir='ltr'><strong>dedit;</strong></span> <span class='ocrx_word' id='word_1_546' title='bbox 1586 5184 1714 5255; x_wconf 90' lang='lat' dir='ltr'><strong>illud</strong></span> <span class='ocrx_word' id='word_1_547' title='bbox 1754 5183 1896 5254; x_wconf 90' lang='lat' dir='ltr'><strong>quod</strong></span> 
     </span>
    </p>
   </div>
   <div class='ocr_carea' id='block_1_75' title="bbox 316 5275 1897 5359">
    <p class='ocr_par' dir='ltr' id='par_1_75' title="bbox 316 5275 1897 5359">
     <span class='ocr_line' id='line_1_75' title="bbox 316 5275 1897 5359; baseline -0.009 -14"><span class='ocrx_word' id='word_1_548' title='bbox 316 5289 560 5359; x_wconf 86' lang='lat' dir='ltr'><strong>superius</strong></span> <span class='ocrx_word' id='word_1_549' title='bbox 605 5287 777 5349; x_wconf 81' lang='lat' dir='ltr'><strong>dixit,</strong></span> <span class='ocrx_word' id='word_1_550' title='bbox 819 5281 1206 5352; x_wconf 63' lang='lat' dir='ltr'><strong>praeoccupavit</strong></span> <span class='ocrx_word' id='word_1_551' title='bbox 1253 5288 1310 5333; x_wconf 90' lang='lat' dir='ltr'><strong>ut</strong></span> <span class='ocrx_word' id='word_1_552' title='bbox 1364 5278 1542 5342; x_wconf 88' lang='lat' dir='ltr'><strong>solet;</strong></span> <span class='ocrx_word' id='word_1_553' title='bbox 1586 5275 1716 5330; x_wconf 92' lang='lat' dir='ltr'><strong>illud</strong></span> <span class='ocrx_word' id='word_1_554' title='bbox 1768 5291 1897 5330; x_wconf 85' lang='lat' dir='ltr'><strong>vero</strong></span> 
     </span>
    </p>
   </div>
   <div class='ocr_carea' id='block_1_76' title="bbox 325 5375 1894 5454">
    <p class='ocr_par' dir='ltr' id='par_1_76' title="bbox 325 5375 1894 5454">
     <span class='ocr_line' id='line_1_76' title="bbox 325 5375 1894 5454; baseline -0.01 -17"><span class='ocrx_word' id='word_1_555' title='bbox 325 5382 460 5454; x_wconf 68' lang='lat' dir='ltr'><strong>quod</strong></span> <span class='ocrx_word' id='word_1_556' title='bbox 497 5379 684 5434; x_wconf 89' lang='lat' dir='ltr'><strong>ordine</strong></span> <span class='ocrx_word' id='word_1_557' title='bbox 728 5390 824 5431; x_wconf 90' lang='lat' dir='ltr'><strong>suo</strong></span> <span class='ocrx_word' id='word_1_558' title='bbox 855 5375 1065 5444; x_wconf 89' lang='lat' dir='ltr'><strong>posuit,</strong></span> <span class='ocrx_word' id='word_1_559' title='bbox 1115 5387 1220 5426; x_wconf 92' lang='lat' dir='ltr'><strong>non</strong></span> <span class='ocrx_word' id='word_1_560' title='bbox 1249 5375 1765 5426; x_wconf 87' lang='lat' dir='ltr'><strong>commemoraverat</strong></span> <span class='ocrx_word' id='word_1_561' title='bbox 1802 5383 1894 5422; x_wconf 86' lang='lat' dir='ltr'><strong>su-</strong></span> 
     </span>
    </p>
   </div>
   <div class='ocr_carea' id='block_1_77' title="bbox 310 5460 1894 5553">
    <p class='ocr_par' dir='ltr' id='par_1_77' title="bbox 310 5460 1894 5553">
     <span class='ocr_line' id='line_1_77' title="bbox 310 5460 1894 5553; baseline -0.008 -26"><span class='ocrx_word' id='word_1_562' title='bbox 310 5472 496 5553; x_wconf 68' lang='lat' dir='ltr'><strong>perius</strong></span> <span class='ocrx_word' id='word_1_563' title='bbox 527 5488 540 5525; x_wconf 89' lang='lat'><strong>:</strong></span> <span class='ocrx_word' id='word_1_564' title='bbox 582 5479 865 5536; x_wconf 89' lang='lat' dir='ltr'><strong>utrumque</strong></span> <span class='ocrx_word' id='word_1_565' title='bbox 911 5475 1090 5533; x_wconf 86' lang='lat' dir='ltr'><strong>autem</strong></span> <span class='ocrx_word' id='word_1_566' title='bbox 1127 5463 1465 5537; x_wconf 85' lang='lat' dir='ltr'><strong>conjunc_tum</strong></span> <span class='ocrx_word' id='word_1_567' title='bbox 1498 5460 1633 5515; x_wconf 91' lang='lat' dir='ltr'><strong>hanc</strong></span> <span class='ocrx_word' id='word_1_568' title='bbox 1679 5467 1894 5515; x_wconf 89' lang='lat' dir='ltr'><strong>senten-</strong></span> 
     </span>
    </p>
   </div>
   <div class='ocr_carea' id='block_1_78' title="bbox 379 5637 1171 5708">
    <p class='ocr_par' dir='ltr' id='par_1_78' title="bbox 379 5637 1171 5708">
     <span class='ocr_line' id='line_1_78' title="bbox 379 5637 1171 5708; baseline -0.009 -15"><span class='ocrx_word' id='word_1_569' title='bbox 379 5650 396 5682; x_wconf 75' lang='grc' dir='ltr'>ί</span> <span class='ocrx_word' id='word_1_570' title='bbox 427 5647 552 5708; x_wconf 77' lang='lat' dir='ltr'><strong>Apud</strong></span> <span class='ocrx_word' id='word_1_571' title='bbox 579 5651 674 5694; x_wconf 65' lang='lat' dir='ltr'><strong>ttat.</strong></span> <span class='ocrx_word' id='word_1_572' title='bbox 701 5651 752 5692; x_wconf 91' lang='lat' dir='ltr'><strong>et</strong></span> <span class='ocrx_word' id='word_1_573' title='bbox 774 5648 868 5708; x_wconf 69' lang='lat' dir='ltr'><strong>i&#39;jlr_.,</strong></span> <span class='ocrx_word' id='word_1_574' title='bbox 891 5637 1171 5702; x_wconf 84' lang='lat' dir='ltr'><strong>seriemque.</strong></span> 
     </span>
    </p>
   </div>
   <div class='ocr_carea' id='block_1_79' title="bbox 379 5696 1896 5763">
    <p class='ocr_par' dir='ltr' id='par_1_79' title="bbox 379 5696 1896 5763">
     <span class='ocr_line' id='line_1_79' title="bbox 379 5696 1896 5763; baseline -0.005 -9"><span class='ocrx_word' id='word_1_575' title='bbox 379 5713 398 5740; x_wconf 67' lang='grc' dir='ltr'><strong>ε</strong></span> <span class='ocrx_word' id='word_1_576' title='bbox 425 5696 493 5756; x_wconf 67' lang='grc' dir='ltr'><strong>›ί“ι;</strong></span> <span class='ocrx_word' id='word_1_577' title='bbox 521 5717 620 5755; x_wconf 78' lang='lat' dir='ltr'><strong>uss.</strong></span> <span class='ocrx_word' id='word_1_578' title='bbox 648 5715 701 5755; x_wconf 81' lang='lat' dir='ltr'><strong>At</strong></span> <span class='ocrx_word' id='word_1_579' title='bbox 727 5696 1029 5763; x_wconf 17' lang='lat' dir='ltr'><strong>ciliii&#39;Et‘Aret</strong></span> <span class='ocrx_word' id='word_1_580' title='bbox 1065 5696 1193 5763; x_wconf 62' lang='lat' dir='ltr'><strong>inv,</strong></span> <span class='ocrx_word' id='word_1_581' title='bbox 1219 5713 1330 5750; x_wconf 84' lang='lat' dir='ltr'><strong>cum</strong></span> <span class='ocrx_word' id='word_1_582' title='bbox 1371 5696 1650 5750; x_wconf 87' lang='lat' dir='ltr'><strong>earumdem</strong></span> <span class='ocrx_word' id='word_1_583' title='bbox 1686 5704 1896 5763; x_wconf 82' lang='lat' dir='ltr'><strong>Evange-</strong></span> 
     </span>
    </p>
   </div>
   <div class='ocr_carea' id='block_1_80' title="bbox 323 5760 1291 5827">
    <p class='ocr_par' dir='ltr' id='par_1_80' title="bbox 323 5760 1291 5827">
     <span class='ocr_line' id='line_1_80' title="bbox 323 5760 1291 5827; baseline -0.015 -3"><span class='ocrx_word' id='word_1_584' title='bbox 323 5771 530 5823; x_wconf 77' lang='lat' dir='ltr'><strong>izsturmn</strong></span> <span class='ocrx_word' id='word_1_585' title='bbox 547 5766 838 5818; x_wconf 71' lang='lat' dir='ltr'><strong>intestatione</strong></span> <span class='ocrx_word' id='word_1_586' title='bbox 855 5761 972 5827; x_wconf 87' lang='lat' dir='ltr'><strong>quid</strong></span> <span class='ocrx_word' id='word_1_587' title='bbox 994 5774 1058 5812; x_wconf 77' lang='lat' dir='ltr'><strong>ea:</strong></span> <span class='ocrx_word' id='word_1_588' title='bbox 1081 5760 1172 5822; x_wconf 86' lang='lat' dir='ltr'><strong>his,</strong></span> <span class='ocrx_word' id='word_1_589' title='bbox 1197 5769 1291 5810; x_wconf 88' lang='lat' dir='ltr'><strong>etc.</strong></span> 
     </span>
    </p>
   </div>
   <div class='ocr_carea' id='block_1_81' title="bbox 2004 2909 3578 2981">
    <p class='ocr_par' dir='ltr' id='par_1_81' title="bbox 2004 2909 3578 2981">
     <span class='ocr_line' id='line_1_81' title="bbox 2004 2909 3578 2981; baseline 0.003 -18"><span class='ocrx_word' id='word_1_590' title='bbox 2004 2911 2128 2964; x_wconf 90' lang='lat' dir='ltr'><strong>tiam</strong></span> <span class='ocrx_word' id='word_1_591' title='bbox 2177 2909 2337 2978; x_wconf 83' lang='lat' dir='ltr'><strong>facit,</strong></span> <span class='ocrx_word' id='word_1_592' title='bbox 2369 2926 2487 2981; x_wconf 69' lang='lat' dir='ltr'><strong>quae</strong></span> <span class='ocrx_word' id='word_1_593' title='bbox 2542 2921 2597 2968; x_wconf 92' lang='lat' dir='ltr'><strong>et</strong></span> <span class='ocrx_word' id='word_1_594' title='bbox 2628 2912 2837 2968; x_wconf 91' lang='lat' dir='ltr'><strong>illorum</strong></span> <span class='ocrx_word' id='word_1_595' title='bbox 2886 2920 2986 2966; x_wconf 89' lang='lat' dir='ltr'><strong>est.</strong></span> <span class='ocrx_word' id='word_1_596' title='bbox 3027 2911 3260 2967; x_wconf 83' lang='lat' dir='ltr'><strong>Joannes</strong></span> <span class='ocrx_word' id='word_1_597' title='bbox 3304 2923 3479 2967; x_wconf 89' lang='lat' dir='ltr'><strong>autem</strong></span> <span class='ocrx_word' id='word_1_598' title='bbox 3509 2913 3578 2968; x_wconf 89' lang='lat' dir='ltr'><strong>de</strong></span> 
     </span>
    </p>
   </div>
   <div class='ocr_carea' id='block_1_82' title="bbox 2001 3003 3580 3073">
    <p class='ocr_par' dir='ltr' id='par_1_82' title="bbox 2001 3003 3580 3073">
     <span class='ocr_line' id='line_1_82' title="bbox 2001 3003 3580 3073; baseline 0.002 -16"><span class='ocrx_word' id='word_1_599' title='bbox 2001 3017 2227 3072; x_wconf 88' lang='lat' dir='ltr'><strong>corpore</strong></span> <span class='ocrx_word' id='word_1_600' title='bbox 2251 3012 2304 3058; x_wconf 90' lang='lat' dir='ltr'><strong>et</strong></span> <span class='ocrx_word' id='word_1_601' title='bbox 2347 3005 2602 3073; x_wconf 78' lang='lat' dir='ltr'><strong>Sanguine</strong></span> <span class='ocrx_word' id='word_1_602' title='bbox 2635 3004 2840 3058; x_wconf 92' lang='lat' dir='ltr'><strong>Domini</strong></span> <span class='ocrx_word' id='word_1_603' title='bbox 2873 3005 2972 3057; x_wconf 86' lang='lat' dir='ltr'><strong>hoc</strong></span> <span class='ocrx_word' id='word_1_604' title='bbox 3004 3004 3119 3057; x_wconf 89' lang='lat' dir='ltr'><strong>loco</strong></span> <span class='ocrx_word' id='word_1_605' title='bbox 3148 3004 3276 3057; x_wconf 88' lang='lat' dir='ltr'><strong>nihil</strong></span> <span class='ocrx_word' id='word_1_606' title='bbox 3302 3003 3455 3070; x_wconf 82' lang='lat' dir='ltr'><strong>dixit,</strong></span> <span class='ocrx_word' id='word_1_607' title='bbox 3484 3003 3580 3060; x_wconf 90' lang='lat' dir='ltr'><strong>sed</strong></span> 
     </span>
    </p>
   </div>
   <div class='ocr_carea' id='block_1_83' title="bbox 2001 3095 3580 3166">
    <p class='ocr_par' dir='ltr' id='par_1_83' title="bbox 2001 3095 3580 3166">
     <span class='ocr_line' id='line_1_83' title="bbox 2001 3095 3580 3166; baseline -0.001 -15"><span class='ocrx_word' id='word_1_608' title='bbox 2001 3097 2157 3166; x_wconf 87' lang='lat' dir='ltr'><strong>plane</strong></span> <span class='ocrx_word' id='word_1_609' title='bbox 2176 3097 2299 3150; x_wconf 86' lang='lat' dir='ltr'><strong>alibi</strong></span> <span class='ocrx_word' id='word_1_610' title='bbox 2325 3098 2492 3150; x_wconf 92' lang='lat' dir='ltr'><strong>multo</strong></span> <span class='ocrx_word' id='word_1_611' title='bbox 2511 3097 2730 3151; x_wconf 91' lang='lat' dir='ltr'><strong>uberius</strong></span> <span class='ocrx_word' id='word_1_612' title='bbox 2752 3097 2873 3150; x_wconf 92' lang='lat' dir='ltr'><strong>hinc</strong></span> <span class='ocrx_word' id='word_1_613' title='bbox 2899 3095 3180 3149; x_wconf 88' lang='lat' dir='ltr'><strong>Dominum</strong></span> <span class='ocrx_word' id='word_1_614' title='bbox 3205 3096 3438 3150; x_wconf 88' lang='lat' dir='ltr'><strong>locutum</strong></span> <span class='ocrx_word' id='word_1_615' title='bbox 3459 3110 3580 3150; x_wconf 88' lang='lat' dir='ltr'><strong>esse</strong></span> 
     </span>
    </p>
   </div>
   <div class='ocr_carea' id='block_1_84' title="bbox 2002 3186 3580 3260">
    <p class='ocr_par' dir='ltr' id='par_1_84' title="bbox 2002 3186 3580 3260">
     <span class='ocr_line' id='line_1_84' title="bbox 2002 3186 3580 3260; baseline 0.001 -20"><span class='ocrx_word' id='word_1_616' title='bbox 2002 3197 2224 3242; x_wconf 88' lang='lat' dir='ltr'><strong>testatur</strong></span> <span class='ocrx_word' id='word_1_617' title='bbox 2245 3189 2261 3220; x_wconf 86' lang='grc'>¹</span> <span class='ocrx_word' id='word_1_618' title='bbox 2287 3186 2462 3260; x_wconf 84' lang='lat' dir='ltr'><strong>(Joan.</strong></span> <span class='ocrx_word' id='word_1_619' title='bbox 2491 3204 2565 3252; x_wconf 82' lang='lat' dir='ltr'><strong>Vl,</strong></span> <span class='ocrx_word' id='word_1_620' title='bbox 2589 3187 2802 3258; x_wconf 72' lang='lat'><strong>52-64).</strong></span> <span class='ocrx_word' id='word_1_621' title='bbox 2826 3187 2974 3241; x_wconf 87' lang='lat' dir='ltr'><strong>Nunc</strong></span> <span class='ocrx_word' id='word_1_622' title='bbox 2997 3203 3124 3242; x_wconf 88' lang='lat' dir='ltr'><strong>vero</strong></span> <span class='ocrx_word' id='word_1_623' title='bbox 3149 3203 3269 3242; x_wconf 92' lang='lat' dir='ltr'><strong>cum</strong></span> <span class='ocrx_word' id='word_1_624' title='bbox 3301 3188 3580 3242; x_wconf 92' lang='lat' dir='ltr'><strong>Dominum</strong></span> 
     </span>
    </p>
   </div>
   <div class='ocr_carea' id='block_1_85' title="bbox 2000 3279 3580 3348">
    <p class='ocr_par' dir='ltr' id='par_1_85' title="bbox 2000 3279 3580 3348">
     <span class='ocr_line' id='line_1_85' title="bbox 2000 3279 3580 3348; baseline 0.001 -16"><span class='ocrx_word' id='word_1_625' title='bbox 2000 3293 2031 3331; x_wconf 92' lang='lat' dir='ltr'><strong>a</strong></span> <span class='ocrx_word' id='word_1_626' title='bbox 2084 3293 2236 3332; x_wconf 65' lang='lat' dir='ltr'><strong>caena</strong></span> <span class='ocrx_word' id='word_1_627' title='bbox 2287 3280 2584 3334; x_wconf 81' lang='lat' dir='ltr'><strong>surrexisse</strong></span> <span class='ocrx_word' id='word_1_628' title='bbox 2632 3289 2685 3333; x_wconf 91' lang='lat' dir='ltr'><strong>et</strong></span> <span class='ocrx_word' id='word_1_629' title='bbox 2739 3279 2900 3348; x_wconf 90' lang='lat' dir='ltr'><strong>pedes</strong></span> <span class='ocrx_word' id='word_1_630' title='bbox 2946 3280 3322 3348; x_wconf 88' lang='lat' dir='ltr'><strong>discipulorum</strong></span> <span class='ocrx_word' id='word_1_631' title='bbox 3382 3280 3580 3334; x_wconf 89' lang='lat' dir='ltr'><strong>lavisse</strong></span> 
     </span>
    </p>
   </div>
   <div class='ocr_carea' id='block_1_86' title="bbox 2003 3369 3582 3432">
    <p class='ocr_par' dir='ltr' id='par_1_86' title="bbox 2003 3369 3582 3432">
     <span class='ocr_line' id='line_1_86' title="bbox 2003 3369 3582 3432; baseline 0.003 -11"><span class='ocrx_word' id='word_1_632' title='bbox 2003 3378 2507 3432; x_wconf 88' lang='lat' dir='ltr'><strong>commemorasset,</strong></span> <span class='ocrx_word' id='word_1_633' title='bbox 2560 3369 2765 3422; x_wconf 89' lang='lat' dir='ltr'><strong>reddita</strong></span> <span class='ocrx_word' id='word_1_634' title='bbox 2810 3371 2968 3424; x_wconf 85' lang='lat' dir='ltr'><strong>etiam</strong></span> <span class='ocrx_word' id='word_1_635' title='bbox 3014 3371 3218 3424; x_wconf 88' lang='lat' dir='ltr'><strong>ratione</strong></span> <span class='ocrx_word' id='word_1_636' title='bbox 3246 3385 3342 3424; x_wconf 91' lang='lat' dir='ltr'><strong>cur</strong></span> <span class='ocrx_word' id='word_1_637' title='bbox 3367 3370 3444 3424; x_wconf 90' lang='lat' dir='ltr'><strong>cis</strong></span> <span class='ocrx_word' id='word_1_638' title='bbox 3480 3370 3582 3425; x_wconf 87' lang='lat' dir='ltr'><strong>hoc</strong></span> 
     </span>
    </p>
   </div>
   <div class='ocr_carea' id='block_1_87' title="bbox 2001 3459 3581 3530">
    <p class='ocr_par' dir='ltr' id='par_1_87' title="bbox 2001 3459 3581 3530">
     <span class='ocr_line' id='line_1_87' title="bbox 2001 3459 3581 3530; baseline 0.001 -17"><span class='ocrx_word' id='word_1_639' title='bbox 2001 3459 2224 3524; x_wconf 88' lang='lat' dir='ltr'><strong>fecerit,</strong></span> <span class='ocrx_word' id='word_1_640' title='bbox 2258 3459 2309 3512; x_wconf 91' lang='lat' dir='ltr'><strong>in</strong></span> <span class='ocrx_word' id='word_1_641' title='bbox 2337 3475 2435 3530; x_wconf 88' lang='lat' dir='ltr'><strong>qua</strong></span> <span class='ocrx_word' id='word_1_642' title='bbox 2483 3460 2741 3514; x_wconf 82' lang='lat' dir='ltr'><strong>Dominus</strong></span> <span class='ocrx_word' id='word_1_643' title='bbox 2787 3461 2959 3514; x_wconf 90' lang='lat' dir='ltr'><strong>adhuc</strong></span> <span class='ocrx_word' id='word_1_644' title='bbox 2987 3461 3166 3514; x_wconf 79' lang='lat' dir='ltr'><strong>clause</strong></span> <span class='ocrx_word' id='word_1_645' title='bbox 3193 3459 3581 3529; x_wconf 75' lang='lat' dir='ltr'><strong>significaverat</strong></span> 
     </span>
    </p>
   </div>
   <div class='ocr_carea' id='block_1_88' title="bbox 2003 3551 3579 3621">
    <p class='ocr_par' dir='ltr' id='par_1_88' title="bbox 2003 3551 3579 3621">
     <span class='ocr_line' id='line_1_88' title="bbox 2003 3551 3579 3621; baseline -0.001 -15"><span class='ocrx_word' id='word_1_646' title='bbox 2003 3565 2100 3621; x_wconf 89' lang='lat' dir='ltr'><strong>per</strong></span> <span class='ocrx_word' id='word_1_647' title='bbox 2129 3551 2485 3605; x_wconf 90' lang='lat' dir='ltr'><strong>testimonium</strong></span> <span class='ocrx_word' id='word_1_648' title='bbox 2513 3551 2798 3620; x_wconf 69' lang='lat' dir='ltr'><strong>Scriptum</strong></span> <span class='ocrx_word' id='word_1_649' title='bbox 2817 3593 2832 3617; x_wconf 92' lang='lat'><strong>,</strong></span> <span class='ocrx_word' id='word_1_650' title='bbox 2872 3553 2940 3605; x_wconf 91' lang='lat' dir='ltr'><strong>ab</strong></span> <span class='ocrx_word' id='word_1_651' title='bbox 2967 3566 3034 3606; x_wconf 90' lang='lat' dir='ltr'><strong>eo</strong></span> <span class='ocrx_word' id='word_1_652' title='bbox 3061 3567 3119 3606; x_wconf 86' lang='lat' dir='ltr'><strong>se</strong></span> <span class='ocrx_word' id='word_1_653' title='bbox 3149 3552 3279 3606; x_wconf 88' lang='lat' dir='ltr'><strong>tradi</strong></span> <span class='ocrx_word' id='word_1_654' title='bbox 3309 3553 3394 3620; x_wconf 91' lang='lat' dir='ltr'><strong>qui</strong></span> <span class='ocrx_word' id='word_1_655' title='bbox 3427 3568 3579 3606; x_wconf 91' lang='lat' dir='ltr'><strong>man-</strong></span> 
     </span>
    </p>
   </div>
   <div class='ocr_carea' id='block_1_89' title="bbox 2002 3643 3579 3714">
    <p class='ocr_par' dir='ltr' id='par_1_89' title="bbox 2002 3643 3579 3714">
     <span class='ocr_line' id='line_1_89' title="bbox 2002 3643 3579 3714; baseline 0.001 -16"><span class='ocrx_word' id='word_1_656' title='bbox 2002 3643 2220 3698; x_wconf 89' lang='lat' dir='ltr'><strong>ducaret</strong></span> <span class='ocrx_word' id='word_1_657' title='bbox 2246 3644 2359 3712; x_wconf 89' lang='lat' dir='ltr'><strong>ejus</strong></span> <span class='ocrx_word' id='word_1_658' title='bbox 2381 3660 2599 3714; x_wconf 88' lang='lat' dir='ltr'><strong>panem;</strong></span> <span class='ocrx_word' id='word_1_659' title='bbox 2626 3647 2770 3699; x_wconf 84' lang='lat' dir='ltr'><strong>venit</strong></span> <span class='ocrx_word' id='word_1_660' title='bbox 2793 3645 2858 3698; x_wconf 90' lang='lat' dir='ltr'><strong>ad</strong></span> <span class='ocrx_word' id='word_1_661' title='bbox 2886 3645 3026 3698; x_wconf 91' lang='lat' dir='ltr'><strong>hunc</strong></span> <span class='ocrx_word' id='word_1_662' title='bbox 3055 3645 3227 3699; x_wconf 89' lang='lat' dir='ltr'><strong>locum</strong></span> <span class='ocrx_word' id='word_1_663' title='bbox 3245 3687 3258 3709; x_wconf 89' lang='lat'><strong>,</strong></span> <span class='ocrx_word' id='word_1_664' title='bbox 3289 3661 3447 3714; x_wconf 92' lang='lat' dir='ltr'><strong>quem</strong></span> <span class='ocrx_word' id='word_1_665' title='bbox 3471 3653 3579 3700; x_wconf 90' lang='lat' dir='ltr'><strong>tres</strong></span> 
     </span>
    </p>
   </div>
   <div class='ocr_carea' id='block_1_90' title="bbox 2001 3737 3576 3808">
    <p class='ocr_par' dir='ltr' id='par_1_90' title="bbox 2001 3737 3576 3808">
     <span class='ocr_line' id='line_1_90' title="bbox 2001 3737 3576 3808; baseline 0.001 -18"><span class='ocrx_word' id='word_1_666' title='bbox 2001 3737 2180 3791; x_wconf 50' lang='lat' dir='ltr'><strong>ca‘teri</strong></span> <span class='ocrx_word' id='word_1_667' title='bbox 2211 3737 2408 3806; x_wconf 89' lang='lat' dir='ltr'><strong>pariter</strong></span> <span class='ocrx_word' id='word_1_668' title='bbox 2451 3737 2719 3791; x_wconf 88' lang='lat' dir='ltr'><strong>insinuant</strong></span> <span class='ocrx_word' id='word_1_669' title='bbox 2748 3755 2760 3790; x_wconf 91' lang='lat'>:</span> <span class='ocrx_word' id='word_1_670' title='bbox 2789 3737 2910 3791; x_wconf 85' lang='lat' dir='ltr'><strong>Cum</strong></span> <span class='ocrx_word' id='word_1_671' title='bbox 2956 3738 3061 3791; x_wconf 69' lang='lat' dir='ltr'><strong>hazc</strong></span> <span class='ocrx_word' id='word_1_672' title='bbox 3110 3739 3353 3803; x_wconf 76' lang='lat' dir='ltr'><strong>dixisset,</strong></span> <span class='ocrx_word' id='word_1_673' title='bbox 3387 3738 3576 3808; x_wconf 91' lang='lat' dir='ltr'><strong>inquit,</strong></span> 
     </span>
    </p>
   </div>
   <div class='ocr_carea' id='block_1_91' title="bbox 1999 3825 3580 3900">
    <p class='ocr_par' dir='ltr' id='par_1_91' title="bbox 1999 3825 3580 3900">
     <span class='ocr_line' id='line_1_91' title="bbox 1999 3825 3580 3900; baseline 0.002 -20"><span class='ocrx_word' id='word_1_674' title='bbox 1999 3825 2180 3892; x_wconf 80' lang='lat' dir='ltr'><strong>Jesus,</strong></span> <span class='ocrx_word' id='word_1_675' title='bbox 2207 3829 2433 3882; x_wconf 88' lang='lat' dir='ltr'><strong>turbatus</strong></span> <span class='ocrx_word' id='word_1_676' title='bbox 2462 3837 2534 3882; x_wconf 88' lang='lat' dir='ltr'><strong>est</strong></span> <span class='ocrx_word' id='word_1_677' title='bbox 2557 3830 2736 3898; x_wconf 86' lang='lat' dir='ltr'><strong>spiritu</strong></span> <span class='ocrx_word' id='word_1_678' title='bbox 2756 3872 2770 3894; x_wconf 89' lang='lat'><strong>,</strong></span> <span class='ocrx_word' id='word_1_679' title='bbox 2801 3840 2846 3883; x_wconf 90' lang='lat' dir='ltr'><strong>et</strong></span> <span class='ocrx_word' id='word_1_680' title='bbox 2873 3839 3172 3900; x_wconf 84' lang='lat' dir='ltr'><strong>protestatus</strong></span> <span class='ocrx_word' id='word_1_681' title='bbox 3211 3839 3280 3883; x_wconf 87' lang='lat' dir='ltr'><strong>est</strong></span> <span class='ocrx_word' id='word_1_682' title='bbox 3300 3873 3314 3894; x_wconf 90' lang='lat'><strong>,</strong></span> <span class='ocrx_word' id='word_1_683' title='bbox 3343 3839 3387 3883; x_wconf 86' lang='lat' dir='ltr'><strong>et</strong></span> <span class='ocrx_word' id='word_1_684' title='bbox 3416 3830 3580 3883; x_wconf 77' lang='lat' dir='ltr'><strong>dixit:</strong></span> 
     </span>
    </p>
   </div>
   <div class='ocr_carea' id='block_1_92' title="bbox 2002 3919 3578 3989">
    <p class='ocr_par' dir='ltr' id='par_1_92' title="bbox 2002 3919 3578 3989">
     <span class='ocr_line' id='line_1_92' title="bbox 2002 3919 3578 3989; baseline 0.001 -17"><span class='ocrx_word' id='word_1_685' title='bbox 2002 3919 2159 3972; x_wconf 79' lang='lat' dir='ltr'><strong>Amen</strong></span> <span class='ocrx_word' id='word_1_686' title='bbox 2177 3961 2190 3982; x_wconf 89' lang='lat'><strong>,</strong></span> <span class='ocrx_word' id='word_1_687' title='bbox 2238 3936 2384 3973; x_wconf 86' lang='lat' dir='ltr'><strong>amen</strong></span> <span class='ocrx_word' id='word_1_688' title='bbox 2409 3920 2522 3974; x_wconf 86' lang='lat' dir='ltr'><strong>dico</strong></span> <span class='ocrx_word' id='word_1_689' title='bbox 2543 3921 2678 3974; x_wconf 81' lang='lat' dir='ltr'><strong>vobis</strong></span> <span class='ocrx_word' id='word_1_690' title='bbox 2703 3963 2715 3986; x_wconf 91' lang='lat'><strong>,</strong></span> <span class='ocrx_word' id='word_1_691' title='bbox 2743 3921 2858 3989; x_wconf 87' lang='lat' dir='ltr'><strong>quia</strong></span> <span class='ocrx_word' id='word_1_692' title='bbox 2886 3937 3016 3974; x_wconf 87' lang='lat' dir='ltr'><strong>unus</strong></span> <span class='ocrx_word' id='word_1_693' title='bbox 3052 3937 3114 3974; x_wconf 82' lang='lat' dir='ltr'><strong>ea:</strong></span> <span class='ocrx_word' id='word_1_694' title='bbox 3133 3921 3267 3975; x_wconf 90' lang='lat' dir='ltr'><strong>vobis</strong></span> <span class='ocrx_word' id='word_1_695' title='bbox 3293 3923 3452 3974; x_wconf 85' lang='lat' dir='ltr'><strong>tradet</strong></span> <span class='ocrx_word' id='word_1_696' title='bbox 3478 3937 3578 3974; x_wconf 89' lang='lat' dir='ltr'><strong>me.</strong></span> 
     </span>
    </p>
   </div>
   <div class='ocr_carea' id='block_1_93' title="bbox 2001 4007 3579 4079">
    <p class='ocr_par' dir='ltr' id='par_1_93' title="bbox 2001 4007 3579 4079">
     <span class='ocr_line' id='line_1_93' title="bbox 2001 4007 3579 4079; baseline 0.001 -19"><span class='ocrx_word' id='word_1_697' title='bbox 2001 4007 2320 4077; x_wconf 82' lang='lat' dir='ltr'><strong>Aspiciebant</strong></span> <span class='ocrx_word' id='word_1_698' title='bbox 2348 4025 2466 4078; x_wconf 81' lang='lat' dir='ltr'><strong>ergo</strong></span> <span class='ocrx_word' id='word_1_699' title='bbox 2485 4050 2499 4072; x_wconf 93' lang='lat'><strong>,</strong></span> <span class='ocrx_word' id='word_1_700' title='bbox 2549 4010 2684 4063; x_wconf 92' lang='lat' dir='ltr'><strong>sicut</strong></span> <span class='ocrx_word' id='word_1_701' title='bbox 2713 4010 2850 4063; x_wconf 90' lang='lat' dir='ltr'><strong>idem</strong></span> <span class='ocrx_word' id='word_1_702' title='bbox 2883 4010 2999 4079; x_wconf 89' lang='lat' dir='ltr'><strong>ipse</strong></span> <span class='ocrx_word' id='word_1_703' title='bbox 3031 4010 3263 4064; x_wconf 84' lang='lat' dir='ltr'><strong>Joannes</strong></span> <span class='ocrx_word' id='word_1_704' title='bbox 3287 4011 3579 4072; x_wconf 81' lang='lat' dir='ltr'><strong>subnectit,</strong></span> 
     </span>
    </p>
   </div>
   <div class='ocr_carea' id='block_1_94' title="bbox 2001 4099 3579 4171">
    <p class='ocr_par' dir='ltr' id='par_1_94' title="bbox 2001 4099 3579 4171">
     <span class='ocr_line' id='line_1_94' title="bbox 2001 4099 3579 4171; baseline 0.001 -17"><span class='ocrx_word' id='word_1_705' title='bbox 2001 4101 2070 4154; x_wconf 87' lang='lat' dir='ltr'><strong>ad</strong></span> <span class='ocrx_word' id='word_1_706' title='bbox 2108 4102 2318 4155; x_wconf 86' lang='lat' dir='ltr'><strong>invicem</strong></span> <span class='ocrx_word' id='word_1_707' title='bbox 2359 4100 2624 4170; x_wconf 84' lang='lat' dir='ltr'><strong>discipuli,</strong></span> <span class='ocrx_word' id='word_1_708' title='bbox 2678 4101 2964 4156; x_wconf 78' lang='lat' dir='ltr'><strong>hwsitantes</strong></span> <span class='ocrx_word' id='word_1_709' title='bbox 3002 4100 3065 4154; x_wconf 91' lang='lat' dir='ltr'><strong>de</strong></span> <span class='ocrx_word' id='word_1_710' title='bbox 3099 4118 3198 4171; x_wconf 86' lang='lat' dir='ltr'><strong>quo</strong></span> <span class='ocrx_word' id='word_1_711' title='bbox 3243 4101 3422 4154; x_wconf 88' lang='lat' dir='ltr'><strong>diceret</strong></span> <span class='ocrx_word' id='word_1_712' title='bbox 3466 4099 3579 4170; x_wconf 90' lang='lat' dir='ltr'><strong>(Id.</strong></span> 
     </span>
    </p>
   </div>
   <div class='ocr_carea' id='block_1_95' title="bbox 2000 4191 3583 4261">
    <p class='ocr_par' dir='ltr' id='par_1_95' title="bbox 2000 4191 3583 4261">
     <span class='ocr_line' id='line_1_95' title="bbox 2000 4191 3583 4261; baseline -0.001 -15"><span class='ocrx_word' id='word_1_713' title='bbox 2000 4207 2113 4258; x_wconf 80' lang='lat' dir='ltr'><strong>xnt,</strong></span> <span class='ocrx_word' id='word_1_714' title='bbox 2143 4191 2326 4261; x_wconf 69' lang='lat'><strong>2-52).</strong></span> <span class='ocrx_word' id='word_1_715' title='bbox 2364 4191 2428 4245; x_wconf 85' lang='lat' dir='ltr'><strong>Et</strong></span> <span class='ocrx_word' id='word_1_716' title='bbox 2450 4193 2729 4246; x_wconf 75' lang='lat' dir='ltr'><strong>contristati</strong></span> <span class='ocrx_word' id='word_1_717' title='bbox 2753 4235 2766 4254; x_wconf 89' lang='lat'><strong>,</strong></span> <span class='ocrx_word' id='word_1_718' title='bbox 2807 4193 2943 4247; x_wconf 88' lang='lat' dir='ltr'><strong>sicut</strong></span> <span class='ocrx_word' id='word_1_719' title='bbox 2973 4192 3250 4246; x_wconf 75' lang='lat' dir='ltr'><strong>Mattlueus</strong></span> <span class='ocrx_word' id='word_1_720' title='bbox 3278 4199 3330 4245; x_wconf 86' lang='lat' dir='ltr'><strong>et</strong></span> <span class='ocrx_word' id='word_1_721' title='bbox 3376 4192 3583 4245; x_wconf 81' lang='lat' dir='ltr'><strong>Marcus</strong></span> 
     </span>
    </p>
   </div>
   <div class='ocr_carea' id='block_1_96' title="bbox 2001 4280 3581 4352">
    <p class='ocr_par' dir='ltr' id='par_1_96' title="bbox 2001 4280 3581 4352">
     <span class='ocr_line' id='line_1_96' title="bbox 2001 4280 3581 4352; baseline 0 -15"><span class='ocrx_word' id='word_1_722' title='bbox 2001 4282 2183 4337; x_wconf 76' lang='lat' dir='ltr'><strong>dicuﬁt</strong></span> <span class='ocrx_word' id='word_1_723' title='bbox 2204 4323 2220 4348; x_wconf 92' lang='lat'><strong>,</strong></span> <span class='ocrx_word' id='word_1_724' title='bbox 2251 4291 2503 4351; x_wconf 66' lang='lat' dir='ltr'><strong>(inperant</strong></span> <span class='ocrx_word' id='word_1_725' title='bbox 2546 4283 2592 4336; x_wconf 87' lang='lat' dir='ltr'><strong>ei</strong></span> <span class='ocrx_word' id='word_1_726' title='bbox 2629 4283 2923 4352; x_wconf 84' lang='lat' dir='ltr'><strong>singillatim</strong></span> <span class='ocrx_word' id='word_1_727' title='bbox 2953 4281 3118 4335; x_wconf 87' lang='lat' dir='ltr'><strong>dicere</strong></span> <span class='ocrx_word' id='word_1_728' title='bbox 3140 4297 3160 4335; x_wconf 89' lang='lat'><strong><em>:</em></strong></span> <span class='ocrx_word' id='word_1_729' title='bbox 3199 4280 3462 4351; x_wconf 88' lang='lat' dir='ltr'><strong>Numquid</strong></span> <span class='ocrx_word' id='word_1_730' title='bbox 3488 4299 3581 4351; x_wconf 88' lang='lat' dir='ltr'><strong>ego</strong></span> 
     </span>
    </p>
   </div>
   <div class='ocr_carea' id='block_1_97' title="bbox 1999 4372 3576 4442">
    <p class='ocr_par' dir='ltr' id='par_1_97' title="bbox 1999 4372 3576 4442">
     <span class='ocr_line' id='line_1_97' title="bbox 1999 4372 3576 4442; baseline -0.003 -14"><span class='ocrx_word' id='word_1_731' title='bbox 1999 4376 2148 4430; x_wconf 79' lang='lat' dir='ltr'><strong>sum?</strong></span> <span class='ocrx_word' id='word_1_732' title='bbox 2177 4375 2240 4427; x_wconf 81' lang='lat' dir='ltr'><strong>At</strong></span> <span class='ocrx_word' id='word_1_733' title='bbox 2267 4373 2375 4441; x_wconf 84' lang='lat' dir='ltr'><strong>ipse</strong></span> <span class='ocrx_word' id='word_1_734' title='bbox 2395 4372 2701 4442; x_wconf 84' lang='lat' dir='ltr'><strong>respondens</strong></span> <span class='ocrx_word' id='word_1_735' title='bbox 2729 4372 2828 4434; x_wconf 88' lang='lat' dir='ltr'><strong>ait,</strong></span> <span class='ocrx_word' id='word_1_736' title='bbox 2854 4373 2990 4426; x_wconf 90' lang='lat' dir='ltr'><strong>sicut</strong></span> <span class='ocrx_word' id='word_1_737' title='bbox 3020 4372 3296 4425; x_wconf 76' lang='lat' dir='ltr'><strong>Matthzeus</strong></span> <span class='ocrx_word' id='word_1_738' title='bbox 3317 4373 3576 4440; x_wconf 87' lang='lat' dir='ltr'><strong>sequitur,</strong></span> 
     </span>
    </p>
   </div>
   <div class='ocr_carea' id='block_1_98' title="bbox 2005 4462 3579 4535">
    <p class='ocr_par' dir='ltr' id='par_1_98' title="bbox 2005 4462 3579 4535">
     <span class='ocr_line' id='line_1_98' title="bbox 2005 4462 3579 4535; baseline 0.001 -18"><span class='ocrx_word' id='word_1_739' title='bbox 2005 4465 2103 4531; x_wconf 81' lang='lat' dir='ltr'><strong>Qui</strong></span> <span class='ocrx_word' id='word_1_740' title='bbox 2123 4466 2324 4535; x_wconf 87' lang='lat' dir='ltr'><strong>intingit</strong></span> <span class='ocrx_word' id='word_1_741' title='bbox 2347 4480 2536 4517; x_wconf 87' lang='lat' dir='ltr'><strong>mecum</strong></span> <span class='ocrx_word' id='word_1_742' title='bbox 2560 4479 2766 4516; x_wconf 87' lang='lat' dir='ltr'><strong>manum</strong></span> <span class='ocrx_word' id='word_1_743' title='bbox 2787 4464 2837 4516; x_wconf 90' lang='lat' dir='ltr'><strong>in</strong></span> <span class='ocrx_word' id='word_1_744' title='bbox 2860 4462 3158 4532; x_wconf 83' lang='lat' dir='ltr'><strong>parapside,</strong></span> <span class='ocrx_word' id='word_1_745' title='bbox 3192 4463 3272 4515; x_wconf 91' lang='lat' dir='ltr'><strong>hic</strong></span> <span class='ocrx_word' id='word_1_746' title='bbox 3292 4479 3369 4515; x_wconf 87' lang='lat' dir='ltr'><strong>me</strong></span> <span class='ocrx_word' id='word_1_747' title='bbox 3394 4464 3579 4518; x_wconf 84' lang='lat' dir='ltr'><strong>tradet.</strong></span> 
     </span>
    </p>
   </div>
   <div class='ocr_carea' id='block_1_99' title="bbox 2003 4551 3583 4624">
    <p class='ocr_par' dir='ltr' id='par_1_99' title="bbox 2003 4551 3583 4624">
     <span class='ocr_line' id='line_1_99' title="bbox 2003 4551 3583 4624; baseline -0.001 -16"><span class='ocrx_word' id='word_1_748' title='bbox 2003 4556 2069 4608; x_wconf 89' lang='lat' dir='ltr'><strong>Et</strong></span> <span class='ocrx_word' id='word_1_749' title='bbox 2106 4555 2344 4624; x_wconf 89' lang='lat' dir='ltr'><strong>sequitur</strong></span> <span class='ocrx_word' id='word_1_750' title='bbox 2392 4553 2529 4607; x_wconf 89' lang='lat' dir='ltr'><strong>idem</strong></span> <span class='ocrx_word' id='word_1_751' title='bbox 2579 4552 2857 4606; x_wconf 77' lang='lat' dir='ltr'><strong>Matthants</strong></span> <span class='ocrx_word' id='word_1_752' title='bbox 2905 4552 2974 4606; x_wconf 88' lang='lat' dir='ltr'><strong>ita</strong></span> <span class='ocrx_word' id='word_1_753' title='bbox 3018 4551 3339 4606; x_wconf 88' lang='lat' dir='ltr'><strong>subnectens</strong></span> <span class='ocrx_word' id='word_1_754' title='bbox 3372 4570 3383 4606; x_wconf 92' lang='lat'>:</span> <span class='ocrx_word' id='word_1_755' title='bbox 3416 4552 3583 4607; x_wconf 85' lang='lat' dir='ltr'><strong>Filius</strong></span> 
     </span>
    </p>
   </div>
   <div class='ocr_carea' id='block_1_100' title="bbox 2001 4638 3583 4715">
    <p class='ocr_par' dir='ltr' id='par_1_100' title="bbox 2001 4638 3583 4715">
     <span class='ocr_line' id='line_1_100' title="bbox 2001 4638 3583 4715; baseline 0.001 -19"><span class='ocrx_word' id='word_1_756' title='bbox 2001 4647 2200 4715; x_wconf 87' lang='lat' dir='ltr'><strong>quidem</strong></span> <span class='ocrx_word' id='word_1_757' title='bbox 2247 4644 2460 4698; x_wconf 87' lang='lat' dir='ltr'><strong>hominis</strong></span> <span class='ocrx_word' id='word_1_758' title='bbox 2503 4643 2672 4705; x_wconf 89' lang='lat' dir='ltr'><strong>vadit,</strong></span> <span class='ocrx_word' id='word_1_759' title='bbox 2712 4644 2841 4696; x_wconf 87' lang='lat' dir='ltr'><strong>sicut</strong></span> <span class='ocrx_word' id='word_1_760' title='bbox 2878 4644 3117 4713; x_wconf 86' lang='lat' dir='ltr'><strong>scriptum</strong></span> <span class='ocrx_word' id='word_1_761' title='bbox 3144 4653 3214 4695; x_wconf 87' lang='lat' dir='ltr'><strong>est</strong></span> <span class='ocrx_word' id='word_1_762' title='bbox 3241 4643 3304 4696; x_wconf 88' lang='lat' dir='ltr'><strong>de</strong></span> <span class='ocrx_word' id='word_1_763' title='bbox 3344 4638 3583 4697; x_wconf 36' lang='lat' dir='ltr'><strong>illanec:</strong></span> 
     </span>
    </p>
   </div>
   <div class='ocr_carea' id='block_1_101' title="bbox 2001 4733 3580 4805">
    <p class='ocr_par' dir='ltr' id='par_1_101' title="bbox 2001 4733 3580 4805">
     <span class='ocr_line' id='line_1_101' title="bbox 2001 4733 3580 4805; baseline -0.002 -16"><span class='ocrx_word' id='word_1_764' title='bbox 2001 4747 2168 4789; x_wconf 76' lang='lat' dir='ltr'><strong>autem</strong></span> <span class='ocrx_word' id='word_1_765' title='bbox 2198 4736 2387 4788; x_wconf 89' lang='lat' dir='ltr'><strong>homini</strong></span> <span class='ocrx_word' id='word_1_766' title='bbox 2427 4735 2535 4800; x_wconf 88' lang='lat' dir='ltr'><strong>illi,</strong></span> <span class='ocrx_word' id='word_1_767' title='bbox 2584 4751 2670 4804; x_wconf 85' lang='lat' dir='ltr'><strong>per</strong></span> <span class='ocrx_word' id='word_1_768' title='bbox 2694 4750 2840 4805; x_wconf 82' lang='lat' dir='ltr'><strong>quem</strong></span> <span class='ocrx_word' id='word_1_769' title='bbox 2871 4733 3036 4788; x_wconf 76' lang='lat' dir='ltr'><strong>Filius</strong></span> <span class='ocrx_word' id='word_1_770' title='bbox 3061 4735 3275 4788; x_wconf 88' lang='lat' dir='ltr'><strong>hominis</strong></span> <span class='ocrx_word' id='word_1_771' title='bbox 3314 4736 3539 4788; x_wconf 82' lang='lat' dir='ltr'><strong>trmletur</strong></span> <span class='ocrx_word' id='word_1_772' title='bbox 3559 4735 3580 4786; x_wconf 88' lang='lat'><strong>.&#39;</strong></span> 
     </span>
    </p>
   </div>
   <div class='ocr_carea' id='block_1_102' title="bbox 2002 4827 3582 4898">
    <p class='ocr_par' dir='ltr' id='par_1_102' title="bbox 2002 4827 3582 4898">
     <span class='ocr_line' id='line_1_102' title="bbox 2002 4827 3582 4898; baseline -0.002 -15"><span class='ocrx_word' id='word_1_773' title='bbox 2002 4830 2187 4883; x_wconf 89' lang='lat' dir='ltr'><strong>bonum</strong></span> <span class='ocrx_word' id='word_1_774' title='bbox 2230 4839 2335 4882; x_wconf 87' lang='lat' dir='ltr'><strong>erat</strong></span> <span class='ocrx_word' id='word_1_775' title='bbox 2377 4829 2421 4882; x_wconf 88' lang='lat' dir='ltr'><strong>ei</strong></span> <span class='ocrx_word' id='word_1_776' title='bbox 2459 4830 2500 4881; x_wconf 88' lang='lat' dir='ltr'><strong>si</strong></span> <span class='ocrx_word' id='word_1_777' title='bbox 2543 4837 2688 4882; x_wconf 87' lang='lat' dir='ltr'><strong>natus</strong></span> <span class='ocrx_word' id='word_1_778' title='bbox 2733 4845 2832 4880; x_wconf 91' lang='lat' dir='ltr'><strong>non</strong></span> <span class='ocrx_word' id='word_1_779' title='bbox 2879 4830 3050 4898; x_wconf 77' lang='lat' dir='ltr'><strong>[uisset</strong></span> <span class='ocrx_word' id='word_1_780' title='bbox 3077 4829 3225 4881; x_wconf 87' lang='lat' dir='ltr'><strong>homo</strong></span> <span class='ocrx_word' id='word_1_781' title='bbox 3251 4828 3336 4880; x_wconf 86' lang='lat' dir='ltr'><strong>ille</strong></span> <span class='ocrx_word' id='word_1_782' title='bbox 3363 4844 3382 4880; x_wconf 91' lang='lat'><strong><em>:</em></strong></span> <span class='ocrx_word' id='word_1_783' title='bbox 3417 4828 3469 4879; x_wconf 90' lang='lat' dir='ltr'><strong>in</strong></span> <span class='ocrx_word' id='word_1_784' title='bbox 3501 4827 3582 4880; x_wconf 79' lang='lat' dir='ltr'><strong>liis</strong></span> 
     </span>
    </p>
   </div>
   <div class='ocr_carea' id='block_1_103' title="bbox 2002 4917 3580 4975">
    <p class='ocr_par' dir='ltr' id='par_1_103' title="bbox 2002 4917 3580 4975">
     <span class='ocr_line' id='line_1_103' title="bbox 2002 4917 3580 4975; baseline -0.003 -1"><span class='ocrx_word' id='word_1_785' title='bbox 2002 4930 2057 4974; x_wconf 91' lang='lat' dir='ltr'><strong>et</strong></span> <span class='ocrx_word' id='word_1_786' title='bbox 2098 4921 2306 4974; x_wconf 83' lang='lat' dir='ltr'><strong>Marcus</strong></span> <span class='ocrx_word' id='word_1_787' title='bbox 2336 4919 2436 4974; x_wconf 88' lang='lat' dir='ltr'><strong>hoc</strong></span> <span class='ocrx_word' id='word_1_788' title='bbox 2477 4919 2634 4972; x_wconf 85' lang='lat' dir='ltr'><strong>etiam</strong></span> <span class='ocrx_word' id='word_1_789' title='bbox 2663 4920 2853 4974; x_wconf 89' lang='lat' dir='ltr'><strong>ordine</strong></span> <span class='ocrx_word' id='word_1_790' title='bbox 2895 4929 3170 4975; x_wconf 88' lang='lat' dir='ltr'><strong>consonat.</strong></span> <span class='ocrx_word' id='word_1_791' title='bbox 3220 4918 3415 4972; x_wconf 85' lang='lat' dir='ltr'><strong>Deinde</strong></span> <span class='ocrx_word' id='word_1_792' title='bbox 3444 4917 3580 4970; x_wconf 80' lang='lat' dir='ltr'><strong>Mat-</strong></span> 
     </span>
    </p>
   </div>
   <div class='ocr_carea' id='block_1_104' title="bbox 2005 5006 3581 5081">
    <p class='ocr_par' dir='ltr' id='par_1_104' title="bbox 2005 5006 3581 5081">
     <span class='ocr_line' id='line_1_104' title="bbox 2005 5006 3581 5081; baseline -0.004 -13"><span class='ocrx_word' id='word_1_793' title='bbox 2005 5013 2174 5068; x_wconf 67' lang='lat' dir='ltr'><strong>thmus</strong></span> <span class='ocrx_word' id='word_1_794' title='bbox 2203 5011 2470 5081; x_wconf 83' lang='lat' dir='ltr'><strong>subjungit</strong></span> <span class='ocrx_word' id='word_1_795' title='bbox 2499 5028 2512 5063; x_wconf 92' lang='lat'>:</span> <span class='ocrx_word' id='word_1_796' title='bbox 2550 5006 2872 5081; x_wconf 74' lang='lat' dir='ltr'><strong>Respondeas</strong></span> <span class='ocrx_word' id='word_1_797' title='bbox 2897 5019 3058 5064; x_wconf 88' lang='lat' dir='ltr'><strong>autem</strong></span> <span class='ocrx_word' id='word_1_798' title='bbox 3082 5009 3246 5064; x_wconf 77' lang='lat' dir='ltr'><strong>ludas</strong></span> <span class='ocrx_word' id='word_1_799' title='bbox 3271 5053 3284 5073; x_wconf 83' lang='lat'><strong>,</strong></span> <span class='ocrx_word' id='word_1_800' title='bbox 3313 5011 3396 5078; x_wconf 88' lang='lat' dir='ltr'><strong>qui</strong></span> <span class='ocrx_word' id='word_1_801' title='bbox 3421 5009 3581 5061; x_wconf 86' lang='lat' dir='ltr'><strong>tradi-</strong></span> 
     </span>
    </p>
   </div>
   <div class='ocr_carea' id='block_1_105' title="bbox 2003 5100 3582 5172">
    <p class='ocr_par' dir='ltr' id='par_1_105' title="bbox 2003 5100 3582 5172">
     <span class='ocr_line' id='line_1_105' title="bbox 2003 5100 3582 5172; baseline -0.001 -14"><span class='ocrx_word' id='word_1_802' title='bbox 2003 5105 2076 5158; x_wconf 85' lang='lat' dir='ltr'><strong>dit</strong></span> <span class='ocrx_word' id='word_1_803' title='bbox 2097 5121 2228 5170; x_wconf 83' lang='lat' dir='ltr'><strong>eum,</strong></span> <span class='ocrx_word' id='word_1_804' title='bbox 2257 5104 2424 5158; x_wconf 75' lang='lat' dir='ltr'><strong>dixit:</strong></span> <span class='ocrx_word' id='word_1_805' title='bbox 2465 5100 2731 5172; x_wconf 87' lang='lat' dir='ltr'><strong>Numquid</strong></span> <span class='ocrx_word' id='word_1_806' title='bbox 2750 5119 2838 5172; x_wconf 87' lang='lat' dir='ltr'><strong>ego</strong></span> <span class='ocrx_word' id='word_1_807' title='bbox 2859 5119 2988 5168; x_wconf 85' lang='lat' dir='ltr'><strong>sum,</strong></span> <span class='ocrx_word' id='word_1_808' title='bbox 3015 5100 3215 5156; x_wconf 83' lang='lat' dir='ltr'><strong>Rabbi?</strong></span> <span class='ocrx_word' id='word_1_809' title='bbox 3237 5102 3319 5155; x_wconf 82' lang='lat' dir='ltr'><strong>Ait</strong></span> <span class='ocrx_word' id='word_1_810' title='bbox 3349 5102 3427 5156; x_wconf 87' lang='lat' dir='ltr'><strong>illi</strong></span> <span class='ocrx_word' id='word_1_811' title='bbox 3453 5121 3471 5157; x_wconf 90' lang='lat'><em>:</em></span> <span class='ocrx_word' id='word_1_812' title='bbox 3504 5103 3582 5157; x_wconf 81' lang='lat' dir='ltr'><strong>Tu</strong></span> 
     </span>
    </p>
   </div>
   <div class='ocr_carea' id='block_1_106' title="bbox 2004 5193 3580 5262">
    <p class='ocr_par' dir='ltr' id='par_1_106' title="bbox 2004 5193 3580 5262">
     <span class='ocr_line' id='line_1_106' title="bbox 2004 5193 3580 5262; baseline -0.001 -14"><span class='ocrx_word' id='word_1_813' title='bbox 2004 5195 2197 5248; x_wconf 73' lang='lat' dir='ltr'><strong>dixisti.</strong></span> <span class='ocrx_word' id='word_1_814' title='bbox 2230 5195 2399 5248; x_wconf 87' lang='lat' dir='ltr'><strong>Etiam</strong></span> <span class='ocrx_word' id='word_1_815' title='bbox 2428 5193 2514 5247; x_wconf 85' lang='lat' dir='ltr'><strong>hic</strong></span> <span class='ocrx_word' id='word_1_816' title='bbox 2537 5208 2641 5246; x_wconf 85' lang='lat' dir='ltr'><strong>non</strong></span> <span class='ocrx_word' id='word_1_817' title='bbox 2665 5207 2974 5260; x_wconf 86' lang='lat' dir='ltr'><strong>expressum</strong></span> <span class='ocrx_word' id='word_1_818' title='bbox 3003 5202 3083 5246; x_wconf 88' lang='lat' dir='ltr'><strong>est</strong></span> <span class='ocrx_word' id='word_1_819' title='bbox 3104 5234 3118 5256; x_wconf 94' lang='lat'><strong>,</strong></span> <span class='ocrx_word' id='word_1_820' title='bbox 3152 5204 3326 5246; x_wconf 90' lang='lat' dir='ltr'><strong>utrum</strong></span> <span class='ocrx_word' id='word_1_821' title='bbox 3355 5194 3466 5262; x_wconf 87' lang='lat' dir='ltr'><strong>ipse</strong></span> <span class='ocrx_word' id='word_1_822' title='bbox 3493 5210 3580 5248; x_wconf 82' lang='lat' dir='ltr'><strong>es-</strong></span> 
     </span>
    </p>
   </div>
   <div class='ocr_carea' id='block_1_107' title="bbox 2005 5282 3582 5352">
    <p class='ocr_par' dir='ltr' id='par_1_107' title="bbox 2005 5282 3582 5352">
     <span class='ocr_line' id='line_1_107' title="bbox 2005 5282 3582 5352; baseline -0.001 -12"><span class='ocrx_word' id='word_1_823' title='bbox 2005 5297 2103 5342; x_wconf 88' lang='lat' dir='ltr'><strong>set.</strong></span> <span class='ocrx_word' id='word_1_824' title='bbox 2134 5286 2316 5340; x_wconf 89' lang='lat' dir='ltr'><strong>Potest</strong></span> <span class='ocrx_word' id='word_1_825' title='bbox 2342 5285 2480 5338; x_wconf 90' lang='lat' dir='ltr'><strong>enim</strong></span> <span class='ocrx_word' id='word_1_826' title='bbox 2525 5283 2699 5338; x_wconf 90' lang='lat' dir='ltr'><strong>adhuc</strong></span> <span class='ocrx_word' id='word_1_827' title='bbox 2742 5282 2992 5351; x_wconf 83' lang='lat' dir='ltr'><strong>intelligi,</strong></span> <span class='ocrx_word' id='word_1_828' title='bbox 3026 5293 3270 5350; x_wconf 84' lang='lat' dir='ltr'><strong>tanquam</strong></span> <span class='ocrx_word' id='word_1_829' title='bbox 3298 5325 3313 5345; x_wconf 89' lang='lat'><strong>,</strong></span> <span class='ocrx_word' id='word_1_830' title='bbox 3344 5283 3454 5337; x_wconf 81' lang='lat' dir='ltr'><strong>Non</strong></span> <span class='ocrx_word' id='word_1_831' title='bbox 3481 5298 3582 5352; x_wconf 78' lang='lat' dir='ltr'><strong>ego</strong></span> 
     </span>
    </p>
   </div>
   <div class='ocr_carea' id='block_1_108' title="bbox 2004 5359 3580 5445">
    <p class='ocr_par' dir='ltr' id='par_1_108' title="bbox 2004 5359 3580 5445">
     <span class='ocr_line' id='line_1_108' title="bbox 2004 5359 3580 5445; baseline -0.003 -14"><span class='ocrx_word' id='word_1_832' title='bbox 2004 5376 2111 5431; x_wconf 78' lang='lat' dir='ltr'><strong>dixi</strong></span> <span class='ocrx_word' id='word_1_833' title='bbox 2144 5394 2157 5430; x_wconf 91' lang='lat'><strong>:</strong></span> <span class='ocrx_word' id='word_1_834' title='bbox 2203 5375 2371 5445; x_wconf 88' lang='lat' dir='ltr'><strong>potuit</strong></span> <span class='ocrx_word' id='word_1_835' title='bbox 2416 5373 2574 5428; x_wconf 87' lang='lat' dir='ltr'><strong>etiam</strong></span> <span class='ocrx_word' id='word_1_836' title='bbox 2627 5373 2727 5427; x_wconf 91' lang='lat' dir='ltr'><strong>hoc</strong></span> <span class='ocrx_word' id='word_1_837' title='bbox 2756 5359 2834 5426; x_wconf 90' lang='lat' dir='ltr'><strong>sic</strong></span> <span class='ocrx_word' id='word_1_838' title='bbox 2862 5373 2963 5424; x_wconf 90' lang='lat' dir='ltr'><strong>dici</strong></span> <span class='ocrx_word' id='word_1_839' title='bbox 2994 5388 3022 5426; x_wconf 93' lang='lat' dir='ltr'><strong>a</strong></span> <span class='ocrx_word' id='word_1_840' title='bbox 3053 5371 3185 5426; x_wconf 85' lang='lat' dir='ltr'><strong>Jnda</strong></span> <span class='ocrx_word' id='word_1_841' title='bbox 3215 5383 3272 5427; x_wconf 90' lang='lat' dir='ltr'><strong>et</strong></span> <span class='ocrx_word' id='word_1_842' title='bbox 3296 5391 3322 5425; x_wconf 87' lang='lat' dir='ltr'><strong>a</strong></span> <span class='ocrx_word' id='word_1_843' title='bbox 3355 5373 3580 5427; x_wconf 89' lang='lat' dir='ltr'><strong>Domino</strong></span> 
     </span>
    </p>
   </div>
   <div class='ocr_carea' id='block_1_109' title="bbox 2003 5463 3154 5535">
    <p class='ocr_par' dir='ltr' id='par_1_109' title="bbox 2003 5463 3154 5535">
     <span class='ocr_line' id='line_1_109' title="bbox 2003 5463 3154 5535; baseline -0.004 -13"><span class='ocrx_word' id='word_1_844' title='bbox 2003 5465 2311 5535; x_wconf 69' lang='lat' dir='ltr'><strong>rCSponderi</strong></span> <span class='ocrx_word' id='word_1_845' title='bbox 2331 5508 2344 5528; x_wconf 90' lang='lat'><strong>,</strong></span> <span class='ocrx_word' id='word_1_846' title='bbox 2377 5473 2434 5518; x_wconf 91' lang='lat' dir='ltr'><strong>nt</strong></span> <span class='ocrx_word' id='word_1_847' title='bbox 2463 5479 2565 5517; x_wconf 93' lang='lat' dir='ltr'><strong>non</strong></span> <span class='ocrx_word' id='word_1_848' title='bbox 2595 5479 2778 5517; x_wconf 89' lang='lat' dir='ltr'><strong>omnes</strong></span> <span class='ocrx_word' id='word_1_849' title='bbox 2797 5463 3154 5517; x_wconf 74' lang='lat' dir='ltr'><strong>adverterent.</strong></span> 
     </span>
    </p>
   </div>
   <div class='ocr_carea' id='block_1_110' title="bbox 2067 5564 3584 5628">
    <p class='ocr_par' dir='ltr' id='par_1_110' title="bbox 2067 5564 3584 5628">
     <span class='ocr_line' id='line_1_110' title="bbox 2067 5564 3584 5628; baseline -0.002 -12"><span class='ocrx_word' id='word_1_850' title='bbox 2067 5570 2084 5601; x_wconf 76' lang='grc' dir='ltr'><strong><em>ι</em></strong></span> <span class='ocrx_word' id='word_1_851' title='bbox 2112 5577 2215 5618; x_wconf 66' lang='lat' dir='ltr'><strong>Mss.</strong></span> <span class='ocrx_word' id='word_1_852' title='bbox 2251 5567 2444 5628; x_wconf 67' lang='lat' dir='ltr'><strong>optimm</strong></span> <span class='ocrx_word' id='word_1_853' title='bbox 2466 5573 2592 5614; x_wconf 81' lang='lat' dir='ltr'><strong>notzc</strong></span> <span class='ocrx_word' id='word_1_854' title='bbox 2623 5564 2927 5628; x_wconf 75' lang='lat' dir='ltr'><strong>Corbcicnsis</strong></span> <span class='ocrx_word' id='word_1_855' title='bbox 2951 5571 3002 5613; x_wconf 89' lang='lat' dir='ltr'><strong>et</strong></span> <span class='ocrx_word' id='word_1_856' title='bbox 3037 5564 3370 5628; x_wconf 77' lang='lat' dir='ltr'><strong>nemigiensis,</strong></span> <span class='ocrx_word' id='word_1_857' title='bbox 3403 5568 3584 5624; x_wconf 67' lang='lat' dir='ltr'><strong>preter</strong></span> 
     </span>
    </p>
   </div>
   <div class='ocr_carea' id='block_1_111' title="bbox 2002 5623 3582 5691">
    <p class='ocr_par' dir='ltr' id='par_1_111' title="bbox 2002 5623 3582 5691">
     <span class='ocr_line' id='line_1_111' title="bbox 2002 5623 3582 5691; baseline -0.004 -11"><span class='ocrx_word' id='word_1_858' title='bbox 2002 5631 2123 5681; x_wconf 86' lang='lat' dir='ltr'><strong>alios</strong></span> <span class='ocrx_word' id='word_1_859' title='bbox 2145 5623 2337 5691; x_wconf 75' lang='lat' dir='ltr'><strong>paucos,</strong></span> <span class='ocrx_word' id='word_1_860' title='bbox 2361 5629 2602 5685; x_wconf 87' lang='lat' dir='ltr'><strong>omittunt,</strong></span> <span class='ocrx_word' id='word_1_861' title='bbox 2629 5626 2738 5676; x_wconf 84' lang='lat' dir='ltr'><strong>hinc</strong></span> <span class='ocrx_word' id='word_1_862' title='bbox 2775 5625 3028 5691; x_wconf 69' lang='lat' dir='ltr'><strong>marinum</strong></span> <span class='ocrx_word' id='word_1_863' title='bbox 3065 5623 3270 5691; x_wconf 72' lang='lat' dir='ltr'><strong>locutum</strong></span> <span class='ocrx_word' id='word_1_864' title='bbox 3314 5623 3414 5691; x_wconf 70' lang='lat' dir='ltr'><strong>esse</strong></span> <span class='ocrx_word' id='word_1_865' title='bbox 3436 5629 3582 5691; x_wconf 72' lang='lat' dir='ltr'><strong>testa-</strong></span> 
     </span>
    </p>
   </div>
   <div class='ocr_carea' id='block_1_112' title="bbox 2000 5684 3583 5750">
    <p class='ocr_par' dir='ltr' id='par_1_112' title="bbox 2000 5684 3583 5750">
     <span class='ocr_line' id='line_1_112' title="bbox 2000 5684 3583 5750; baseline -0.004 -8"><span class='ocrx_word' id='word_1_866' title='bbox 2000 5701 2080 5746; x_wconf 85' lang='lat' dir='ltr'><strong>tur</strong></span> <span class='ocrx_word' id='word_1_867' title='bbox 2109 5684 2199 5741; x_wconf 34' lang='lat' dir='ltr'><strong>:lat</strong></span> <span class='ocrx_word' id='word_1_868' title='bbox 2221 5684 2402 5738; x_wconf 81' lang='lat' dir='ltr'><strong>habent</strong></span> <span class='ocrx_word' id='word_1_869' title='bbox 2427 5684 2594 5750; x_wconf 62' lang='lat' dir='ltr'><strong>Ltlllltlil</strong></span> <span class='ocrx_word' id='word_1_870' title='bbox 2623 5703 2733 5737; x_wconf 80' lang='lat' dir='ltr'><strong>cum</strong></span> <span class='ocrx_word' id='word_1_871' title='bbox 2772 5689 2964 5737; x_wconf 68' lang='grc' dir='ltr'><strong>οωιυνίδ</strong></span> <span class='ocrx_word' id='word_1_872' title='bbox 3001 5689 3147 5737; x_wconf 79' lang='lat' dir='ltr'><strong>\&#39;crl.a</strong></span> <span class='ocrx_word' id='word_1_873' title='bbox 3187 5686 3284 5745; x_wconf 82' lang='lat' dir='ltr'><strong>illa,</strong></span> <span class='ocrx_word' id='word_1_874' title='bbox 3321 5686 3405 5736; x_wconf 82' lang='lat' dir='ltr'><strong>sed</strong></span> <span class='ocrx_word' id='word_1_875' title='bbox 3443 5684 3583 5750; x_wconf 76' lang='lat' dir='ltr'><strong>plane</strong></span> 
     </span>
    </p>
   </div>
   <div class='ocr_carea' id='block_1_113' title="bbox 2003 5749 2520 5807">
    <p class='ocr_par' dir='ltr' id='par_1_113' title="bbox 2003 5749 2520 5807">
     <span class='ocr_line' id='line_1_113' title="bbox 2003 5749 2520 5807; baseline -0.015 -1"><span class='ocrx_word' id='word_1_876' title='bbox 2003 5754 2118 5807; x_wconf 83' lang='lat' dir='ltr'><strong>alibt</strong></span> <span class='ocrx_word' id='word_1_877' title='bbox 2140 5752 2286 5802; x_wconf 83' lang='lat' dir='ltr'><strong>multo</strong></span> <span class='ocrx_word' id='word_1_878' title='bbox 2311 5749 2520 5800; x_wconf 84' lang='lat' dir='ltr'><strong>uberius.</strong></span> 
     </span>
    </p>
   </div>
  </div>
