4082 6462
535 337 679 396 “59

606 451 663 506 5.
695 444 898 504 Deinde
926 446 1165 518 sequitur
1188 443 1466 501 Matthaans
1498 455 1554 501 et
1582 446 1769 501 inserit
1800 445 2112 517 mysterium

535 541 777 611 corporis
803 547 858 595 et
880 536 1149 608 sanguinis
1177 551 1207 591 a
1231 536 1453 591 Domino
1477 536 1748 607 discipulis
1784 536 1986 603 datum,
2013 538 2117 593 sic-

536 642 595 685 ut
618 640 673 686 et
695 629 903 685 Marcus
931 638 985 683 et
1014 629 1204 682 Lucas.
1251 626 1356 683 Sed
1383 643 1504 682 cum
1543 627 1843 683 tradidisset
1868 628 2113 695 calicem,

534 737 724 777 rursus
748 721 817 776 de
848 720 1100 775 traditore
1128 734 1225 775 suo
1250 719 1456 773 locutus
1481 730 1597 786 est,
1627 719 1767 790 quod
1788 719 1962 774 Lucas
1986 736 2113 790 per-

534 813 775 883 sequitur
798 812 1014 866 dicens:
1051 809 1399 863 Verumtamen
1414 827 1523 864 ecce
1543 826 1721 865 manus
1742 810 1984 865 tradentis
2007 827 2106 878 me,

536 919 730 956 nierum
769 911 839 955 est
865 902 918 953 in
955 916 1127 954 mensa
1161 916 1179 954 :
1204 910 1249 954 et
1275 901 1477 972 quidem
1502 899 1549 953 F
1551 901 1669 955 ilius
1688 901 1905 955 hominis
1932 918 2112 956 secun-

532 996 658 1048 dum
687 992 823 1065 quod
864 992 1124 1061 deﬁnitum
1148 1000 1222 1046 est
1248 992 1420 1057 vadit;
1457 1000 1794 1045 verumtamen
1823 1007 1897 1046 va:
1924 993 2114 1046 homini

533 1086 613 1140 illi
641 1100 893 1156 perquem
914 1082 1177 1138 trudetur!
1206 1082 1424 1152 llicjam
1447 1082 1845 1152 intelligendum
1875 1091 1957 1137 est
1984 1082 2112 1138 illud

537 1175 792 1246 consequi
821 1175 963 1246 quod
989 1173 1223 1229 Joannes
1250 1180 1465 1240 narrat,
1496 1172 1583 1227 isti
1615 1181 1791 1227 autem
1821 1173 2112 1242 praetermi-

533 1275 756 1330 serunt;
807 1267 945 1320 sicut
971 1265 1205 1320 Joannes
1249 1263 1490 1334 quaedam
1526 1263 1862 1332 praetermisit
1886 1279 2005 1333 qu:e
2034 1264 2110 1318 illi

530 1356 799 1410 dixerunt.
833 1354 964 1410 Cum
1008 1369 1138 1422 ergo
1166 1360 1286 1422 post
1318 1352 1569 1407 traditum
1614 1353 1834 1408 calicem
1885 1353 2109 1408 dixisset

530 1447 808 1513 Dominus,
831 1445 971 1516 quod
995 1461 1023 1498 a
1052 1445 1195 1499 Luca
1221 1443 1452 1514 positum
1477 1452 1589 1510 est,
1630 1441 1980 1497 Verumtamen
1999 1460 2111 1498 ecce

523 1553 705 1591 manus
725 1536 969 1590 tradentis
993 1551 1072 1588 me
1087 1551 1277 1588 mecum
1296 1535 1434 1589 estin
1450 1550 1640 1599 mensa,
1669 1543 1797 1599 etc.,
1828 1536 2109 1605 coojungi-

527 1637 616 1683 tur
641 1627 769 1682 illud
798 1626 1088 1682 secundum
1115 1625 1372 1680 Joannem
1399 1645 1416 1680 :
1441 1643 1459 1676 ι
1495 1626 1623 1679 Erat
1644 1640 1773 1696 ergo
1794 1628 2109 1683 recumbens

525 1735 665 1774 unus
689 1735 755 1774 ex
795 1717 1067 1790 discipulis
1095 1716 1211 1786 ejus
1255 1717 1307 1771 in
1337 1717 1455 1770 sinu
1478 1717 1635 1781 Jesu,
1668 1733 1827 1789 quem
1853 1717 2109 1788 diligebat

529 1809 689 1866 Jesus
715 1827 729 1865 :
760 1809 931 1863 innuit
983 1822 1110 1878 ergo
1146 1807 1270 1860 huic
1312 1805 1496 1861 Simon
1526 1806 1744 1871 Petrus,
1768 1816 1826 1862 et
1853 1808 1986 1862 dixit
2008 1809 2057 1862 ei
2087 1826 2101 1862 :

526 1900 662 1969 Quis
702 1907 785 1955 est
824 1898 892 1953 de
920 1912 1026 1967 quo
1049 1897 1216 1952 dicit?
1272 1895 1450 1966 Itaque
1478 1911 1598 1950 cum
1636 1896 1966 1952 recubuisset
2009 1898 2100 1954 ille

537 2006 695 2060 supra
744 1999 926 2060 pectus
965 1989 1128 2054 Jesu,
1171 1989 1298 2044 dicit
1340 1988 1390 2044 ei
1432 2005 1446 2043 :
1506 1990 1760 2054 Domine,
1811 1991 1932 2061 quis
1977 1991 2098 2045 est?

531 2082 824 2152 Respondit
848 2080 1043 2137 Iesus:
1078 2081 1168 2136 llle
1190 2081 1275 2135 cui
1306 2095 1405 2149 ego
1426 2080 1698 2134 intinctam
1745 2096 1936 2151 panem
1979 2097 2105 2152 por-

522 2187 736 2228 rexero.
791 2172 851 2225 Et
883 2185 1004 2224 cum
1043 2169 1344 2224 intinxisset
1384 2185 1609 2239 panem,
1641 2170 1785 2224 dedit
1822 2169 1973 2225 Judae
2014 2171 2101 2227 Si-

532 2263 708 2319 monis
735 2261 1002 2319 Scarioth.
1046 2262 1115 2316 Et
1156 2270 1274 2331 post
1303 2261 1619 2326 buccellam,
1650 2271 1774 2316 tunc
1796 2262 1997 2317 introiit
2045 2263 2100 2317 in

519 2353 665 2408 illum
692 2363 924 2409 satanas.
965 2371 985 2406 ι

590 2444 644 2497 4.
684 2441 780 2496 llic
803 2441 1084 2496 videndum
1113 2449 1212 2505 est.
1246 2457 1314 2497 ne
1334 2456 1441 2496 non
1480 2441 1649 2496 solum
1675 2441 1853 2506 Luem,
1880 2443 1967 2513 qui
1984 2442 2098 2514 jam

515 2531 722 2587 dixerat
748 2532 973 2585 intrasse
998 2539 1239 2584 satanam
1266 2530 1318 2584 in
1344 2546 1440 2586 cor
1460 2530 1633 2595 Judte,
1673 2532 1885 2600 quando
1913 2544 2099 2602 pactus

513 2630 598 2678 est
620 2631 741 2676 tunc
767 2634 889 2675 cum
915 2619 1143 2683 Judaais,
1174 2629 1233 2674 ut
1255 2634 1379 2676 eum
1404 2631 1618 2691 accepta
1659 2624 1882 2692 pecunia
1917 2623 2097 2679 trade-

521 2723 642 2778 ret,
676 2712 768 2768 sed
794 2712 954 2767 etiam
988 2712 1087 2767 sibi
1117 2712 1230 2782 ipse
1254 2711 1487 2768 Joannes
1511 2729 1805 2784 repugnare
1824 2715 2095 2783 videatur,

513 2805 603 2875 qui
627 2804 737 2874 jam
759 2803 966 2858 dixerat
984 2802 1230 2873 superius
1250 2844 1265 2870 ,
1313 2814 1597 2875 antequam
1626 2805 1778 2860 istam
1802 2807 2094 2863 buccellam

512 2902 800 2966 acciperet.
848 2894 913 2948 Et
940 2910 1081 2949 cana
1106 2896 1262 2964 facta,
1293 2912 1406 2949 cum
1420 2897 1533 2968 jam
1559 2897 1790 2953 diabolus
1813 2899 2096 2955 immisisset

511 2989 566 3043 in
585 3005 672 3042 cor
696 2997 749 3041 ut
773 2987 989 3063 traderet
1017 3003 1132 3041 eum
1172 2984 1357 3040 Iudas.
1383 2988 1661 3056 Quomodo
1687 2990 1826 3043 enim
1859 2990 2020 3045 intrat
2039 2992 2091 3045 in

511 3079 758 3146 θοι-,ιιἰεί
785 3077 1119 3132 immittendo
1141 3078 1348 3147 iniquas
1374 3080 1742 3147 persuasiones
1760 3081 2092 3150 cogitationi-

510 3170 609 3225 bus
638 3170 934 3238 iniquorum
964 3169 1008 3221 η
1035 3168 1140 3223 Sed
1162 3183 1299 3222 nunc
1324 3168 1616 3238 intelligere
1636 3169 1900 3225 debemus
1922 3186 1950 3224 a
1977 3172 2092 3226 dia—

510 3259 637 3315 bolo
662 3259 851 3315 Judam
881 3258 1083 3329 plenius
1116 3273 1236 3313 esse
1263 3272 1570 3329 possessum
1598 3276 1612 3310 :
1642 3259 1781 3314 sicut
1819 3270 2001 3315 contra
2034 3262 2089 3317 in

508 3350 684 3417 bono,
732 3350 805 3403 illi
853 3349 943 3420 qui
982 3349 1090 3419 jam
1127 3356 1450 3417 acceperant
1500 3348 1757 3418 Spiritum
1808 3359 2085 3418 sanctum,

508 3441 720 3512 quando
757 3439 835 3494 eis
885 3447 1003 3507 post
1045 3438 1488 3493 resurrectionem
1541 3439 1831 3494 iusnl‘llavit
1866 3439 2084 3509 dicens,

507 3533 732 3601 Accipite
751 3529 1000 3601 Spiritum
1019 3538 1245 3582 sanctum
1270 3527 1447 3600 (Joan.
1468 3545 1562 3594 xx,
1580 3528 1696 3600 22);
1723 3520 1906 3600 pestes
1928 3547 2049 3587 eum
2066 3573 2082 3598 ,

506 3637 628 3678 cum
671 3621 902 3690 desuper
946 3618 1141 3673 missus
1183 3626 1326 3673 esset
1368 3617 1456 3673 die
1495 3619 1866 3687 Pentecostes,
1906 3621 2085 3691 utique

505 3714 713 3785 plenius
738 3718 1076 3780 acceperunt.
1108 3708 1236 3764 Post
1278 3709 1565 3765 buccellam
1595 3727 1724 3782 ergo
1751 3720 1877 3767 tunc
1922 3713 2088 3767 intro-

505 3808 570 3861 iit
596 3807 646 3860 iu
668 3821 789 3861 eum
815 3813 1066 3858 satanas:
1113 3822 1133 3855 ι
1171 3803 1265 3868 Ει,
1304 3823 1324 3856 ι
1355 3804 1493 3858 sicut
1532 3805 1821 3859 contextim
1850 3804 2082 3861 Joannes

504 3896 618 3966 ipse
642 3903 1055 3959 commemorat,
1092 3910 1112 3944 ‹
1144 3893 1274 3947 dicit
1301 3894 1350 3948 ei
1376 3893 1569 3949 Jesus:
1613 3895 1766 3960 Quod
1801 3893 1967 3959 facis,
2001 3895 2082 3950 fac

501 3984 680 4040 citius.
742 3984 850 4037 lloc
892 3992 1067 4037 autem
1111 3997 1268 4037 nemo
1320 3983 1475 4036 scivit
1511 3984 1958 4041 discumbentium
2012 3985 2081 4040 ad

500 4078 626 4149 quid
677 4077 869 4132 dixerit
914 4077 985 4131 ei.
1022 4076 1246 4143 Quidam
1285 4076 1425 4129 enim
1459 4076 1753 4145 putabant,
1782 4077 1901 4145 quia
1929 4077 2079 4132 locu-

499 4170 581 4225 los
621 4170 848 4224 habebat
897 4168 1096 4233 Judas,
1142 4168 1265 4237 quia
1304 4167 1438 4221 dixit
1482 4169 1530 4221 ei
1556 4167 1712 4223 Jesus
1739 4169 1784 4234 ’,
1828 4168 1963 4222 Eme
2014 4184 2077 4224 ea

497 4278 617 4333 qua:
660 4276 795 4332 opus
842 4270 967 4315 sunt
995 4259 1148 4314 nobis
1170 4259 1235 4314 ad
1273 4258 1414 4313 diem
1445 4258 1667 4319 festum:
1688 4271 1781 4315 aut
1805 4262 1991 4329 egenis
2020 4269 2079 4315 ut

497 4354 692 4423 aliquid
731 4353 903 4408 daret.
948 4349 1083 4406 Cum
1123 4364 1251 4420 ergo
1279 4351 1570 4420 accepisset
1609 4351 1698 4406 ille
1748 4351 2074 4419 buccellam,

503 4442 637 4496 exiit
685 4441 959 4495 continuo.
1012 4439 1140 4494 Erat
1166 4448 1342 4495 autem
1369 4455 1495 4494 nox.
1522 4438 1652 4494 Cum
1677 4456 1805 4510 ergo
1838 4445 2071 4508 exisset,

495 4534 622 4589 dicit
642 4533 838 4589 Jesus:
870 4531 1018 4587 Nunc
1050 4531 1369 4587 clarificatus
1404 4541 1484 4585 est
1512 4531 1676 4586 Filius
1704 4533 1932 4589 hominis
1952 4574 1968 4598 ,
2018 4543 2073 4588 et

498 4620 637 4684 Deus
659 4629 977 4683 clariﬁcatus
1000 4636 1084 4683 est
1111 4627 1162 4680 in
1188 4642 1254 4680 eo
1282 4644 1295 4679 :
1327 4627 1445 4681 etsi
1475 4626 1615 4681 Deus
1640 4626 1961 4682 clariﬁcatus
1986 4635 2073 4682 est

496 4720 550 4775 iu
576 4735 662 4786 eo,
696 4728 748 4774 et
772 4719 907 4772 Dens
929 4716 1241 4771 clarilicabit
1264 4730 1384 4771 eum
1410 4716 1460 4770 in
1486 4710 1793 4786 Sometipso,
1819 4725 1874 4772 et
1898 4718 2073 4772 conti-

494 4829 601 4867 nuo
628 4810 937 4865 clariliealiit
963 4824 1104 4864 eum.
1144 4827 1162 4860 s

390 4936 413 4959 ς
492 4903 718 4960 CAPUT
757 4902 820 4956 ll.
838 4931 910 4957 -—
932 4900 1007 4954 De
1049 4874 1289 4971 prtedicta
1326 4900 1589 4970 negatione
1618 4898 1789 4966 Petri,
1827 4902 2073 4971 quemad-

647 4973 853 5028 modum
891 4973 1219 5026 ostendantur
1240 4971 1372 5024 niltil
1395 4972 1525 5024 inter
1548 4987 1601 5024 se
1621 4987 1930 5042 repugnare.

561 5065 616 5120 5.
652 5083 672 5118 ι
700 5063 910 5130 Filioli,
937 5061 1109 5116 adhuc
1135 5061 1402 5116 modicum
1430 5060 1699 5118 vobiscum
1729 5076 1868 5115 sum.
1910 5060 2069 5128 Qua:-

492 5158 622 5213 rctis
664 5171 782 5221 me;
824 5164 907 5221 et,
949 5156 1086 5208 sicut
1113 5154 1220 5209 dixi
1267 5152 1500 5217 Judaeis,
1539 5167 1646 5223 quo
1683 5167 1784 5223 ego
1817 5152 1952 5207 vado
1977 5168 2072 5209 vos

492 5266 598 5305 non
656 5248 878 5319 potestis
923 5245 1148 5302 venire:
1195 5253 1252 5300 et
1274 5244 1426 5300 vobis
1467 5244 1587 5299 dico
1628 5242 1808 5298 modo.
1854 5243 2071 5298 Manda-

492 5355 603 5398 tum
663 5356 859 5397 novum
910 5338 984 5393 do
1038 5337 1218 5402 voltis,
1273 5345 1331 5392 ut
1377 5336 1607 5406 diligatis
1653 5335 1912 5398 invicem,
1963 5338 2069 5390 sic-

489 5444 546 5488 ut
593 5432 752 5487 dilexi
798 5444 932 5492 vos,
979 5438 1037 5483 ut
1081 5437 1138 5483 ct
1178 5442 1277 5483 vos
1318 5426 1546 5496 diligatis
1582 5425 1824 5480 invicem.
1872 5425 1928 5480 In
1969 5424 2072 5481 hoc

488 5529 811 5593 cognoscent
856 5533 1045 5573 omnes
1085 5517 1208 5587 quia
1257 5516 1362 5571 mei
1400 5516 1642 5587 discipuli
1682 5515 1845 5581 estis,
1896 5514 1942 5569 si
1988 5514 2070 5568 di-

543 5636 559 5667 ί
574 5636 645 5684 Sic
654 5639 760 5681 Mss.
774 5630 887 5680 Fditi
901 5637 1084 5688 autem,
1095 5626 1424 5695 persuasiones
1438 5621 2073 5695 cogitationum

551 5698 571 5726 θ
598 5703 701 5744 .uss.
722 5711 733 5755 ι
752 5685 1203 5755 rope_omnes,dirit
1220 5689 1267 5740 ei
1279 5698 1434 5741 Jestts.
1452 5685 1551 5738 Duo
1562 5702 1592 5739 e
1609 5694 1707 5738 vat.
1726 5694 1779 5736 et
1793 5685 1912 5746 και,
1928 5685 2072 5736 dixe-

490 5756 569 5808 rit.
585 5753 751 5815 Cra'ci,
770 5753 905 5818 (rga.

1363 335 1451 398 DE
1488 333 1840 393 CONSENSU
1880 332 2529 409 EVANGELISTARUM,
2566 340 2625 397 S.
2665 340 3024 401 AUGUSTI?“

3667 354 3809 416 1160

2227 447 2505 505 lectionem
2545 452 2833 510 habueritis
2878 456 2943 511 ad
2982 457 3227 515 invicem.
3257 459 3396 517 Dicit
3419 464 3467 519 el
3496 463 3682 523 Simon
3710 468 3795 525 Pe-

2223 547 2338 594 trus
2380 558 2394 595 :
2444 541 2694 609 Domine,
2750 561 2858 615 quo
2899 548 3083 603 vadis?
3128 548 3423 622 Respondit
3460 554 3795 626 JesuszQue

2221 645 2321 700 ego
2366 632 2501 686 vado
2548 650 2651 688 non
2681 644 2829 705 potes
2867 654 2954 694 me
2995 639 3155 696 modo
3193 645 3377 714 sequi;
3414 649 3655 719 sequeris
3703 665 3799 705 au-

2218 727 2329 775 tem
2381 732 2583 790 postea.
2642 726 2776 781 Dicit
2807 729 2856 783 ei
2903 729 3125 785 Petrus:
3155 732 3335 799 Quare
3361 751 3464 791 non
3494 754 3710 807 possum
3744 751 3798 798 te

2219 814 2371 883 sequi
2428 816 2629 871 modo?
2673 820 2903 874 animam
2951 838 3122 878 meam
3174 841 3271 894 pro
3316 837 3368 882 te
3416 844 3633 900 ponam.
3694 834 3801 891 Re-

2215 904 2430 972 Spondit
2452 905 2608 961 Jcsus
2634 926 2650 962 :
2685 910 2926 965 Animam
2956 922 3096 968 tuam
3139 931 3239 986 pro
3264 934 3348 972 me
3378 921 3585 988 pones?
3613 937 3795 990 amen,

2217 1007 2371 1048 amen
2398 995 2520 1051 dico
2566 999 2695 1063 tibi,
2738 1016 2843 1055 non
2891 1005 3127 1058 cantabit
3174 1007 3345 1075 gallus
3390 1008 3561 1065 donec
3598 1022 3683 1068 ter
3711 1029 3799 1070 me

2217 1100 2379 1153 neges
2411 1106 2430 1139 ι
2476 1086 2666 1160 (Joan.
2727 1107 2855 1159 xm,
2903 1093 3141 1167 33-58).
3168 1095 3280 1152 Hoc
3318 1097 3386 1153 de
3412 1101 3663 1169 prmdicta
3707 1119 3798 1159 ne-

2212 1177 2424 1246 gatione
2472 1195 2565 1234 sua
2632 1181 2789 1237 Petro
2840 1200 2944 1238 non
2997 1186 3145 1241 solus
3192 1187 3460 1256 Joannes,
3516 1207 3581 1246 ex
3642 1194 3800 1264 cujus

2214 1269 2501 1341 Evangelio
2547 1274 2704 1329 modo
2729 1275 2830 1330 ista
2860 1276 3183 1347 interposui,
3236 1281 3330 1342 sed
3377 1294 3432 1338 et
3479 1286 3660 1340 ueteri
3688 1293 3799 1342 tres

2212 1371 2631 1416 commemorant
2656 1363 2867 1435 (Matth.
2893 1382 3041 1429 xxvr,
3065 1368 3262 1435 50-55;
3284 1370 3450 1426 Marc.
3477 1389 3589 1441 xtv,
3605 1374 3795 1444 26-51,

2212 1458 2262 1503 et
2302 1450 2427 1505 Luc.
2466 1469 2600 1519 xxtt,
2632 1456 2842 1529 31-54).
2868 1457 2985 1513 Non
3002 1475 3130 1516 sane
3155 1477 3341 1519 omnes
3369 1480 3434 1519 ex
3456 1481 3559 1519 una
3578 1468 3771 1523 eadem

2212 1558 2316 1613 que
2359 1546 2640 1603 occasione
2686 1551 2950 1607 sermonis
2996 1553 3064 1607 ad
3106 1570 3223 1608 eam
3269 1559 3795 1615 commemorandam

2212 1634 2431 1689 veniunt
2462 1654 2475 1690 :
2516 1652 2637 1691 nam
2676 1638 2952 1696 Matthzeus
2991 1652 3046 1699 et
3083 1644 3287 1699 Marcus
3314 1647 3428 1715 pari
3456 1663 3675 1718 prorsus
3696 1666 3793 1704 or-

2209 1723 2333 1778 dine
2356 1733 2411 1779 et
2436 1726 2623 1781 eodem
2669 1731 2987 1785 narrationis
3024 1748 3134 1788 suae
3174 1734 3291 1789 loco
3319 1750 3438 1791 eam
3468 1738 3795 1794 subnectunt

2209 1814 2400 1880 ambo,
2449 1827 2794 1888 posteaquam
2847 1821 3100 1877 Dominus
3148 1840 3395 1895 egressus
3448 1836 3532 1882 est
3578 1844 3645 1885 ex
3697 1830 3793 1885 illa

2209 1902 2399 1971 domo,
2432 1906 2519 1960 ubi
2578 1909 3024 1967 manducaverant
3078 1913 3313 1982 Pascha;
3366 1916 3538 1973 Lucas
3582 1931 3797 1977 veroet

2207 1993 2470 2066 Joannes,
2517 2010 2800 2070 antequam
2832 2002 2953 2057 inde
2995 2013 3139 2059 esset
3164 2021 3430 2076 egressus.
3485 2008 3592 2064 Sed
3634 2009 3795 2067 facile

2208 2101 2489 2156 possemus
2511 2089 2808 2162 intelligere
2828 2101 2919 2147 aut
2940 2094 3062 2150 illos
3089 2096 3224 2151 duos
3243 2113 3360 2151 eam
3390 2100 3795 2170 recapitulando

2208 2179 2483 2248 posuisse,
2512 2190 2603 2235 aut
2630 2183 2761 2238 istos
2792 2188 3242 2256 praeoccupando;
3271 2191 3371 2244 nisi
3398 2192 3565 2262 magis
3606 2208 3795 2250 move-

2203 2279 2287 2324 ret
2311 2271 2449 2341 quod
2480 2282 2585 2325 tam
2611 2272 2819 2329 diversa
2841 2317 2855 2340 ,
2899 2292 3005 2331 non
3036 2286 3239 2333 tantum
3278 2280 3438 2335 verba
3459 2323 3474 2347 ,
3502 2281 3596 2336 sed
3626 2284 3792 2340 etiam

2204 2362 2496 2416 sententias
2517 2362 2727 2418 Domini
2771 2368 3099 2435 prmmittunt
3116 2409 3131 2431 ,
3159 2368 3351 2439 quibus
3378 2381 3653 2442 permotus
3679 2374 3789 2430 Pe-

2204 2460 2316 2507 trus
2345 2453 2486 2509 illam
2528 2458 2993 2526 praesumptionem
3034 2461 3329 2529 proferret,
3378 2463 3461 2518 vel
3509 2479 3631 2519 cum
3674 2465 3788 2521 Do-

2202 2547 2347 2599 mino
2375 2546 2459 2601 vel
2487 2564 2581 2616 pro
2602 2548 2825 2602 Domino
2854 2552 3134 2618 moriendi,
3156 2562 3211 2607 ut
3228 2554 3394 2624 magis
3408 2565 3601 2627 cogant
3626 2557 3791 2614 intel-

2202 2634 2289 2704 ligi
2315 2643 2396 2691 ter
2422 2652 2544 2691 eum
2571 2639 2902 2707 expressisse
2931 2642 3395 2711 prarsumptionem
3421 2659 3573 2701 suam
3601 2646 3788 2703 diver-

2200 2726 2275 2780 sis
2295 2726 2425 2781 locis
2449 2729 2710 2783 sermonis
2738 2728 2955 2815 Christi,
2972 2740 3026 2785 et
3047 2741 3126 2786 ter
3164 2732 3236 2786 illi
3255 2748 3284 2787 a
3305 2733 3528 2790 Domino
3554 2752 3787 2806 respon-

2199 2832 2315 2872 sum
2346 2819 2485 2889 quod
2513 2837 2633 2875 eum
2649 2832 2791 2877 esset
2818 2837 2941 2877 ante
2971 2824 3097 2894 galli
3120 2834 3331 2881 cantum
3363 2837 3445 2882 ter
3472 2840 3783 2900 negaturus.

2266 2909 2321 2964 6.
2362 2910 2544 2980 Neque
2582 2913 2724 2967 enim
2756 2914 3063 2969 incredibile
3081 2923 3196 2983 est,
3221 2917 3549 2987 aliquantum
3577 2920 3785 2991 disjuno

2194 3001 2296 3056 etis
2323 3002 2615 3058 intervallis
2646 3007 2901 3076 temporis
2929 3005 3142 3062 Petrum
3182 3019 3506 3065 commotum
3544 3027 3665 3068 esse
3708 3013 3780 3070 ad

2197 3096 2622 3164 prmsumeudum
2643 3136 2660 3162 ,
2689 3098 2828 3152 sicut
2848 3099 2913 3153 ad
2944 3100 3274 3169 negandum;
3303 3102 3387 3156 vel
3414 3103 3463 3158 ei
3491 3103 3781 3162 Dominum

2194 3184 2391 3253 aliquid
2413 3193 2495 3241 ter
2508 3186 2751 3241 similiter
2768 3188 3109 3257 respondisse
3131 3208 3145 3243 :
3172 3192 3594 3264 quandoquidem
3609 3195 3779 3251 etiam

2192 3276 2480 3330 contextim
2508 3318 2521 3341 ,
2546 3278 2708 3332 nullis
2753 3278 2874 3331 aliis
2905 3280 3228 3351 interpositis
3251 3282 3413 3338 rebus
3438 3293 3530 3338 aut
3553 3285 3729 3341 verbis
3752 3327 3773 3353 ,

2191 3375 2311 3436 post
2350 3369 2789 3422 resurrectionem
2828 3377 2910 3423 ter
2962 3370 3107 3425 illum
3146 3372 3543 3443 interrogaverit
3593 3387 3776 3434 utrum

2191 3471 2310 3510 cum
2345 3467 2515 3524 amet,
2544 3466 2598 3512 et
2647 3459 2695 3512 ei
2747 3468 2831 3513 ter
2877 3460 2979 3515 hoc
3033 3462 3171 3517 idem
3223 3465 3564 3533 respondenti
3606 3470 3775 3522 etiam

2190 3547 2303 3618 ipse
2326 3550 2631 3602 mandatum
2659 3549 2726 3604 de
2752 3552 3028 3619 pascendis
3056 3552 3244 3607 ovibus
3272 3555 3385 3609 suis
3405 3571 3566 3611 unum
3591 3556 3773 3612 idem-

2188 3656 2290 3711 que
2320 3648 2403 3695 ter
2445 3642 2760 3711 praeceperit
2808 3640 2983 3712 (Joan.
3013 3658 3143 3709 xxt,
3175 3644 3383 3714 15-17).
3438 3645 3549 3700 Hoc
3588 3655 3772 3703 autem

2186 3747 2308 3788 esse
2332 3732 2634 3787 credibilius
2654 3775 2667 3796 ,
2694 3734 2834 3804 quod
2863 3745 2944 3789 ter
2968 3735 3261 3791 ostenderit
3295 3740 3771 3808 praesumptionem

2187 3838 2339 3877 suam
2372 3824 2592 3889 Petrus,
2619 3833 2674 3878 et
2700 3825 2765 3877 dc
2791 3826 2925 3879 trina
2944 3841 3037 3879 sua
3064 3828 3345 3897 negatione
3376 3837 3503 3884 tera
3542 3831 3770 3886 Domino

2189 3916 2423 3971 audierit
2446 3958 2463 3984 ,
2490 3931 2556 3970 ex
2582 3916 2709 3986 ipsis
2736 3916 3192 3987 Evangelistarum
3219 3920 3396 3975 verbis
3417 3962 3434 3987 ,
3465 3938 3585 3991 qu:e
3605 3936 3637 3976 a
3661 3922 3772 3977 Do-

2184 4007 2331 4061 mino
2371 4006 2511 4062 dicta
2558 4007 2768 4062 diverse
2811 4023 2873 4061 ac
2926 4009 3134 4064 diversa
3189 4022 3640 4079 commemorant,
3686 4013 3769 4069 sic

2186 4098 2453 4166 probatur.
2478 4098 2613 4153 Ecce
2636 4099 3030 4174 meminerimus
3049 4101 3186 4171 quod
3221 4118 3361 4157 nunc
3385 4102 3675 4172 interposui
3690 4118 3762 4159 ex

2185 4187 2473 4258 Evangelio
2497 4188 2755 4256 Joannis;
2783 4189 2883 4245 hoc
2919 4200 3065 4245 certe
3103 4190 3348 4247 dixerat:
3379 4211 3399 4245 ι
3428 4192 3633 4259 Filioli,
3660 4193 3762 4248 ad-

2184 4278 2290 4334 huc
2319 4280 2584 4333 modicum
2616 4280 2887 4335 vobiscum
2926 4295 3067 4337 sum.
3103 4282 3365 4361 queretis
3391 4299 3504 4348 me;
3528 4293 3615 4351 et,
3641 4285 3763 4340 sic-7

2187 4379 2245 4425 ut
2268 4369 2379 4425 dixi
2416 4370 2651 4437 Judteis,
2695 4386 2800 4442 quo
2824 4387 2923 4442 ego
2960 4372 3096 4427 vado
3143 4387 3238 4426 vos
3266 4387 3370 4428 non
3413 4376 3634 4444 potestis
3669 4391 3764 4430 ve-

2180 4462 2296 4517 nire
2339 4478 2353 4516 :
2395 4471 2451 4517 et
2491 4461 2643 4517 vobis
2701 4463 2822 4516 dico
2868 4462 3048 4518 modo.
3094 4462 3394 4517 Mandatum
3443 4480 3637 4520 novum
3690 4466 3762 4521 do

2178 4552 2366 4619 vobis,
2395 4561 2455 4607 ut
2498 4552 2731 4624 diligatis
2775 4554 3037 4619 invicem,
3064 4553 3202 4608 sicut
3224 4553 3387 4609 dilexi
3433 4569 3563 4622 vos,
3605 4560 3665 4609 ut
3705 4564 3761 4612 et

2184 4659 2280 4698 vos
2327 4643 2560 4714 diligatis
2620 4644 2868 4698 invicem.
2943 4642 2998 4698 ln
3047 4644 3154 4698 hoc
3196 4652 3521 4714 cognoscent
3569 4660 3762 4701 omnes

2178 4734 2302 4803 quia
2355 4734 2460 4788 mei
2517 4732 2763 4803 discipuli
2810 4732 2973 4795 estis,
3031 4733 3075 4787 si
3122 4731 3460 4789 dilectionem
3511 4733 3763 4791 habueri-

2182 4826 2252 4879 tis
2310 4823 2376 4878 ad
2437 4823 2687 4879 invicem.
2761 4823 2899 4878 Dicit
2960 4824 3011 4878 ei
3075 4822 3263 4879 Simon
3335 4825 3522 4880 Petrus
3568 4841 3584 4879 :
3643 4826 3756 4881 Do-

2178 4917 2360 4981 mine,
2415 4929 2523 4985 quo
2574 4913 2818 4969 vadis?)
2871 4914 3072 4985 Nempe
3116 4914 3205 4969 hic
3244 4914 3583 4971 manifestum
3638 4926 3756 4984 est,

2183 5024 2248 5063 ex
2292 5006 2396 5062 illis
2424 5007 2602 5061 verbis
2642 5015 2844 5062 motum
2870 5022 2988 5062 esse
3026 5007 3240 5062 Petrum
3271 5016 3329 5062 ut
3357 5008 3592 5076 diceret,
3645 5008 3756 5064 Do-

2177 5100 2346 5165 mine,
2376 5113 2475 5170 quo
2509 5097 2689 5153 vadis?
2732 5098 2858 5168 quia
2895 5098 3160 5161 dicentem
3202 5099 3475 5164 audierat,
3524 5100 3636 5166 Quo
3661 5116 3757 5171 ego

2176 5190 2307 5246 vado
2334 5207 2421 5244 vos
2461 5206 2563 5244 non
2606 5198 2810 5259 potestis
2836 5189 3022 5244 venire.
3069 5189 3361 5259 Respondit
3385 5188 3541 5247 Jesus
3576 5189 3754 5247 eidem

2177 5282 2337 5338 Petro
2365 5298 2380 5335 :
2415 5279 2528 5348 Quo
2549 5297 2639 5352 ego
2658 5280 2786 5335 vado
2805 5297 2907 5335 non
2931 5290 3069 5352 potes
3096 5297 3177 5335 mc
3197 5282 3336 5351 sequi
3359 5282 3541 5347 modo;
3572 5294 3755 5353 seque-

2175 5376 2248 5429 ris
2272 5386 2438 5429 autem
2486 5384 2678 5445 postea.
2723 5373 2875 5429 Tunc
2902 5374 2993 5429 ille
3024 5391 3039 5427 :
3077 5373 3249 5439 Quare
3270 5390 3370 5430 non
3400 5391 3637 5445 possunt,
3668 5375 3756 5430 in-

2176 5464 2323 5535 quit,
2371 5465 2512 5536 sequi
2540 5475 2588 5519 te
2615 5464 2800 5519 modo?
2833 5464 3055 5518 animam
3103 5481 3268 5519 meam
3315 5483 3408 5536 pro
3456 5476 3504 5521 te
3544 5483 3752 5538 ponam.

2178 5555 2312 5610 lluic
2342 5553 2739 5625 prtesumptioni
2783 5555 3055 5623 reSpondit
3093 5553 3349 5610 Dominus
3378 5555 3606 5612 futuram
3634 5558 3755 5627 ejus

2175 5645 2533 5716 negationem.
2582 5643 2750 5699 Lucas
2777 5653 2954 5699 autem
2997 5658 3118 5699 cum
3147 5657 3619 5703 commemorasset
3664 5648 3754 5703 di-

2179 5736 2320 5791 xisse
2361 5734 2640 5791 Dominum
2663 5776 2679 5802 ,
2729 5733 2926 5802 Simon,
2956 5751 3065 5790 ecce
3088 5744 3291 5790 satanas
3329 5739 3559 5805 expetivit
3586 5754 3672 5793 nos
3696 5746 3757 5793 ut
