4082 6528
294 558 431 618 illi!

292 671 537 727 cribraret
562 668 689 728 sicut
714 666 930 721 triticum
954 680 973 720 :
995 679 1084 736 ego
1106 670 1271 718 autem
1298 659 1471 733 rogavi
1490 676 1583 731 pro
1614 668 1680 724 te,
1709 665 1763 710 ut
1784 672 1887 710 non

295 760 505 831 deﬁciat
532 759 658 829 ﬁdes
688 770 810 824 tua;
839 766 885 813 et
915 766 996 823 tu,
1023 754 1298 827 aliquando
1325 768 1609 819 conversus,
1641 751 1888 819 confirma

296 853 487 924 fratres
522 859 674 917 tuos;
718 856 845 903 tunc
870 847 1099 917 subjecit
1125 847 1343 902 Petrum
1370 842 1741 913 respondisse,
1774 839 1890 925 Do-b

298 944 454 1007 mine,
488 950 646 995 tecum
684 947 890 1010 paratus
913 954 1025 993 sum
1057 947 1105 990 et
1146 937 1201 990 in
1237 950 1486 990 carcerem
1515 942 1561 987 et
1593 932 1645 986 in
1684 940 1891 985 mortem

297 1035 393 1089 ire.
422 1029 491 1085 Et
510 1030 597 1084 ille
625 1029 751 1083 dixit
783 1044 802 1084 :
834 1028 960 1083 Dico
988 1028 1110 1093 tibi,
1145 1025 1299 1081 Petre
1320 1068 1336 1094 ,
1365 1042 1466 1079 non
1493 1023 1717 1079 cantabit
1743 1022 1893 1076 hodie

297 1124 491 1198 gallus,
510 1123 666 1177 donec
694 1131 767 1175 ter
789 1123 1000 1192 abneges
1025 1136 1168 1175 nosse
1192 1136 1291 1174 me.
1310 1119 1481 1187 Quam
1509 1118 1611 1173 hoc
1632 1116 1775 1172 aliud
1799 1116 1888 1185 sit,

303 1213 453 1270 aliud
468 1212 595 1268 illud
613 1208 755 1268 unde
774 1211 960 1267 Petrus
975 1211 1039 1265 ad
1061 1209 1490 1281 praesumendum
1510 1217 1785 1279 permotus
1800 1209 1890 1276 sit,

302 1309 425 1382 quis
445 1322 552 1363 non
580 1306 795 1361 videat?
843 1307 912 1359 At
938 1318 1064 1359 vero
1087 1302 1361 1358 Matthazus
1381 1344 1395 1367 ,
1433 1300 1502 1355 Et
1532 1302 1715 1372 hymno
1737 1300 1890 1364 dicto,

300 1394 507 1466 inquit,
535 1392 759 1448 exierunt
777 1391 830 1444 in
854 1399 1072 1445 montem
1113 1388 1312 1443 Oliveti.
1354 1387 1497 1443 Tunc
1532 1387 1653 1441 dicit
1685 1386 1786 1441 illis
1805 1384 1894 1440 Je-

299 1503 391 1543 sus
406 1502 425 1540 :
458 1485 644 1540 Omnes
665 1500 751 1539 vos
769 1482 1068 1537 scandalum
1088 1481 1350 1553 patiemini
1366 1481 1419 1533 in
1436 1497 1514 1534 me
1528 1480 1583 1533 in
1608 1479 1706 1534 ista
1729 1487 1889 1532 nocte.

303 1579 567 1651 Scriptum
594 1585 664 1631 est
692 1575 825 1631 enim
846 1616 861 1644 ,
892 1573 1185 1629 Percutiam
1211 1581 1460 1644 pastorem
1484 1613 1498 1639 ,
1530 1582 1577 1626 et
1605 1572 1895 1642 dispergen-

303 1681 392 1727 tur
431 1685 544 1726 oves
580 1668 765 1741 gregis.
810 1666 1089 1737 Postquam
1114 1674 1284 1719 autent
1306 1678 1624 1719 resurrexero
1645 1704 1659 1729 ,
1704 1677 1896 1732 prlece-

303 1764 430 1818 dam
467 1777 552 1816 vos
580 1760 634 1815 in
663 1758 946 1814 Galilwam.
1000 1756 1092 1813 Sic
1138 1770 1356 1827 prorsus
1383 1764 1437 1811 et
1467 1754 1697 1810 Marcus.
1759 1751 1897 1821 Quid

304 1852 505 1909 habent
530 1851 693 1908 etiam
721 1848 837 1905 haec
858 1848 1022 1904 verba
1051 1847 1135 1903 vel
1184 1846 1466 1902 sententiae
1511 1844 1685 1901 simile
1714 1843 1820 1899 illis
1852 1845 1894 1911 ³,

309 1947 398 2007 vel
417 1944 610 2021 quibus
636 1940 930 1999 secundum
957 1939 1237 2006 Joannem,
1267 1937 1350 1994 vel
1377 1937 1567 2009 quibus
1607 1934 1897 1991 secundum

304 2040 508 2098 Lucam
530 2080 543 2105 ,
576 2037 767 2094 Petrus
789 2031 974 2091 retulit
1002 2029 1473 2101 praesumptionem
1492 2026 1684 2110 suam?
1718 2026 1785 2081 Et
1813 2025 1900 2081 hic

307 2149 438 2205 ergo
462 2135 535 2189 ita
569 2131 849 2202 sequitur:
874 2123 1205 2199 Respondeas
1233 2130 1402 2177 autem
1433 2121 1648 2186 Petrus,
1688 2119 1760 2173 ait
1782 2116 1899 2173 illi:

311 2226 431 2282 Etsi
459 2240 628 2280 omnes
655 2220 986 2279 scandalisati
1032 2216 1224 2289 fuerint
1272 2215 1325 2267 in
1381 2222 1456 2279 te,
1510 2228 1601 2284 ego
1642 2227 1901 2282 nunquam

307 2314 713 2373 scandalizabor.
760 2314 843 2367 Ait
872 2312 949 2367 illi
974 2310 1165 2367 Iesus:
1200 2306 1359 2359 Amen
1398 2303 1509 2358 dico
1554 2303 1662 2369 tibi,
1690 2304 1809 2373 quia
1848 2303 1903 2357 in

310 2411 409 2465 hac
442 2417 585 2463 nocte
619 2416 885 2476 antequam
932 2404 1098 2476 gallus
1130 2407 1319 2463 cantet,
1356 2406 1430 2452 ter
1450 2412 1527 2450 me
1565 2395 1788 2467 negabis.
1816 2395 1903 2449 Ait

309 2500 386 2556 illi
409 2499 592 2555 Petrus
627 2514 645 2554 :
684 2496 903 2552 Etiamsi
937 2492 1213 2568 oportuerit
1245 2506 1322 2544 me
1355 2490 1483 2552 mori
1504 2498 1665 2543 tecum
1685 2528 1701 2556 ,
1724 2503 1825 2542 non
1855 2496 1903 2540 te

310 2592 524 2664 negabo.
562 2589 812 2647 Similiter
840 2599 886 2643 et
908 2604 1079 2643 omnes
1102 2582 1338 2654 discipuli
1359 2580 1613 2634 dixerunt.

387 2683 440 2737 7.
472 2684 595 2738 Haec
622 2695 760 2752 pene
790 2680 920 2749 ipsis
944 2678 1120 2734 verbis
1150 2677 1313 2731 etiam
1348 2672 1556 2727 Marcus
1575 2684 1904 2727 commemo-

314 2783 425 2841 rat,
447 2773 547 2828 nisi
568 2772 709 2843 quod
736 2785 843 2825 non
868 2768 1208 2841 generaliter,
1237 2763 1333 2821 sed
1364 2762 1664 2817 distinctius
1682 2802 1698 2829 ,
1722 2776 1904 2831 quem-

315 2866 609 2923 admodum
634 2865 868 2919 futurum
891 2870 1063 2929 esset,
1085 2857 1351 2929 expressit
1370 2856 1570 2910 dictum
1596 2870 1626 2909 a
1656 2855 1901 2920 Domino,

317 2959 480 3014 Amen
510 2959 624 3013 dico
664 2956 787 3022 tibi,
817 2955 937 3025 quia
966 2962 1021 3007 tu
1055 2952 1204 3007 hodie
1222 2952 1276 3005 in
1301 2961 1444 3004 nocte
1469 2948 1585 3015 hac,
1616 2948 1908 3018 priusquam

324 3053 400 3107 bis
419 3052 587 3124 gallus
614 3066 781 3106 vocem
802 3048 1015 3113 dederit,
1047 3055 1121 3099 ter
1141 3061 1218 3100 me
1236 3061 1286 3099 es
1311 3050 1605 3114 negaturus.
1638 3040 1769 3095 Cum
1806 3040 1907 3093 ita-

319 3158 427 3213 que
474 3155 660 3196 omnes
706 3140 885 3195 dicant
937 3135 1248 3206 praedixisse
1294 3132 1580 3188 Dominum
1621 3129 1761 3200 quod
1787 3144 1908 3183 eum

321 3232 515 3288 Petrus
532 3239 676 3287 esset
698 3239 983 3299 negaturus
1006 3235 1291 3297 antequam
1315 3221 1489 3294 gallus
1511 3230 1774 3287 cantaret,
1801 3236 1909 3275 non

327 3333 505 3381 autem
528 3338 718 3379 omnes
746 3323 925 3377 dicant
945 3321 1154 3389 quoties
1181 3318 1355 3389 gallus
1378 3322 1619 3372 cantaret
1644 3355 1660 3379 ,
1706 3314 1911 3368 Marcus

325 3420 431 3476 hoc
457 3419 601 3473 solus
626 3416 859 3471 narravit
884 3412 1210 3482 expressius.
1237 3409 1384 3465 Unde
1411 3406 1681 3463 nonnullis
1708 3406 1914 3461 videtur

327 3525 437 3565 non
468 3520 767 3576 congruere
811 3503 1060 3569 caeteris,
1111 3502 1233 3572 quia
1275 3514 1465 3570 parum
1508 3497 1821 3566 attendunt,
1861 3505 1919 3554 et

330 3600 562 3656 maxime
600 3611 786 3652 eorum
832 3594 1169 3650 obnubilatur
1210 3590 1467 3657 intentio,
1494 3605 1615 3644 cum
1660 3590 1917 3646 adversus

332 3689 680 3760 Evangelium
699 3686 876 3741 animo
893 3685 1185 3740 induuntur
1214 3681 1417 3737 hostili.
1446 3679 1578 3735 Tota
1604 3680 1747 3736 enim
1773 3681 1918 3736 Petri

331 3783 571 3853 negatio,
602 3780 741 3836 trina
768 3777 980 3848 negatio
999 3785 1101 3833 est.
1129 3775 1187 3832 In
1211 3776 1400 3832 eadem
1428 3788 1657 3843 namque
1681 3789 1922 3844 perman-

336 3875 412 3931 sit
458 3872 812 3943 trepidatione
855 3870 1054 3936 animi,
1085 3869 1466 3940 propositoque
1490 3867 1785 3936 mendacii,
1826 3867 1924 3924 do-

336 3980 440 4022 nec
459 3963 760 4020 admonitus
788 3962 915 4032 quid
956 3962 1007 4016 ei
1031 3961 1347 4032 praedictum
1374 3960 1463 4027 sit,
1490 3975 1673 4014 amaro
1712 3960 1839 4015 ﬂetu
1869 3968 1922 4016 et

338 4055 516 4110 cordis
535 4054 720 4109 dolore
744 4060 1042 4108 sanaretur.
1073 4052 1199 4108 llaec
1221 4062 1398 4107 autem
1424 4059 1530 4105 tota
1551 4092 1566 4118 ,
1611 4050 1663 4105 id
1684 4059 1763 4105 est
1785 4051 1922 4105 trina

340 4145 575 4214 negatio,
602 4144 647 4199 si
690 4152 811 4215 post
846 4143 1076 4214 primum
1102 4144 1225 4215 galli
1263 4152 1476 4200 cantum
1508 4143 1798 4212 inciperet,
1828 4142 1925 4199 fal-

342 4253 464 4293 sum
486 4239 684 4296 dixisse
708 4239 1015 4295 viderentur
1041 4248 1148 4295 tres
1171 4256 1185 4292 :
1213 4253 1439 4309 quorum
1477 4238 1752 4292 Matthaeus
1770 4235 1921 4304 dixit,

346 4329 507 4384 Amen
561 4332 672 4385 dico
700 4331 821 4396 tibi,
864 4331 983 4401 quia
1007 4330 1063 4385 in
1106 4331 1200 4385 hac
1242 4341 1420 4399 nocte,
1469 4341 1733 4401 antequam
1760 4329 1926 4399 gallus

348 4429 528 4485 cantet,
554 4431 625 4475 ter
647 4438 725 4474 me
752 4420 994 4491 negabis;
1015 4421 1186 4477 Lucas
1206 4431 1406 4487 autem,
1434 4419 1562 4475 Dico
1592 4421 1676 4473 tibi
1698 4462 1712 4485 ,
1739 4418 1888 4471 Petre
1907 4458 1921 4484 ,

348 4526 453 4563 non
485 4511 702 4564 cantabit
731 4512 879 4564 hodie
908 4511 1098 4582 gallus,
1123 4513 1280 4567 donec
1313 4520 1388 4567 ter
1413 4511 1624 4581 abnegcs
1649 4525 1792 4563 nosse
1815 4524 1927 4570 me;

348 4597 584 4655 Joannes
620 4608 831 4667 autem,
862 4600 1021 4656 Amen
1043 4643 1058 4667 ,
1113 4619 1259 4656 amen
1287 4602 1398 4655 dico
1424 4602 1510 4655 tibi
1530 4642 1545 4666 ,
1571 4617 1672 4653 non
1712 4598 1931 4651 cantabit

349 4690 518 4761 gallus
542 4733 556 4758 ,
607 4692 764 4747 donec
795 4701 870 4747 ter
908 4710 987 4746 me
1025 4709 1190 4763 neges.
1225 4693 1463 4747 Diversis
1494 4694 1633 4746 enim
1662 4688 1839 4743 verbis
1877 4696 1932 4743 et

351 4782 636 4837 verborum
683 4782 869 4836 ordine
904 4782 1147 4838 eamdem
1175 4782 1573 4852 explicaverunt
1613 4781 1929 4836 sententiam

352 4868 555 4924 dixisse
596 4869 877 4924 Dominum
904 4911 919 4936 ,
951 4869 1091 4939 quod
1141 4879 1424 4940 antequam
1465 4871 1633 4940 gallus
1658 4877 1928 4934 cantaret,

354 4969 440 5014 ter
465 4974 588 5015 eum
614 4959 803 5015 Petrus
833 4970 976 5015 esset
1004 4969 1309 5030 negaturus.
1340 4960 1543 5015 Rursus
1569 4959 1614 5014 si
1643 4968 1804 5013 totam
1835 4959 1933 5013 tri-

357 5066 482 5105 nam
504 5049 839 5121 negationem
864 5050 1322 5120 ante'peregisset,
1345 5066 1501 5122 quam
1521 5060 1737 5106 cantare
1764 5050 1936 5121 gallus

360 5140 646 5212 inciperet,
695 5141 968 5212 superﬂuo
998 5142 1194 5197 dixisse
1220 5142 1428 5197 Marcus
1452 5141 1937 5212 deprehenderetur

359 5251 429 5292 ex
465 5249 688 5304 persona
738 5234 980 5300 Domini,
1012 5234 1172 5287 Amen
1206 5233 1318 5288 dico
1344 5233 1467 5300 tibi,
1493 5234 1613 5304 quia
1637 5242 1691 5286 tu
1716 5232 1863 5287 hodie
1884 5233 1937 5287 in

361 5334 504 5379 nocte
532 5326 624 5378 hac
647 5366 662 5391 ,
690 5324 980 5393 priusquam
1004 5324 1171 5394 gallus
1197 5325 1269 5379 bis
1289 5340 1457 5378 vocem
1481 5324 1713 5391 dederit,
1764 5333 1837 5378 ter
1862 5339 1942 5378 me

278 5408 287 5411 Ἴ
361 5424 633 5487 negaturus
674 5430 744 5469 es.
791 5414 927 5481 Quid
951 5416 1092 5471 enim
1121 5415 1379 5471 attinebat
1404 5416 1618 5482 dicere,
1648 5415 1941 5487 priusquam

364 5508 438 5562 bis
460 5548 474 5572 ,
505 5507 716 5577 quando
737 5548 751 5571 ,
799 5507 846 5561 si
879 5516 1001 5561 ante
1048 5508 1275 5576 primum
1296 5496 1429 5578 galli
1474 5518 1686 5562 cantum
1718 5515 1825 5561 tota
1856 5504 1947 5561 illa

366 5600 501 5653 trina
526 5598 735 5667 negatio
768 5597 1127 5668 compleretur
1145 5638 1161 5664 ,
1196 5599 1353 5653 simul
1385 5607 1438 5653 et
1461 5607 1583 5653 ante
1608 5598 1899 5653 secundum
1924 5638 1940 5664 ,

366 5700 420 5745 et
448 5698 567 5743 ante
599 5688 808 5743 tertium
831 5729 844 5753 ,
873 5695 929 5743 et
952 5697 1074 5743 ante
1100 5703 1287 5743 omnes
1312 5689 1434 5757 galli
1478 5696 1663 5742 cantus
1708 5685 1946 5755 ejusdem

430 5862 444 5890 ι
472 5860 542 5908 sic
566 5857 830 5924 legendum
859 5871 970 5908 cum
993 5865 1095 5908 Mss.
1133 5865 1186 5907 et
1209 5858 1434 5924 editione
1453 5858 1825 5924 uatisponensi;
1848 5868 1950 5924 non

367 5896 542 5990 mea
553 5896 970 5990 summa
982 5896 1114 5981 ὦτί,
1135 5896 1951 5983 ῖιῑιίνιῖίῑξί·ῑιίά;ι“υηῖενι;ξῖδα·ῖεῑ

368 5980 641 6034 sementium
657 5978 876 6030 similem.

648 6068 875 6143 Sutor.
918 6068 1193 6133 Aucnsr.
1238 6069 1347 6133 Ill.

363 6122 425 6161 μλῖῖ

1641 542 1843 602 LIBER
1878 540 2197 601 TERTIUS.

3431 546 3574 608 “62

1992 656 2165 713 noctis
2187 656 2450 727 completa
2478 656 2825 727 inveniretur,
2856 673 2973 731 quae
2986 667 3111 717 ante
3132 661 3304 732 ipsum
3333 662 3566 732 primum

1993 749 2254 819 completa
2275 751 2623 822 probaretur?
2648 751 2755 807 Sed
2770 753 2892 822 quia
2911 761 3033 810 ante
3046 754 3274 824 primum
3293 755 3418 826 galli
3439 771 3571 811 can-

1994 849 2105 895 tum
2133 850 2305 911 empta
2330 851 2411 897 est
2440 842 2525 897 illa
2552 843 2682 898 trina
2708 845 2936 914 negatio,
2965 844 3303 901 attenderunt
3327 846 3402 901 illi
3434 856 3568 916 tres,

1996 947 2102 988 non
2151 931 2362 1003 quando
2412 948 2530 988 eam
2591 935 2948 1003 completurus
3003 945 3146 992 esset
3191 937 3415 1007 Petrus,
3476 939 3572 994 sed

1997 1032 2192 1092 quanta
2216 1024 2231 1054 ι
2260 1022 2434 1078 futura
2449 1032 2612 1091 esset,
2639 1033 2693 1080 et
2717 1025 2929 1095 quando
2948 1037 3218 1097 emptura;
3248 1027 3300 1082 id
3322 1037 3419 1095 est,
3451 1032 3573 1100 quia

1998 1114 2158 1183 trina,
2188 1122 2240 1169 et
2258 1113 2382 1184 quia
2409 1124 2532 1171 ante
2550 1115 2675 1185 galli
2701 1126 2915 1171 cantum
2944 1134 2957 1170 :
2984 1132 3287 1187 quanquam
3312 1119 3365 1173 in
3392 1120 3571 1175 animo

1999 1206 2147 1276 ejus,
2178 1214 2232 1262 et
2256 1214 2380 1262 ante
2405 1207 2635 1279 primum
2673 1208 2795 1278 galli
2825 1216 3036 1264 cantum
3069 1217 3175 1263 tota
3204 1213 3370 1280 possit
3417 1211 3574 1267 intel-

1999 1297 2109 1367 ligi.
2151 1297 2401 1366 Quamvis
2423 1298 2565 1353 enim
2595 1299 2771 1353 verbis
2795 1300 3036 1369 negantis
3062 1309 3185 1356 ante
3209 1302 3435 1372 primum
3462 1318 3574 1359 cm-

2001 1398 2089 1459 pta
2112 1428 2127 1455 ,
2174 1398 2297 1445 ante
2324 1388 2618 1445 secundum
2662 1398 2835 1444 autem
2864 1391 2986 1460 galli
3021 1401 3232 1447 cantum
3266 1405 3476 1463 peracta
3501 1395 3580 1450 sit

2004 1489 2110 1536 tota
2153 1481 2241 1536 illa
2271 1481 2409 1537 trina
2446 1481 2691 1553 negatio;
2720 1492 2895 1538 tamen
2923 1484 3204 1542 atl'ectione
3232 1487 3393 1543 animi
3424 1497 3478 1544 et
3508 1491 3578 1544 ti-

2000 1588 2150 1630 more
2188 1573 2331 1630 Petri
2356 1584 2479 1631 ante
2500 1575 2727 1647 primum
2758 1584 2867 1631 tota
2896 1587 3149 1648 concepta
3175 1587 3257 1634 est
3276 1580 3319 1633 ³.
3364 1579 3473 1636 Nec
3502 1580 3584 1635 in-

2002 1674 2171 1723 terest
2194 1668 2405 1737 quantis
2451 1683 2719 1724 morarum
2760 1668 3049 1725 intervallis
3079 1671 3214 1726 trina
3246 1686 3376 1728 voce
3407 1688 3583 1728 enun-

2006 1758 2130 1813 tiata
2153 1759 2242 1827 sit,
2261 1774 2381 1817 cum
2402 1775 2495 1817 cor
2512 1759 2628 1831 ejus
2652 1762 2810 1816 etiam
2835 1746 2961 1818 ante
2975 1754 3205 1831 primum
3220 1764 3345 1834 galli
3365 1773 3580 1821 cantum

2004 1858 2112 1906 tota
2140 1852 2469 1921 possederit,
2498 1861 2602 1909 tam
2644 1869 2833 1925 magna
2875 1855 3080 1911 scilicet
3122 1854 3584 1913 formidineimbi-

2002 1943 2145 2009 bita,
2178 1954 2237 2000 ut
2284 1954 2464 2017 posset
2504 1946 2823 2014 Dominum,
2872 1964 2979 2003 non
3028 1951 3198 2005 solum
3243 1951 3447 2017 semel,
3491 1950 3587 2006 sed

2005 2038 2196 2093 iterum
2226 2047 2279 2093 et
2322 2040 2479 2094 tertio
2508 2039 2861 2110 interrogatus
2886 2056 3083 2111 negare
3103 2083 3117 2109 ,
3161 2052 3216 2096 ut
3249 2042 3446 2098 rectius
3471 2042 3590 2096 dili-

2004 2129 2319 2200 gentiusque
2356 2130 2752 2185 attendentibus
2777 2130 2819 2198 ³,
2850 2131 3117 2201 quomodo
3152 2134 3262 2201 jam
3295 2134 3589 2189 moechatus

2006 2231 2089 2277 est
2115 2221 2391 2276 mulierem
2420 2222 2471 2276 in
2502 2222 2793 2277 corde’sno
2821 2222 2911 2293 qui
2940 2237 3057 2277 eam
3084 2222 3275 2279 viderit
3302 2225 3368 2279 ad
3389 2240 3588 2280 concu-

2005 2312 2317 2383 piscendum
2350 2311 2369 2383 (
2392 2310 2580 2367 Matth.
2612 2328 2665 2382 v,
2690 2312 2807 2384 28);
2838 2312 2916 2368 sic
2942 2313 3132 2368 Petrus
3156 2314 3593 2386 quandocumque

2006 2404 2183 2460 verbis
2208 2404 2391 2459 ederet
2412 2404 2676 2471 timorem,
2704 2418 2863 2474 quem
2897 2412 3001 2457 tam
3026 2403 3393 2459 vehementem
3417 2406 3595 2460 animo

2009 2503 2362 2563 conceperat,
2392 2504 2450 2549 ut
2494 2495 2785 2564 perdurare
2836 2507 3015 2563 posset
3063 2508 3228 2564 usque
3271 2494 3336 2549 ad
3384 2495 3593 2550 tertiam

2009 2586 2218 2643 Domini
2247 2586 2604 2657 negationem,
2634 2594 2741 2640 tota
2766 2585 2904 2640 trina
2933 2585 3144 2655 negatio
3168 2586 3217 2640 ei
3245 2586 3467 2654 tempori
3494 2586 3592 2642 de-

2009 2677 2240 2748 putanda
2268 2686 2379 2743 est,
2412 2676 2625 2747 quando
2648 2690 2773 2732 eum
2817 2674 2969 2730 trina:
3015 2674 3280 2745 negationi
3328 2675 3597 2731 sufﬁciens

2011 2772 2172 2824 timor
2207 2769 2400 2824 invasit
2423 2786 2435 2822 :
2463 2783 2529 2824 ex
2558 2783 2662 2839 quo
2684 2768 2845 2822 etiam
2865 2768 2910 2822 si
2932 2775 3053 2836 post
3074 2766 3301 2837 primum
3322 2768 3445 2838 galli
3472 2782 3600 2839 can-

2013 2869 2124 2915 tum
2174 2860 2501 2929 inciperent,
2548 2860 2758 2929 pulsato
2806 2858 3312 2928 interrogationibus
3342 2869 3595 2929 pectore,

2012 2952 2172 3007 verba
2201 2951 2286 3005 illa
2318 2950 2616 3021 negationis
2640 2964 2941 3020 erumpere,
2970 2966 3070 3005 nec
3094 2950 3172 3007 sic
3191 2950 3422 3006 absurde
3441 2959 3601 3021 atque

2013 3040 2342 3097 mendaciter
2366 3049 2489 3095 ante
2512 3039 2638 3109 galli
2684 3048 2895 3094 cantum
2924 3047 3006 3096 ter
3043 3056 3269 3111 negasse
3297 3041 3561 3096 diceretur
3580 3082 3595 3107 ,

2016 3134 2227 3204 quando
2274 3142 2398 3188 ante
2450 3131 2575 3203 galli
2621 3141 2835 3187 cantum
2887 3141 3063 3187 tantus
3112 3134 3270 3188 timor
3314 3134 3598 3189 obsederat

2016 3234 2280 3292 mentem,
2310 3225 2401 3295 qui
2429 3240 2552 3279 eum
2572 3223 2596 3255 ‘
2627 3231 2806 3295 posset
2847 3239 3016 3294 usque
3045 3224 3112 3279 ad
3138 3216 3351 3280 tertiam
3369 3225 3603 3295 negatio-

2017 3333 2140 3373 nem
2162 3317 2472 3387 perducere.
2494 3317 2659 3373 Multo
2679 3317 2857 3372 minus
2873 3316 3030 3387 igitur
3054 3332 3266 3372 movere
3281 3318 3459 3385 debet,
3479 3319 3605 3389 quia

2020 3411 2159 3465 trina
2185 3409 2395 3479 negatio
2436 3409 2595 3464 etiam
2636 3409 2789 3464 trinis
2815 3409 3057 3479 negantis
3093 3410 3307 3465 vocibus
3332 3418 3455 3465 ante
3479 3411 3603 3481 galli

2019 3510 2232 3557 cantum
2280 3510 2454 3572 empta
2479 3542 2494 3566 ,
2520 3502 2622 3556 etsi
2664 3516 2769 3557 non
2812 3510 2936 3557 ante
2964 3503 3193 3572 primum
3236 3502 3359 3573 galli
3385 3510 3601 3558 cantum

2021 3603 2230 3664 peracta
2263 3601 2362 3647 est.
2394 3593 2666 3662 Tanquam
2691 3594 2737 3649 si
2767 3593 2922 3648 alicui
2952 3592 3251 3660 diceretur,
3279 3584 3388 3649 Hae
3410 3604 3567 3651 nocte
3585 3636 3604 3664 ,

2022 3696 2307 3757 antequam
2333 3686 2501 3757 gallus
2527 3692 2733 3751 cantet,
2760 3685 2827 3741 ad
2853 3701 2939 3741 me
2964 3687 3165 3741 scribes
3190 3687 3468 3757 epistolam
3488 3728 3503 3755 ,
3551 3687 3606 3741 in

2023 3791 2125 3847 qua
2170 3776 2301 3830 mihi
2327 3784 2407 3831 ter
2432 3775 2816 3832 conviciaberis
2853 3792 2866 3829 :
2898 3792 3004 3830 non
3034 3776 3213 3846 utique
3252 3776 3296 3830 si
3326 3790 3443 3830 eam
3484 3784 3610 3831 ante

2024 3882 2235 3923 omnem
2265 3866 2388 3937 galli
2412 3875 2625 3922 cantum
2670 3866 2908 3922 scribere
2935 3867 3220 3936 inciperet,
3269 3875 3322 3921 et
3348 3875 3468 3936 post
3495 3867 3605 3936 pri-

2025 3976 2171 4016 mum
2201 3962 2321 4031 galli
2348 3971 2560 4016 cantum
2588 3962 2789 4027 ﬁniret,
2822 3960 2942 4015 ideo
2968 3959 3253 4015 dicendum
3279 3968 3396 4015 erat
3420 3959 3607 4014 falsum

2028 4052 2190 4109 fuisse
2232 4053 2559 4122 praedictum.
2613 4052 2818 4107 Marcus
2864 4068 2992 4122 ergo
3020 4052 3089 4106 de
3130 4052 3365 4121 ipsarum
3416 4066 3605 4105 vocum

2026 4147 2315 4204 intervallis
2361 4146 2571 4216 planius
2606 4146 2843 4201 elocutus
2868 4153 2985 4211 est,
3017 4145 3107 4215 qui
3135 4144 3266 4199 dixit
3291 4160 3355 4198 ex
3382 4158 3607 4213 persona

2028 4237 2241 4294 Domini
2263 4280 2277 4305 ,
2302 4236 2608 4306 Priusquam
2630 4237 2704 4292 bis
2724 4237 2892 4307 gallus
2912 4253 3079 4291 vocem
3113 4236 3306 4289 dederit
3328 4276 3344 4301 ,
3372 4245 3445 4288 ter
3463 4251 3541 4289 me
3560 4251 3611 4289 es

2028 4340 2318 4402 negaturus.
2368 4330 2442 4384 Ita
2468 4338 2673 4401 gestum
2704 4343 2822 4383 esse
2864 4328 3172 4397 apparebit,
3205 4342 3324 4381 cum
3354 4326 3421 4381 ad
3463 4341 3614 4381 eum-

2031 4419 2153 4477 dem
2203 4421 2378 4475 locum
2443 4418 2764 4473 narrationis
2813 4418 3146 4487 evangelicae.
3172 4417 3506 4482 venerimus,
3557 4424 3615 4472 ut

2032 4512 2191 4565 etiam
2220 4508 2326 4562 illic
2355 4508 2664 4563 ostendatur
2694 4506 3060 4575 Evangelistas
3092 4506 3192 4561 sibi
3226 4521 3539 4577 congruere.

2103 4600 2155 4653 8.
2180 4598 2234 4654 Si
2251 4607 2427 4652 autem
2449 4604 2759 4667 quaeruntur
2783 4596 2897 4665 ipsa
2913 4596 3130 4652 omnino
3151 4596 3309 4652 verba
3321 4613 3437 4669 qua:
3457 4598 3616 4657 Petro

2035 4691 2289 4745 Dominus
2327 4689 2549 4755 dixerit;
2584 4704 2754 4758 neque
2781 4687 3008 4747 inveniri
3042 4697 3292 4758 possunt,
3323 4696 3378 4743 et
3422 4703 3616 4757 super-

2036 4780 2143 4835 ﬂuo
2173 4788 2509 4849 qumruntur;
2541 4794 2662 4835 cum
2702 4780 2963 4835 sententia
3009 4779 3153 4849 ejus,
3193 4788 3412 4849 propter
3454 4793 3613 4849 quam

2036 4872 2459 4945 cognoscendam
2502 4872 2660 4926 verba
2689 4871 3059 4942 proferuntur,
3098 4873 3256 4927 etiam
3299 4873 3351 4926 in
3392 4870 3615 4926 diversis

2038 4964 2494 5034 Evangelistarum
2538 4962 2716 5019 verbis
2761 4962 2927 5033 possit
2970 4977 3088 5018 esse
3146 4962 3439 5016 notissima.
3490 4961 3619 5017 Sive

2039 5070 2166 5126 ergo
2193 5053 2417 5109 diversis
2459 5067 2768 5110 sermonum
2796 5051 3005 5107 Domini
3032 5052 3161 5107 locis
3193 5059 3492 5106 commotus
3519 5050 3622 5106 Pe-

2044 5158 2155 5204 trus
2170 5148 2473 5218 singillatim
2497 5154 2579 5202 ter
2594 5146 2944 5201 enuntiaverit
2958 5144 3422 5214 prmsumptionem
3438 5158 3610 5211 suam,

2043 5249 2097 5296 et
2126 5250 2204 5295 ter
2232 5239 2282 5296 ei
2311 5239 2561 5293 Dominus
2590 5252 2740 5292 suam
2763 5236 3095 5306 negationem
3120 5233 3455 5305 praedixerit,
3484 5233 3623 5290 sicut

2046 5332 2367 5404 probabilius
2409 5330 2718 5399 indagatur;
2766 5329 2878 5383 sive
2920 5326 3097 5397 aliquo
3140 5326 3387 5381 narrandi
3432 5325 3620 5381 ordine

2046 5425 2251 5496 possint
2274 5424 2510 5480 omnium
2540 5419 2995 5491 Evangelistarum
3018 5419 3549 5474 commernoratioues
3570 5419 3622 5473 in

2048 5533 2211 5572 unum
2252 5516 2448 5587 redigi,
2477 5515 2669 5586 quibus
2708 5513 3101 5568 demonstretur
3133 5512 3299 5567 semel
3339 5512 3621 5565 Dominum

2050 5608 2361 5681 praedixisse
2407 5607 2564 5662 Petro
2605 5602 2947 5678 prmsumenti
2990 5603 3131 5674 quod
3173 5619 3293 5659 eum
3338 5612 3627 5671 negaturus

2116 5803 2134 5835 ¹
2161 5809 2291 5862 Lov.,
2307 5800 2515 5865 quando.
2541 5800 2630 5850 Sed
2646 5797 2822 5849 melius
2838 5797 2952 5847 editi
2978 5794 3120 5865 aliiget
3144 5798 3473 5865 Mss.,quanta.

2117 5866 2137 5896 ²
2162 5870 2228 5912 tta
2253 5862 2355 5911 Mss.
2384 5869 2435 5911 et
2459 5868 2554 5910 Rat.
2583 5870 2636 5911 Αι
2659 5868 2731 5909 Er.
2760 5869 2810 5909 et
2833 5867 2961 5917 Lov.,
2986 5862 3141 5918 coepta
3172 5863 3257 5905 est.

2118 5928 2141 5959 ³
2164 5933 2213 5974 tn
2235 5938 2327 5974 sex
2361 5933 2464 5973 MSS.
2491 5923 2699 5972 additum
2726 5924 2802 5970 hic
2826 5931 2917 5981 est,
2944 5920 3145 5970 videtur.

2121 5988 2143 6019 ‘
2166 5994 2219 6039 tu
2399 5998 2547 6049 prope
2580 5986 2799 6037 omnibus
2836 5991 2887 6031 et
2926 5990 3043 6040 nat.,
3078 5993 3201 6030 eam.

2819 6066 3301 6153 (Tre-ntc—sept.
