4082 6462
903 394 968 415 ια’,

1669 437 1876 500 LIBER
1916 437 2221 502 TERTIUS.

3474 461 3614 520 “66

343 558 699 630 propinquant
743 558 909 625 hora;
953 565 1008 615 et
1049 557 1170 614 idco
1212 553 1389 624 dicat,
1434 553 1674 628 Surgite,
1720 555 1934 611 eamus?
2033 555 2135 622 vis,
2171 555 2340 611 omnia
2378 559 2519 616 enim
2565 560 2656 617 tibi
2691 561 2945 633 possibilia
2989 576 3141 634 sunt,
3174 573 3391 643 transfer
3442 591 3474 628 a
3529 595 3608 634 me

342 649 458 720 Qua
483 651 627 706 velut
650 650 997 724 repugnantia
1025 649 1276 706 commoti
1303 648 1392 721 qui
1421 649 1636 720 legunt,
1667 656 1930 704 conantur

343 749 416 797 ita
443 743 787 813 pronuntiare
814 742 956 814 quod
981 741 1179 798 dictum
1205 748 1289 797 est
1308 783 1332 812 ,,
1356 739 1582 793 Dormite
1601 739 1714 810 jam
1732 781 1745 805 ,
1774 749 1821 793 et
1850 755 1928 794 re-

343 837 600 908 quiescite,
636 847 884 908 tanquam
905 836 971 892 ab
995 834 1370 907 exprobrante,
1395 850 1498 888 non
1529 848 1557 886 a
1588 832 1928 904 permittente

340 931 409 985 sit
435 931 656 986 dictum.
694 929 846 997 Quod
877 939 1021 986 recte
1047 930 1235 993 fieret,
1269 929 1312 982 si
1339 937 1481 984 esset
1507 941 1764 980 necesse:
1805 941 1925 980 cum

338 1039 469 1080 vero
486 1023 692 1079 Marcus
715 1025 785 1078 ita
803 1024 904 1079 hoc
923 1020 1439 1087 commemoraverit,
1466 1029 1520 1074 ut
1539 1035 1659 1074 cum
1681 1018 1921 1085 dixisset,

341 1113 569 1171 Dormite
601 1115 748 1186 jam,
788 1125 834 1170 et
861 1114 1176 1186 requiescite,
1227 1113 1571 1183 adjungerct,
1611 1111 1828 1182 stt/ﬁcit;
1872 1120 1925 1164 et

339 1211 535 1267 deinde
566 1211 822 1278 inferret,
861 1209 1004 1265 Venit
1024 1211 1199 1276 liora;
1226 1226 1339 1264 ecce
1372 1208 1596 1263 tradetur
1617 1207 1785 1262 Filius
1829 1209 1923 1262 ho-

343 1305 532 1359 minis:
565 1303 742 1372 utique
782 1302 1092 1372 intelligitur
1118 1310 1238 1372 post
1271 1301 1396 1356 illud
1423 1299 1563 1372 quod
1603 1301 1680 1355 eis
1726 1299 1928 1356 dictum

341 1405 426 1453 est
449 1438 466 1464 ,
494 1395 726 1451 Dormite
754 1397 907 1468 jam,
963 1405 1010 1450 et
1051 1396 1366 1466 requiescite,
1401 1395 1612 1450 siluisse
1640 1394 1922 1450 Dominum

337 1487 703 1560 aliquantum,
734 1497 789 1542 ut
831 1487 931 1542 hoc
967 1488 1118 1543 fieret
1145 1487 1286 1557 quod
1327 1487 1677 1557 permiserat;
1718 1496 1771 1542 et
1800 1496 1924 1542 tunc

339 1579 614 1644 intulisse,
661 1595 774 1634 ecce
816 1579 1238 1650 appmpinquavit
1288 1578 1437 1634 hora.
1485 1575 1609 1632 Ideo
1665 1586 1785 1649 post
1834 1578 1921 1631 illa

333 1671 498 1728 verba
539 1670 832 1727 secundum
876 1670 1112 1725 Marcum
1153 1669 1385 1742 positum
1441 1679 1558 1735 est,
1612 1669 1818 1740 sufﬁcit,
1869 1667 1921 1722 id

335 1771 454 1829 est,
487 1762 632 1833 quod
661 1761 996 1834 requievistis
1020 1763 1130 1833 jam
1166 1760 1378 1816 sufficit.
1406 1761 1510 1818 Sed
1540 1762 1660 1832 quia
1681 1776 1918 1816 comme-

332 1865 540 1912 morata
567 1871 674 1911 non
699 1865 780 1914 est
807 1856 920 1929 ipsa
951 1857 1283 1926 interpositio
1309 1856 1505 1912 silentii
1537 1855 1773 1920 Domini,
1799 1870 1922 1924 pro-

332 1957 513 2020 pterea
550 1958 783 2006 coarctat
831 1950 1190 2017 intellectum,
1240 1958 1299 2005 ut
1338 1947 1394 2005 in
1437 1949 1540 2004 illis
1584 1948 1760 2005 verbis
1815 1946 1916 2000 alia

334 2043 698 2117 pronuntiatio
723 2042 1044 2113 requiratur.

406 2134 494 2188 12.
521 2135 690 2192 Lucas
709 2143 886 2188 autem
910 2132 1248 2203 praetermisit
1266 2131 1472 2202 quoties
1491 2130 1721 2187 oraverit
1750 2148 1761 2184 :
1786 2127 1920 2184 dixit

329 2243 463 2286 sane
497 2229 638 2301 quod
666 2230 754 2284 isti
785 2237 1096 2295 tacuerunt,
1127 2236 1181 2283 et
1209 2235 1450 2283 orantem
1479 2226 1545 2280 ab
1568 2225 1757 2295 angelo
1786 2239 1915 2279 con-

329 2320 606 2386 fortatum,
639 2328 694 2376 et
723 2319 976 2388 prolixius
1004 2317 1208 2375 orantis
1236 2316 1485 2375 sudorem
1509 2313 1672 2370 fuisse
1701 2314 1916 2384 sangui-

330 2426 512 2478 neum,
562 2420 616 2465 et
651 2417 827 2480 guttas
876 2409 1228 2464 decurrentes
1267 2409 1320 2463 in
1365 2416 1581 2462 terram.
1608 2405 1742 2460 Cum
1789 2419 1918 2476 ergo

330 2501 476 2567 dicit,
502 2500 570 2556 Et
591 2517 706 2555 cum
727 2501 1022 2556 surrexisset
1058 2499 1119 2552 ab
1160 2499 1417 2565 oratione,
1445 2506 1490 2551 et
1518 2496 1730 2551 venisset
1758 2496 1824 2549 ad
1846 2497 1918 2550 di-

329 2593 554 2660 scipulus
573 2608 711 2660 suos,
742 2606 850 2649 non
879 2593 1144 2662 expressit
1168 2600 1328 2662 quota
1354 2592 1625 2645 oratione:
1648 2587 1813 2642 nihilo
1839 2596 1922 2644 ta-

327 2695 454 2741 men
481 2685 584 2740 illis
611 2685 819 2741 duobus
842 2693 1118 2754 repugnat.
1152 2683 1387 2739 Joannes
1410 2697 1545 2738 vero
1571 2691 1914 2753 posteaquam

329 2779 386 2834 in
418 2779 629 2834 hortum
668 2779 963 2849 ingressum
1005 2778 1132 2832 dicit
1169 2793 1300 2832 eum
1330 2776 1608 2846 discipulis
1646 2775 1778 2840 suis,
1808 2788 1916 2830 non

327 2879 712 2927 commemorat
758 2869 886 2940 quid
930 2869 1040 2924 iilic
1080 2868 1284 2938 egerit,
1327 2866 1500 2922 donec
1541 2866 1656 2936 ejus
1694 2865 1918 2921 traditor

326 2977 462 3022 cum.
476 2961 676 3020 Judaeis
699 2961 770 3017 ad
787 2976 909 3018 eum
938 2958 1505 3031 comprehendendum
1533 2958 1759 3013 veniret.

399 3059 490 3114 15.
528 3057 662 3113 Tres
700 3056 857 3126 igitur
882 3054 968 3114 isti
1002 3053 1248 3112 eamdem
1287 3068 1400 3109 rem
1431 3051 1503 3108 ita
1531 3059 1916 3118 narraverunt,

327 3147 474 3210 sicut
492 3149 654 3206 etiam
680 3163 814 3206 unus
837 3147 998 3200 homo
1023 3155 1100 3200 ter
1132 3153 1315 3216 posset
1344 3146 1358 3174 ¹
1383 3159 1506 3200 cum
1526 3143 1796 3213 aliquanta
1820 3156 1916 3195 va-

326 3239 516 3300 rietate
537 3281 559 3308 ,
586 3239 733 3296 nulla
761 3249 944 3294 tamen.
965 3237 1305 3294 adversitate.
1341 3236 1512 3292 Lucas
1542 3235 1715 3300 enim,
1745 3249 1914 3306 quan-

327 3339 441 3388 tum
465 3331 633 3386 abeis
663 3345 996 3401 progressus,
1019 3329 1078 3385 id
1102 3339 1184 3388 est
1212 3328 1429 3384 avulsus
1448 3327 1609 3386 fuerit
1636 3337 1695 3382 ut
1713 3335 1916 3395 oraret,

327 3423 664 3484 manifestius
679 3424 910 3495 aperuit,
929 3424 1134 3489 dicens,
1155 3433 1399 3492 animum:
1414 3423 1584 3493 jactus
1610 3430 1681 3476 est
1709 3422 1916 3493 lapidis.

329 3517 500 3578 Porro
524 3527 702 3574 autem
726 3517 940 3572 Marcus
959 3517 1134 3587 primo
1165 3532 1236 3574 ex
1266 3515 1446 3570 verbis
1474 3515 1588 3574 suis
1617 3515 1756 3570 idem
1791 3530 1917 3570 nar-

329 3610 476 3670 ravit.
493 3623 708 3679 rogasse
733 3608 1018 3664 Dominum
1037 3648 1053 3673 ,
1080 3617 1138 3662 ut
1159 3609 1204 3664 si
1229 3607 1340 3677 ﬁeri
1367 3615 1534 3678 posset
1549 3647 1566 3674 ,
1595 3607 1829 3661 transiret
1855 3605 1917 3660 ab

327 3718 391 3757 oo
413 3701 506 3758 illa
522 3702 668 3765 liora,
691 3700 746 3755 id
764 3711 844 3755 est
863 3700 1146 3770 passionis,
1169 3716 1326 3770 quam
1355 3700 1538 3756 calicis
1557 3697 1771 3754 nomine
1793 3713 1918 3754 mox

329 3791 666 3863 significavit.
699 3790 900 3848 Deinde
924 3791 1088 3846 verba
1115 3793 1230 3861 ipsa
1256 3790 1464 3848 Domini
1495 3791 1571 3846 sic
1591 3790 1913 3846 enuntiavit:

326 3884 499 3952 Abba,
529 3882 706 3950 Pater,
733 3883 903 3939 omnia
930 3882 1022 3936 tibi
1058 3882 1314 3954 possibilia
1351 3891 1497 3946 sunt;
1528 3884 1744 3952 transfer
1785 3879 1915 3934 cali-

329 3990 438 4030 cem
468 3976 600 4029 hunc
629 3991 660 4028 a
696 3990 793 4029 me.
836 3973 1038 4040 Quibus
1076 3973 1252 4028 verbis
1291 3971 1336 4027 si
1379 3971 1634 4043 adiungas
1673 3971 1814 4042 quod
1842 3972 1916 4027 illi

330 4065 440 4122 duo
460 4066 735 4130 dixerunt,
766 4074 821 4122 et
848 4065 992 4135 quod
1019 4065 1133 4136 ipse
1159 4066 1322 4120 etiam
1352 4064 1560 4120 Marcus
1587 4080 1652 4120 ex
1689 4081 1916 4134 persona

329 4171 427 4214 sua
447 4157 645 4228 pariter
673 4171 830 4227 supra
856 4156 1063 4226 posuit,
1102 4156 1175 4211 ita
1219 4156 1484 4210 sententia
1520 4157 1910 4226 manifestatur,

330 4248 510 4316 Pater,
551 4251 596 4304 si
629 4249 741 4320 ﬁeri
769 4259 948 4321 potest,
988 4249 1159 4304 omnia
1191 4249 1334 4304 enim
1375 4249 1460 4302 tibi
1499 4249 1756 4321 possibilia
1777 4260 1913 4317 sunt,

333 4347 552 4414 transfer
580 4343 788 4397 calicem
813 4342 967 4396 istum
983 4359 1020 4396 a
1042 4358 1151 4406 me;
1186 4356 1255 4396 ne
1287 4342 1408 4412 quis
1434 4357 1555 4398 eum
1576 4351 1787 4412 putaret
1812 4343 1913 4398 Pa-

332 4436 432 4492 tris
457 4436 712 4494 minuisse
739 4443 1080 4508 potestatem,
1113 4451 1234 4492 cum
1255 4436 1350 4505 ait,
1378 4436 1424 4491 si
1442 4438 1553 4506 ﬁeri
1580 4447 1741 4508 potest
1771 4453 1914 4494 :non

331 4528 476 4588 enim
503 4527 654 4594 dixit,
678 4527 733 4588 Si
761 4528 935 4585 facere
955 4535 1147 4599 potes;
1176 4529 1274 4585 sed
1293 4571 1309 4597 ,
1342 4531 1386 4583 si
1409 4530 1522 4599 ﬁeri
1555 4540 1716 4600 potest
1753 4547 1772 4583 :
1801 4532 1914 4587 fieri

329 4629 510 4678 auten
535 4630 708 4690 potat
724 4622 868 4691 quod
892 4623 981 4678 ille
999 4621 1247 4677 voluerit.
1275 4621 1364 4677 Sic
1385 4623 1563 4691 itaque
1584 4623 1794 4678 dictum-
1810 4634 1911 4692 est,

329 4712 380 4766 si.
400 4711 510 4778 ﬁeri
535 4720 722 4781 potest,
735 4725 800 4768 ac
825 4713 870 4765 si
889 4712 1180 4780 diceretur,
1209 4713 1254 4767 si
1281 4713 1373 4766 vis.
1397 4713 1750 4770 Manifestavit
1773 4716 1913 4774 enim

328 4799 542 4858 Marcus
561 4815 670 4871 quo
695 4800 972 4858 intellectu
999 4802 1366 4873 accipiendum
1387 4803 1489 4870 sit,
1521 4805 1566 4858 si
1595 4805 1706 4874 ﬁeri
1731 4815 1911 4876 potest,

330 4890 544 4963 modo
572 4891 667 4961 ait,
694 4893 865 4948 omnia
890 4892 977 4947 tibi
1004 4893 1264 4961 possibilia
1285 4904 1419 4950 sunt.
1439 4895 1506 4951 Et
1525 4897 1667 4966 quod
1683 4913 1916 4955 comme-

329 4995 673 5043 moraverunt
709 5001 833 5044 eum
861 4985 1078 5052 dixisse,
1121 4986 1308 5042 Verum
1344 5004 1444 5043 non
1489 4991 1627 5065 quod
1664 5007 1758 5062 ego
1777 4993 1910 5061 uola,

329 5079 418 5134 sed
443 5079 577 5150 quod
603 5088 658 5133 tu
683 5078 845 5147 (quod
867 5078 1194 5136 tantumdem
1217 5080 1381 5147 valet,
1403 5091 1660 5152 quantum
1692 5083 1738 5138 si
1761 5092 1816 5139 et
1841 5084 1912 5142 ita

330 5172 556 5239 dicatur,
588 5173 940 5229 Verumtamen
963 5189 1066 5230 non
1089 5189 1200 5229 mea
1226 5174 1456 5230 uoluntas
1479 5217 1498 5243 ,
1522 5175 1610 5232 sed
1639 5185 1726 5230 tua
1751 5175 1872 5250 ﬁat)
1893 5218 1908 5244 ,

329 5266 712 5324 satisostendit
731 5281 840 5322 non
865 5282 936 5322 ex
956 5267 1405 5337 impossibilitate,
1438 5269 1534 5325 sed
1553 5285 1618 5326 ea
1642 5271 1912 5326 voluntate

329 5355 512 5412 Patris
529 5356 726 5414 dictum
748 5371 896 5425 esse,
913 5357 960 5412 si
981 5357 1098 5426 ﬁeri
1117 5366 1282 5430 potest
1297 5375 1318 5414 :
1340 5361 1638 5429 praesertim
1660 5362 1781 5431 quia
1807 5362 1910 5417 [ιαμ

328 5464 428 5507 eas
445 5459 502 5506 et
526 5449 629 5506 hoc
661 5451 836 5520 ipsum
862 5450 1070 5519 planius
1097 5451 1360 5506 intimavit
1385 5469 1398 5505 :
1431 5467 1534 5507 non
1564 5453 1708 5508 enim
1735 5455 1837 5520 ait,
1866 5455 1911 5508 si

328 5544 440 5613 ﬁeri
471 5553 628 5614 potest
641 5563 668 5611 ;_
689 5545 880 5611 δαὶνεὶ
1022 5545 1119 5602 Cui
1154 5546 1405 5615 apertiori
1433 5547 1711 5602 sententiae
1749 5563 1907 5616 aper-

329 5636 436 5692 tius
458 5637 695 5708 jungitur
724 5638 865 5707 quod
896 5637 1106 5694 Marcus
1141 5639 1352 5707 posuit,
1382 5648 1439 5694 ut
1466 5639 1536 5696 ita
1568 5639 1774 5696 dicatur
1802 5659 1817 5694 :
1849 5641 1908 5696 Si

393 5835 518 5903 iam
547 5835 600 5903 ut
811 5834 1024 5885 sudum
1068 5834 1244 5896 fuerat,
1278 5832 1406 5898 W
1439 5848 1456 5890 ε
1493 5837 1760 5900 “Minor
1799 5851 1908 5890 cum

309 5895 508 5976 .Oplime
530 5895 856 5959 subamliatur,
880 5909 1093 5948 narrare.

2032 647 2237 718 calicem
2277 649 2446 703 istum.

2105 740 2190 794 14.
2220 739 2374 807 Quod
2397 753 2572 798 autem
2595 744 2706 814 ipse
2732 745 2959 818 Marcus,
2977 767 3082 807 non
3113 755 3284 810 solum
3311 757 3488 828 Pater,
3517 764 3613 820 sed

2031 827 2189 898 Abba,
2222 830 2394 902 Pater,
2421 851 2540 891 eum
2571 837 2768 896 dixisse
2796 857 3206 918 commemorat,
3231 851 3335 908 hoc
3357 863 3440 911 est
3467 827 3608 914 Abba

2033 919 2297 990 hebraiec,
2327 927 2467 996 quod
2497 938 2578 985 est
2604 929 2764 987 latine
2797 933 2967 991 Pater.
2998 936 3066 993 Et
3096 942 3316 1000 fortasse
3347 945 3605 1007 Dominus

2031 1022 2247 1104 propter
2275 1017 2485 1087 aliquod
2525 1033 2912 1080 sacramentum
2943 1037 3223 1104 utrumque
3248 1036 3478 1104 dixerit,
3512 1057 3611 1098 vo-

2031 1103 2144 1158 l'ens
2170 1108 2448 1165 ostendere
2476 1111 2618 1168 illam
2650 1129 2707 1169 se
2733 1118 2996 1174 tristitiam
3028 1121 3082 1176 in
3113 1103 3336 1194 persona
3366 1103 3612 1188 suiicor-

2031 1197 2204 1264 poris,
2235 1197 2286 1254 id
2315 1209 2395 1255 est
2422 1201 2695 1273 Ecclesiae,
2724 1210 3040 1280 suscepisse,
3071 1215 3156 1270 cui
3191 1217 3360 1274 factus
3389 1233 3472 1278 est
3514 1240 3612 1280 an-

2027 1292 2223 1361 gularis
2249 1293 2380 1365 lapis
2402 1340 2416 1364 ,
2441 1299 2668 1354 venienti
2690 1302 2755 1356 ad
2781 1319 2900 1358 eum
2928 1308 3118 1376 partim
3146 1323 3210 1365 ex
3241 1312 3476 1371 Hebraeis
3494 1356 3510 1384 ,
3541 1320 3607 1373 ad

2029 1400 2162 1466 quos
2183 1388 2412 1458 pertinet
2436 1393 2574 1462 quod
2600 1395 2694 1462 ait,
2717 1396 2885 1464 Abba;
2913 1401 3103 1470 partim
3138 1419 3203 1458 ex
3225 1404 3502 1477 Gentibus,
3539 1412 3608 1468 ad

2028 1495 2159 1572 quas
2188 1483 2413 1550 pertinet
2439 1487 2580 1556 quod
2597 1488 2687 1556 ait,
2715 1488 2868 1545 Pater
2883 1491 3093 1565 (Ep/tes.
3124 1512 3182 1564 ll,
3205 1499 3410 1572 11-22).
3440 1503 3611 1560 Etiam

2027 1569 2223 1626 Paulus
2267 1577 2538 1644 apostolus
2578 1595 2684 1634 non
2715 1585 3124 1652 praetermittens
3154 1587 3253 1645 hoc
3297 1569 3608 1651 sacramen-

2027 1669 2160 1755 tum,
2183 1663 2250 1719 In
2277 1684 2373 1736 quo
2397 1669 2694 1738 clamamus,
2722 1673 2907 1744 inquit,
2926 1676 3085 1745 Abba,
3112 1678 3266 1735 Pater
3287 1681 3463 1752 (Rom.
3487 1702 3612 1755 vni,

2027 1753 2116 1824 15)
2143 1773 2155 1807 2
2189 1765 2241 1810 et
2266 1757 2456 1814 iterum
2478 1761 2570 1830 ait,
2604 1762 2740 1817 Misit
2774 1762 2909 1821 Deus
2937 1767 3184 1838 Spiritum
3204 1790 3350 1827 suum
3373 1776 3425 1829 in
3449 1753 3606 1833 corda

2025 1855 2209 1938 uestra,
2240 1847 2536 1905 clamantem
2563 1853 2720 1921 Abba,
2757 1855 2909 1911 Pater
2933 1857 3124 1930 (Galat.
3158 1879 3229 1930 tv,
3255 1865 3328 1936 6).
3359 1866 3610 1938 Oportuit

2025 1936 2169 1992 enim
2199 1945 2255 1993 ut
2284 1939 2452 1997 bonus
2488 1945 2742 2015 magister
2770 1959 2823 2002 et
2854 1966 3009 2005 verus
3043 1953 3272 2010 salvator
3298 1936 3610 2015 infirmiori-

2027 2029 2126 2084 bus
2150 2034 2500 2101 compatiens,
2544 2037 2594 2090 in
2623 2053 2680 2092 se
2706 2039 2820 2107 ipso
2849 2040 3241 2100 demonstraret
3272 2063 3374 2102 non
3415 2049 3610 2107 debere

2022 2135 2149 2176 suos
2177 2133 2439 2194 martyres
2460 2126 2764 2197 desperare,
2793 2131 2837 2184 si
2869 2149 2972 2202 qua
2997 2133 3131 2190 forte
3156 2139 3402 2195 cordibus
3424 2157 3614 2200 eorum

2024 2211 2285 2282 irreperet
2317 2215 2414 2270 sub
2453 2225 2659 2287 tempus
2683 2221 2942 2288 passionis
2969 2239 3037 2277 ex
3069 2225 3298 2282 humana
3324 2228 3608 2301 fragilitate

2024 2301 2258 2368 tristitia,
2277 2322 2394 2360 cum
2413 2323 2531 2361 eam
2550 2310 2838 2377 vincerent,
2856 2313 3112 2370 voluntati
3129 2333 3236 2372 sua:
3256 2324 3616 2394 praeponenda

2021 2395 2346 2450 voluntatem
2387 2398 2502 2465 Dei,
2535 2401 2655 2471 quia
2697 2402 2783 2457 ille
2817 2404 2916 2457 scit
2963 2407 3089 2477 quid
3131 2411 3376 2478 expediat
3419 2415 3612 2484 quibus

2021 2489 2266 2543 consulit.
2293 2488 2367 2544 De
2397 2507 2498 2560 qua
2529 2500 2636 2547 tota
2662 2508 2718 2548 re
2745 2511 2850 2548 non
2885 2513 3025 2553 nunc
3049 2507 3256 2570 tempus
3285 2513 3366 2557 est
3390 2514 3449 2559 ut
3477 2507 3608 2562 ube-

2021 2577 2133 2632 rius
2177 2578 2506 2636 disseratur:
2540 2585 2712 2656 agitur
2740 2587 2883 2641 enim
2923 2589 3081 2645 modo
3127 2592 3194 2647 de
3233 2599 3608 2656 convenientia

2021 2667 2504 2740 Evangelistarum,
2535 2675 2587 2728 in
2617 2691 2841 2745 quorum
2873 2678 3184 2736 diversitate
3209 2687 3492 2743 verborum
3523 2706 3608 2746 sa-

2022 2759 2244 2816 lubriter
2285 2762 2538 2820 discimus
2579 2782 2684 2820 non
2716 2768 2860 2823 aliud
2890 2769 2942 2824 in
2979 2773 3154 2828 verbis
3184 2776 3250 2829 ad
3291 2777 3610 2836 audiendam

2021 2854 2318 2923 veritatem,
2343 2873 2500 2929 quam
2523 2862 2842 2916 sententiam
2870 2864 3134 2934 loquentis
3180 2884 3299 2926 esse
3333 2873 3610 2943 requiren-

2021 2948 2163 3002 dam.
2190 2947 2302 3004 Hoc
2330 2960 2410 3005 est
2429 2953 2570 3006 enim
2595 2951 2771 3019 Pater,
2801 2956 2945 3025 quod
2980 2957 3138 3026 Abba,
3168 2959 3324 3015 Pater
3353 2980 3372 3017 :
3403 2964 3496 3020 sed
3537 2965 3610 3022 ad

2021 3047 2411 3096 sacramentum
2441 3043 2791 3100 intimandum
2815 3088 2830 3111 ,
2860 3048 3065 3117 planius
3102 3061 3183 3105 est
3224 3053 3380 3120 Abba,
3413 3056 3604 3123 Pater;

2021 3129 2088 3184 ad
2119 3131 2374 3186 unitatem
2402 3133 2832 3203 significandam,
2862 3138 3063 3195 sufficit
3089 3139 3265 3196 Pater.
3303 3144 3369 3199 Et
3419 3147 3600 3202 Domi-

2020 3235 2149 3276 num
2193 3223 2409 3293 quidem
2439 3225 2614 3293 Abba,
2645 3225 2834 3295 Pater,
2868 3228 3066 3286 dixisse
3113 3233 3436 3292 credendum
3482 3249 3601 3295 est:

2020 3311 2114 3367 sed
2146 3322 2322 3369 tamen
2362 3330 2468 3369 non
2508 3317 2742 3374 eluceret
2783 3322 3062 3390 sententia,
3095 3325 3196 3378 nisi
3236 3327 3352 3382 aliis
3381 3328 3608 3387 dicenti-

2020 3404 2120 3460 bus
2147 3404 2324 3474 Pater,
2357 3408 2815 3468 demonstraretur
2849 3414 2926 3468 sic
2963 3431 3082 3470 esse
3124 3417 3240 3474 illas
3269 3420 3400 3478 duas
3428 3423 3610 3482 Eccle-

2020 3497 2127 3552 sias
2152 3514 2218 3553 ex
2240 3498 2437 3556 Judmis
2462 3513 2517 3558 et
2541 3503 2756 3571 Graecis,
2782 3517 2839 3560 ut
2859 3508 3020 3563 etiam
3038 3525 3138 3565 una
3160 3513 3246 3567 sit.
3274 3515 3354 3570 Ex
3377 3517 3464 3572 illo
3479 3533 3609 3592 ergo

2020 3589 2292 3644 intellectu
2316 3591 2515 3647 dictum
2538 3603 2641 3662 est,
2669 3596 2827 3665 Abba,
2858 3597 3033 3666 Pater,
3058 3617 3162 3672 quo
3187 3604 3326 3660 idem
3348 3589 3605 3668 Dominus

2020 3681 2144 3735 alibi
2187 3682 2260 3736 ait
2283 3725 2296 3750 ,
2331 3681 2507 3739 Habeo
2533 3687 2662 3740 alias
2687 3703 2799 3741 oves
2828 3706 2940 3759 qua:
2969 3707 3069 3745 non
3097 3704 3212 3748 sunt
3243 3695 3305 3750 de
3331 3696 3425 3752 hoc
3449 3701 3570 3755 ovili
3583 3719 3608 3770 ;

2021 3771 2217 3828 Gentes
2249 3775 2428 3845 utique
2455 3776 2780 3847 significans,
2813 3796 2934 3835 cum
2961 3781 3182 3840 haberet
3211 3803 3336 3844 oves
3357 3791 3520 3846 etiam
3550 3793 3606 3851 in

2021 3865 2216 3935 populo
2245 3864 2428 3922 Israel.
2451 3867 2555 3923 Sed
2585 3870 2707 3940 quia
2733 3881 2947 3928 secutus
2971 3873 3182 3946 adjecit.
3213 3879 3424 3949 Oportet
3456 3899 3534 3939 me
3558 3893 3608 3942 et

2019 3972 2104 4010 eas
2129 3958 2396 4026 adducere,
2420 3969 2475 4012 ut
2499 3960 2563 4013 sit
2593 3978 2721 4015 unus
2746 3980 2873 4033 grex
2899 3974 2944 4018 et
2971 3983 3099 4020 unus
3125 3978 3296 4038 pastor
3319 3972 3512 4045 (Joan.
3543 3990 3604 4043 χ,

2021 4048 2142 4119 16);
2173 4056 2424 4118 quantum
2445 4050 2586 4106 valet
2607 4051 2673 4108 ad
2702 4051 2968 4113 lsraelitas
2993 4065 3048 4113 et
3063 4057 3280 4128 Gentes,
3302 4061 3466 4133 Abba,
3498 4061 3607 4123 Pa-
3645 4054 3652 4061 ’

2022 4147 2118 4206 ter,
2147 4147 2349 4193 tantum
2377 4139 2443 4195 ad
2473 4158 2637 4197 unum
2660 4159 2895 4215 gregem,
2927 4148 3099 4204 solum
3130 4149 3305 4206 Pater.

2019 4231 2242 4287 CAPUT
2284 4233 2433 4286 V.-—-
2454 4233 2534 4289 De
2567 4236 2646 4291 Itis
2681 4254 2794 4310 qua:
2818 4240 2870 4293 in
2899 4241 3009 4310 ejus
3047 4247 3446 4315 appre/tensione
3468 4253 3608 4320 [acta

2091 4335 2137 4380 et
2170 4325 2303 4379 dicta
2322 4343 2494 4382 omnes
2519 4341 2927 4400 commemorant,
2959 4335 3208 4404 quomodo
3242 4338 3369 4393 inter
3399 4357 3452 4395 se
3479 4342 3608 4398 nihil

2091 4429 2333 4489 appareat
2359 4419 2638 4475 dissentire.

2093 4510 2373 4565 15.Adbuc
2405 4526 2531 4582 ergo
2560 4513 2670 4583 ipso
2697 4514 2944 4584 loquente,
2970 4518 3105 4575 sicut
3124 4519 3308 4578 dicunt
3325 4523 3604 4586 Μειιιιιθευε

2020 4609 2073 4656 et
2092 4599 2320 4667 Marcus,
2346 4619 2456 4658 ecce
2489 4603 2655 4659 ludas
2680 4622 2810 4660 unus
2836 4608 2899 4663 de
2925 4610 3189 4668 duodecim
3219 4617 3380 4684 venit,
3413 4629 3460 4675 et
3486 4637 3606 4676 cum

2020 4709 2076 4748 eo
2097 4692 2241 4746 turba
2274 4695 2436 4784 multa
2460 4711 2575 4750 cum
2600 4697 2786 4768 gladiis
2821 4708 2868 4752 et
2905 4702 3118 4772 fustibus
3137 4747 3163 4773 ,_
3181 4722 3214 4760 a
3246 4709 3560 4782 principibus
3585 4715 3603 4746 ¹

2019 4785 2332 4840 sacerdotum
2348 4795 2393 4839 et
2414 4787 2691 4843 senioribus
2711 4791 2906 4869 populi.
2933 4791 3032 4858 Qui
3048 4805 3214 4851 autem
3235 4801 3443 4855 tradidit
3465 4820 3602 4874 eum,

2020 4875 2157 4930 dedit
2183 4875 2285 4931 illis
2308 4877 2508 4948 signum
2534 4879 2738 4935 dicens:
2762 4880 3135 4962 Quemcumque
3156 4891 3413 4948 osculatus
3436 4895 3604 4964 fuero,

2018 4967 2126 5040 ipse
2169 4977 2259 5036 est,
2292 4978 2449 5024 tenete
2487 4987 2620 5025 eum.
2651 4971 2717 5026 Et
2745 4977 3008 5048 confestim
3047 4982 3288 5039 accedens
3313 4987 3381 5038 aa’
3403 4985 3602 5056 Jesum,

2019 5061 2147 5114 dixit
2169 5077 2188 5115 :
2213 5061 2335 5131 Ave,
2374 5063 2532 5119 rabbi.
2565 5063 2635 5120 Et
2661 5069 2916 5126 osculatus
2940 5081 3013 5126 est
3042 5090 3156 5130 eum
3185 5074 3206 5150 (
3222 5077 3407 5134 Matth.
3442 5098 3600 5151 xxvi,

2017 5155 2209 5221 47-56,
2233 5165 2278 5210 et
2309 5154 2473 5210 Marc.
2503 5175 2615 5225 xw,
2646 5160 2851 5233 45-50).
2877 5163 3120 5236 Dixitque
3142 5168 3217 5224 illi
3243 5172 3436 5242 primo,
3459 5176 3601 5246 quod

2017 5247 2090 5301 ait
2129 5247 2318 5313 Lucas,
2357 5247 2391 5301 J
2399 5249 2528 5314 uda,
2577 5251 2748 5307 osculo
2769 5253 2963 5310 Filium
2996 5257 3213 5317 hominis
3245 5265 3404 5320 tradis
3436 5266 3602 5339 (Luc.

2016 5353 2148 5406 xxii,
2176 5340 2401 5407 47-53)?
2444 5341 2636 5398 deinde
2662 5344 2804 5414 quod
2830 5346 3126 5417 Matthzeus,
3150 5352 3340 5423 Amice,
3374 5358 3442 5411 ad
3478 5348 3600 5429 quid

2017 5432 2228 5486 venisti?
2267 5433 2468 5490 Deinde
2510 5435 2675 5502 dixit,
2720 5438 2863 5508 quod
2905 5440 3140 5500 Joannes
3175 5460 3601 5509 commemorat:

2018 5525 2178 5593 Quem
2201 5530 2468 5598 (μαιενίιίδῖ
2508 5531 2896 5598 Responderunt
2917 5540 2964 5592 ei
2985 5555 3004 5595 :
3029 5539 3208 5598 Iesum
3246 5545 3596 5606 Nazarenam.

2015 5617 2248 5715 Dicit-eis
2272 5619 2460 5675 Iesus:
2497 5622 2608 5692 Ego
2640 5641 2771 5680 sum.
2804 5627 2984 5685 Stabat
3007 5640 3175 5688 autem
3209 5619 3256 5690 et
3287 5636 3488 5710 ludas,
3515 5623 3633 5715 qui,

2016 5711 2240 5766 tradebat
2269 5729 2417 5780 eum,
2451 5731 2563 5769 cum
2588 5717 2712 5786 ipsis
2737 5734 2758 5774 :
2793 5729 2846 5774 ut
2875 5739 2992 5793 ergo
3030 5724 3157 5780 dixit
3188 5728 3288 5798 eis,
3313 5727 3425 5800 Ego
3447 5701 3632 5802 sum,‘

2286 5843 2420 5929 "figi
2435 5844 2804 5929 fl“
2851 5853 3000 5908 Abest
3019 5867 3135 5920 vox,
3159 5855 3309 5925 missi,
3335 5873 3364 5912 a
3385 5863 3602 5918 melioris

2018 5909 2144 5958 noue
2167 5913 2293 5972 Mss,
2315 5919 2409 5961 nec
2433 5909 2579 5963 estin
2601 5909 2777 5975 δέκα),
3120 5909 3134 5920 ι
3340 5909 3364 5912 ν-
3385 5909 3601 5918 η------
3633 5976 3635 5978 η
