4076 6456
502 385 638 445 1167

500 505 729 557 abierunt
772 510 1078 567 retrorsum,
1121 509 1168 554 et
1206 497 1491 552 ceciderunt
1535 498 1589 552 in
1630 506 1834 551 terram.
1885 494 2082 552 lterum

504 610 734 675 ergo.eos
759 592 1080 664 interrogavit
1109 605 1128 644 :
1154 590 1311 656 Quem
1343 589 1607 657 quwritis?
1627 586 1720 642 Illi
1743 599 1912 644 autem
1938 588 2082 643 dixe-

503 698 621 738 runt
645 702 666 738 :
689 683 865 738 Iesum
889 676 1232 738 Nazaienum.
1266 680 1546 751 Respondit
1568 677 1722 736 Iesus
1752 696 1768 738 :
1799 679 1921 735 Dixi
1940 679 2080 735 vobis

500 775 621 839 quia
660 791 750 846 ego
775 790 885 827 sum
917 772 995 828 :si
1015 788 1135 843 ergo
1157 787 1235 826 me
1257 772 1497 842 quwritis,
1525 771 1671 827 sinite
1705 771 1795 826 hos
1823 771 1981 826 abire.
2012 769 2081 827 Ut

498 866 791 935 impleretur
825 881 987 920 sermo
1029 881 1174 935 quem
1211 865 1357 931 dixit,
1393 865 1525 930 Quia
1549 881 1674 936 quos
1699 865 1880 919 dedisti
1921 865 2076 932 mihi,

498 953 598 1010 non
627 956 821 1026 perdidi
841 971 904 1010 ex
929 956 1051 1025 ipsis
1075 970 1372 1026 quemquam
1397 955 1572 1027 (Joan.
1596 971 1745 1022 xvut,
1775 955 1956 1028 2-H).

459 1063 475 1105 7
575 1051 660 1104 16.
715 1047 944 1103 Videntes
969 1059 1166 1114 autem,
1194 1048 1329 1103 sicut
1366 1047 1538 1102 Lucas
1573 1047 1737 1116 dicit,
1767 1048 1806 1101 ii
1831 1048 1917 1118 qui
1944 1047 2080 1102 circa

498 1141 664 1207 ipsum
691 1147 854 1205 erant,
881 1138 1016 1209 quod
1045 1143 1271 1209 futurum
1293 1148 1419 1205 erat,
1448 1139 1681 1193 dixerunt
1703 1140 1750 1192 ei
1783 1154 1800 1192 :
1826 1138 2076 1208 Domine,

496 1231 542 1284 si
581 1230 882 1299 percutimus
919 1230 973 1284 in
1010 1230 1226 1301 gladio?
1267 1222 1334 1284 Et
1376 1231 1619 1299 percussit
1660 1248 1787 1285 unus
1824 1247 1886 1285 ea;
1928 1231 2074 1302 ipsis,

493 1321 634 1392 quod
662 1335 848 1376 omnes
871 1333 1097 1392 quatuor
1123 1321 1326 1388 dicunt,
1357 1338 1553 1376 servum
1577 1324 1818 1394 principis
1839 1323 2076 1378 sacerdo-

495 1422 623 1478 tum,
645 1422 692 1466 et
717 1415 991 1483 amputavit
1015 1413 1300 1467 auriculam
1325 1414 1455 1484 ejus,
1485 1415 1620 1470 sicut
1643 1415 1809 1471 Lucas
1837 1425 1892 1471 et
1917 1414 2076 1470 Joan-

493 1519 591 1559 nes
624 1503 830 1569 dicunt,
886 1505 1161 1559 dexteram.
1194 1505 1294 1571 Qui
1340 1516 1520 1562 autem
1555 1507 1837 1575 percussit,
1881 1521 2076 1562 secun-

491 1595 619 1651 dum
659 1595 914 1652 Joannem
949 1596 1134 1652 Petrus
1169 1606 1283 1651 erat
1315 1615 1327 1650 :
1356 1613 1512 1668 quem
1559 1599 1817 1667 percussit
1859 1607 2071 1666 autem,

491 1687 731 1744 Malchus
752 1688 1057 1742 vocabatur.
1082 1675 1285 1744 Deinde
1314 1689 1454 1758 quod
1472 1690 1641 1744 Lucas
1663 1689 1810 1756 dicit,
1842 1690 2073 1761 Respon-

489 1780 615 1835 dens
641 1778 790 1835 Iesus
823 1779 892 1832 ait
915 1793 936 1833 :
965 1778 1129 1834 Sinite
1168 1795 1320 1850 usque
1361 1781 1496 1844 huc;
1537 1790 1591 1834 et
1645 1779 1886 1848 adjunxit
1931 1780 2074 1850 quod

487 1874 766 1929 Matth-ecus
789 1881 1194 1939 commemorat,
1227 1873 1467 1928 Converte
1489 1873 1715 1944 gladium
1742 1882 1883 1926 tuum
1907 1873 1960 1926 in
1995 1872 2074 1927 lo-

484 1980 603 2020 cum
626 1980 792 2018 suum.
823 1962 1008 2017 Omnes
1032 1962 1164 2017 enim
1187 1962 1272 2035 qui
1300 1963 1581 2034 acceperint
1624 1962 1872 2034 gladium,
1901 1963 2073 2035 gladio

488 2055 743 2126 peribunt.
784 2055 864 2108 An
915 2063 1061 2123 putas
1095 2053 1213 2123 quia
1253 2071 1352 2108 non
1399 2070 1602 2124 possunt
1644 2071 1821 2125 rogare
1864 2053 2073 2109 Patrem

489 2164 678 2213 meum,
702 2155 750 2201 et
775 2145 1021 2199 exhibebit
1058 2144 1182 2198 mihi
1214 2144 1361 2199 modo
1387 2145 1501 2215 plus
1528 2161 1678 2214 quam
1705 2144 1968 2200 duodecim
1995 2146 2069 2199 le-

486 2239 657 2312 giones
693 2237 1038 2308 Angelorum?
1077 2237 1339 2302 Quomodo
1378 2254 1495 2308 ergo
1539 2238 1877 2307 implebantur
1921 2238 2065 2294 Scri-

486 2341 669 2402 pturaz,
691 2329 808 2402 quia
830 2330 901 2383 sic
929 2339 1124 2399 Oportet
1144 2329 1292 2398 ﬁeri?
1311 2328 1404 2383 llis
1441 2329 1618 2384 verbis
1645 2330 1860 2401 adiungi
1897 2339 2072 2401 potest

486 2423 626 2493 quod
647 2423 791 2477 illum
816 2438 880 2477 eo
907 2422 1025 2476 loco
1051 2420 1248 2476 dixisse
1273 2420 1505 2476 Joannes
1531 2429 1945 2489 commemorat,
1975 2422 2073 2477 Ca-

485 2517 630 2570 licem
654 2530 799 2586 quem
815 2513 950 2568 dedit
971 2512 1094 2566 mihi
1116 2511 1289 2579 Pater,
1308 2529 1406 2567 non
1431 2513 1504 2567 vis
1516 2513 1680 2566 bibam
1699 2513 1878 2569 illum?
1895 2514 2068 2583 Tunc,

486 2609 626 2662 sicut
653 2607 821 2662 Lucas
857 2605 1004 2671 dicit,
1031 2605 1200 2676 tetigit
1224 2605 1519 2660 auriculam
1555 2605 1696 2662 illius
1724 2607 1818 2678 qui
1847 2622 2066 2678 percus-

484 2715 576 2756 sus
599 2709 734 2767 erat,
762 2707 816 2753 et
839 2698 1045 2753 sanavit
1063 2711 1209 2751 eum.

557 2791 643 2846 l7.
673 2789 783 2846 Nec
816 2796 1027 2844 moveat
1067 2787 1218 2858 quasi
1257 2787 1585 2843 contrarium
1616 2789 1686 2843 sit
1721 2788 1864 2859 quod
1900 2789 2070 2846 Lucas

483 2883 636 2950 dixit,
665 2881 1113 2953 interrogantibus
1131 2879 1402 2950 discipulis
1429 2880 1475 2936 si
1503 2889 1840 2951 percuterent
1877 2882 1929 2937 in
1952 2883 2066 2953 gla-

484 2975 604 3042 dio,
627 2975 908 3029 Dominum
947 2971 1311 3042 respondisse,
1358 2972 1524 3027 Sinite
1561 2989 1714 3042 usque
1749 2973 1845 3026 huc
1873 2988 1892 3027 :
1915 2973 2069 3043 quasi

485 3076 607 3138 post
634 3066 774 3122 illam
809 3064 1204 3135 percussionem
1231 3063 1304 3118 ita
1321 3064 1520 3120 dictum
1551 3063 1708 3119 fuerit
1728 3106 1742 3132 ,
1771 3073 1824 3119 ut
1851 3065 2065 3134 placue-

485 3158 555 3212 rit
581 3155 634 3212 ei
673 3171 838 3226 usque
869 3154 971 3209 huc
997 3153 1190 3208 factum
1212 3195 1227 3222 ,
1254 3154 1349 3209 sed
1392 3155 1620 3225 amplius
1660 3156 1773 3210 lieri
1802 3156 2063 3223 noluerit;

485 3265 608 3305 cum
640 3249 690 3303 in
713 3247 886 3303 verbis
906 3263 1023 3332 quae
1046 3246 1321 3302 Matthmus
1343 3249 1536 3317 posuit,
1563 3249 1880 3319 intelligatur
1893 3250 2068 3319 potius

486 3349 655 3395 totum
702 3337 896 3393 factum
945 3354 1050 3409 quo
1091 3354 1220 3393 usus
1261 3348 1342 3392 est
1382 3338 1557 3409 gladio
1585 3340 1810 3406 Petrus,
1843 3341 2067 3396 Domino

485 3430 836 3502 diSplicuisse.
866 3429 996 3484 Illud
1023 3430 1162 3483 enim
1191 3430 1366 3484 verius
1387 3439 1488 3494 est,
1511 3430 1652 3500 quod
1679 3447 1798 3486 cum
1826 3448 1947 3487 eum
1981 3435 2066 3488 in-

489 3530 845 3594 terrogassent
879 3521 1134 3588 dicentes,
1173 3521 1414 3589 Domine,
1445 3523 1489 3576 si
1518 3525 1820 3594 percutimus
1858 3526 1913 3580 in
1953 3525 2067 3597 gla-

486 3614 610 3668 dio!
639 3621 761 3668 tunc
786 3612 1078 3682 respondit,
1112 3611 1275 3668 Sinite
1297 3629 1451 3680 usque
1475 3613 1573 3666 huc
1595 3631 1615 3669 :
1641 3613 1692 3668 id
1714 3623 1814 3682 est,
1835 3631 1940 3672 non
1968 3632 2067 3674 Vos

489 3712 700 3760 moveat
753 3703 892 3773 quod
955 3702 1185 3757 futurum
1238 3711 1352 3770 est;
1400 3705 1738 3774 permittendi
1789 3716 1913 3761 sunt
1962 3708 2066 3765 huc

487 3809 654 3864 usque
695 3792 962 3862 progredi,
1010 3791 1112 3847 hoc
1157 3803 1257 3858 est,
1303 3802 1359 3847 ut
1409 3808 1495 3849 me
1531 3793 1966 3865 apprehendant,
2013 3806 2068 3854 et

489 3883 810 3954 impleantur
834 3899 952 3952 quae
977 3882 1044 3937 de
1074 3897 1158 3937 mc
1178 3884 1373 3952 scripta
1412 3893 1553 3937 sunt.
1582 3883 1686 3940 Sed
1725 3885 1864 3940 inter
1889 3903 2066 3944 moras

487 3975 770 4030 verborum
801 3973 1235 4043 interrogantium
1263 3974 1540 4029 Dominum
1571 3984 1625 4031 et
1657 3977 1799 4032 illius
1839 3995 2064 4050 respon-

487 4066 684 4133 dentis,
715 4066 899 4120 Petrus
916 4064 1239 4120 deiensionis
1264 4065 1515 4120 aviditate
1535 4075 1587 4122 et
1619 4069 1807 4136 majori
1833 4085 1930 4139 pro
1955 4071 2063 4126 Do-

485 4161 631 4214 mino
651 4158 1007 4214 commotione
1033 4159 1293 4228 percussit
1322 4174 1335 4210 :
1363 4159 1455 4213 sed
1477 4173 1580 4214 non
1605 4169 1887 4230 potuerunt
1906 4163 2065 4220 etiam

486 4249 644 4306 simul
673 4249 776 4304 dici
796 4290 813 4314 ,
843 4265 961 4320 qua:
994 4248 1151 4306 simul
1190 4249 1301 4304 ﬁeri
1329 4260 1628 4320 potuerunt.
1659 4251 1772 4307 Non
1799 4253 1938 4308 enim
1982 4254 2065 4308 di-

487 4353 653 4409 ceret,
686 4342 1013 4414 Respondens
1049 4352 1215 4396 autent
1250 4342 1400 4397 Iesus
1421 4384 1436 4409 ,
1466 4343 1564 4398 nisi
1595 4344 1803 4399 illorum
1834 4345 2066 4401 interro-

487 4436 682 4506 gationi
724 4433 1103 4505 responderet,
1143 4448 1247 4488 non
1285 4433 1422 4487 facto
1455 4434 1618 4489 Petri.
1649 4435 1780 4490 Nam
1820 4435 1887 4491 de
1929 4436 2065 4492 iacto

483 4528 626 4583 Petri
654 4526 778 4598 quid
803 4525 1136 4596 iudicaverit,
1151 4525 1423 4580 Slattlueus
1449 4527 1594 4581 solus
1609 4527 1760 4582 dixit.
1781 4527 1880 4584 Ubi
1902 4530 2061 4584 etiam

483 4633 594 4675 non
618 4617 752 4673 dixit
773 4616 1070 4683 Mattlneus,
1099 4615 1392 4688 Respondit
1418 4617 1573 4673 Jesus
1602 4619 1780 4686 Petro,
1798 4618 2065 4678 Converte

486 4709 722 4780 gladium
745 4719 923 4776 tuum;
947 4708 1040 4765 sed
1061 4708 1214 4764 dixit.
1243 4707 1388 4763 Tunc
1410 4711 1481 4763 ait
1512 4710 1589 4765 illi
1613 4709 1765 4766 Iesus
1784 4752 1798 4776 ,
1825 4710 2066 4768 Converte

483 4801 710 4872 gladium
735 4810 874 4854 tuum
901 4815 921 4854 :
947 4798 1089 4870 quod
1122 4808 1240 4869 post
1269 4798 1460 4854 factum
1490 4809 1710 4871 apparet
1733 4802 1931 4859 dixisse
1954 4804 2061 4860 Do-

481 4893 705 4948 minum.
731 4892 859 4948 Illud
887 4907 1014 4947 vero
1042 4890 1183 4964 quod
1212 4891 1384 4947 Lucas
1404 4893 1599 4962 posuit,
1630 4894 1958 4965 Respondeas
1976 4913 2064 4952 au-

483 4994 582 5040 tem
601 4982 753 5040 Iesus
785 4985 877 5052 ait,
917 4982 1082 5039 Sinite
1104 4999 1258 5054 usque
1292 4983 1421 5052 huc,
1447 4984 1552 5040 illis
1577 4984 1668 5056 qui
1698 4985 2059 5058 interrogave-

481 5087 605 5135 rant
640 5093 956 5149 responsum
987 5092 1106 5133 esse
1143 5077 1510 5148 accipiendum
1538 5085 1621 5133 est
1648 5096 1663 5134 :
1691 5078 1785 5133 sed
1821 5081 1941 5150 quia
1962 5122 1977 5148 ,
2005 5088 2063 5135 ut

481 5171 744 5237 diximus,
771 5170 906 5225 inter
934 5170 1091 5225 verba
1121 5169 1560 5239 interrogantium
1599 5176 1654 5225 et
1693 5170 2062 5239 respondentis

485 5264 715 5332 Domini,
739 5265 874 5318 facta
903 5273 986 5319 est
1005 5277 1110 5318 uno
1134 5265 1240 5318 ictu
1264 5263 1557 5333 percussio,
1582 5261 1685 5318 hoc
1708 5263 1894 5320 ordine
1915 5265 2059 5335 judi-

436 5339 450 5376 ί
482 5359 622 5413 cavit
645 5372 765 5412 esse
791 5355 1130 5418 narrandum,
1159 5363 1217 5409 ut
1257 5355 1415 5410 etiam
1455 5355 1594 5410 inter
1631 5354 1790 5410 verba
1833 5355 2061 5412 interro-

481 5448 710 5518 gationis
733 5455 788 5502 et
819 5445 1179 5515 responsionis
1206 5459 1322 5500 eam
1367 5444 1643 5500 insereret.
1677 5445 1790 5498 Non
1826 5454 1910 5500 est
1935 5461 2062 5518 ergo

481 5530 804 5594 contrarium
835 5537 937 5592 hoc
973 5537 1021 5592 ei
1058 5535 1199 5607 quod
1235 5535 1366 5591 dixit
1394 5536 1690 5607 Matthaaus,
1718 5537 1901 5592 Omnes
1930 5540 2062 5594 enim

481 5631 565 5700 qui
585 5631 868 5700 acceperint
896 5630 1142 5700 gladium,
1167 5628 1338 5700 gladio
1368 5629 1615 5701 peribunt,
1653 5631 1705 5686 id
1731 5640 1829 5698 est,
1860 5633 1948 5703 qui
1977 5632 2060 5688 usi

481 5719 676 5778 fuerint
700 5724 892 5794 gladio.
911 5723 1087 5778 Videri
1110 5731 1284 5779 autem
1310 5732 1487 5793 posset
1512 5727 1858 5790 contrarium,
1891 5726 1935 5780 si
1957 5726 2064 5781 Do-

480 5814 660 5882 minus
685 5832 753 5873 ex
791 5817 896 5872 illa
919 5817 1295 5885 responsione,
1340 5818 1527 5872 saltem
1571 5833 1738 5890 usque
1774 5817 1839 5873 ad
1872 5834 2055 5887 unum,

1365 381 1453 437 DE
1489 380 1837 438 CONSENSU
1881 378 2520 449 EVANGELlSTARUM,
2565 381 2623 438 S.
2663 381 3030 442 AUGUSTINI

3637 399 3772 455 1188

2191 515 2291 556 nec
2318 501 2488 572 ipsum
2515 499 2708 558 letbale
2735 505 2945 572 vulnus,
2981 519 3130 561 usum
3163 515 3340 565 tamen
3361 511 3518 582 gladii
3552 527 3770 586 specta-

2186 608 2348 649 neum
2377 594 2700 666 approbasse
2740 595 3216 655 demonstraretur.
3255 603 3566 674 Quanquam
3609 609 3770 664 etiam

2189 687 2351 743 Petro
2375 687 2573 744 dictum
2601 698 2769 746 totum
2793 701 3148 764 congruenter
3169 693 3388 766 intelligi
3409 700 3592 767 possit,
3618 711 3674 754 ut
3696 703 3772 757 sic

2188 789 2532 837 connectatur
2553 790 2609 838 et
2634 783 2773 853 quod
2793 785 2964 841 Lucas
2995 796 3050 842 et
3078 787 3218 858 quod
3251 788 3530 846 Mattbacus
3566 794 3766 862 retulit,

2187 873 2632 944 quemadmodum
2661 891 2818 946 supra
2839 882 3270 945 commemoravi,
3287 881 3450 937 Sinite
3468 901 3622 956 usque
3641 887 3770 952 huc;

2186 975 2261 1031 et,
2284 978 2513 1023 converte
2533 971 2760 1040 gladium
2791 983 2931 1027 tuum
2957 975 3012 1028 in
3040 974 3203 1029 locum
3227 993 3394 1032 suum.
3421 979 3606 1034 Omnes
3641 982 3772 1036 enim

2183 1056 2271 1127 qui
2293 1061 2571 1129 acceperint
2598 1061 2844 1132 gladium,
2868 1064 3039 1135 gladio
3065 1067 3332 1137 peribunt,
3361 1077 3464 1124 etc.
3491 1071 3770 1137 Quomodo

2183 1157 2362 1204 autem
2398 1149 2470 1205 sit
2503 1151 2926 1224 intelligendum,
2951 1155 3117 1212 Sinite
3140 1175 3294 1224 usque
3327 1161 3444 1228 huc,
3467 1161 3578 1231 jam
3601 1178 3769 1233 expo-

2183 1241 2303 1294 sui:
2336 1248 2392 1296 et
2427 1243 2472 1296 si
2514 1243 2668 1299 aliter
2697 1246 2890 1302 melius
2921 1257 3116 1317 potest,
3165 1251 3237 1305 ita
3275 1253 3374 1320 sit;
3415 1252 3540 1308 dum
3592 1265 3768 1312 tamen

2183 1331 2640 1403 Evangelistarum
2671 1338 2865 1393 veritas
2897 1350 3126 1397 constet.

2254 1424 2342 1479 18.
2382 1425 2571 1481 Postea
2595 1429 2834 1498 sequitur
2859 1430 3158 1501 Matth-.eus,
3177 1440 3232 1488 et
3245 1446 3768 1496 commemorateum

2181 1513 2234 1568 in
2263 1514 2354 1569 illa
2385 1515 2514 1572 liora
2541 1517 2739 1576 dixisse
2769 1521 2976 1576 turbis:
3011 1521 3275 1592 Tanquam
3298 1525 3368 1579 ad
3393 1527 3640 1583 latronem
3660 1531 3770 1584 exi.

2179 1596 2268 1660 stis
2293 1622 2405 1660 cum
2432 1607 2618 1678 gladiis
2644 1617 2690 1664 et
2718 1611 2936 1682 fustibus
2954 1615 3375 1684 comprehendere
3403 1635 3498 1672 me.
3530 1619 3769 1686 Quotidie

2179 1696 2320 1766 apud
2348 1713 2433 1752 vos
2455 1699 2684 1754 sedebant
2711 1702 2895 1758 docens
2919 1704 2973 1759 in
2993 1707 3199 1776 templo,
3219 1717 3268 1763 et
3294 1727 3394 1764 non
3411 1728 3488 1765 me
3513 1715 3763 1769 tenuistis.

2180 1787 2329 1845 Tunc
2354 1790 2555 1845 addidit
2580 1793 2743 1848 etiam
2780 1797 2942 1852 verba
2971 1813 3090 1868 quae
3117 1799 3288 1856 Lucas
3313 1804 3460 1871 ponit
3486 1820 3499 1857 :
3525 1803 3633 1859 Sed
3659 1807 3767 1861 hac

2177 1889 2250 1934 est
2277 1881 2403 1934 hora
2429 1893 2611 1950 vestra,
2640 1894 2686 1940 et
2721 1895 2943 1956 potestas
2980 1892 3316 1947 tenebrarum.
3349 1893 3462 1950 Hoc
3487 1907 3658 1952 autem
3682 1908 3766 1953 to-

2177 1980 2279 2026 tum
2320 1967 2514 2044 factum
2541 1987 2635 2045 est,
2679 1979 2818 2035 sicut
2843 1980 3121 2037 Matthmus
3151 1983 3297 2051 dicit,
3342 1995 3397 2039 ut
3433 1987 3769 2059 implerentur

2179 2062 2460 2134 Scriptura:
2485 2066 2884 2140 PrOphetarum.
2913 2070 3051 2128 Tunc
3072 2075 3310 2146 discipuli
3335 2095 3504 2134 omnes
3519 2081 3690 2136 relicto
3704 2099 3767 2138 eo

2177 2157 2448 2227 fugerunt;
2482 2159 2619 2215 sicut
2646 2171 2702 2217 et
2726 2161 2930 2219 Marcus
2967 2164 3116 2219 dicit.
3149 2165 3465 2239 Sequebatur
3499 2180 3667 2226 autem
3691 2172 3765 2226 il-

2176 2246 2283 2301 lum
2307 2265 2437 2304 unus
2475 2251 2766 2309 adolescens
2794 2257 3007 2311 amictus
3032 2257 3263 2326 sindone,
3295 2261 3432 2318 sicut
3456 2263 3595 2318 idem
3620 2265 3765 2320 Mar-

2175 2352 2271 2394 cus
2298 2353 2712 2411 commemorat;
2743 2356 2790 2400 et
2815 2363 2930 2401 cum
2958 2351 3233 2406 tenuissent
3255 2368 3390 2423 eum,
3437 2355 3626 2426 rejecta
3649 2358 3764 2412 sin-

2174 2429 2304 2485 done
2329 2432 2496 2488 nudus
2525 2436 2748 2508 profugit
2769 2439 2832 2492 ab
2858 2439 2949 2495 eis.

2175 2560 2399 2621 CAPUT
2437 2564 2526 2624 Vl.
2542 2568 2703 2624 —De
2721 2571 2799 2626 his
2815 2587 2925 2642 qua:
2941 2581 3080 2644 gesta
3102 2584 3220 2630 sunt
3242 2592 3354 2632 cum
3374 2578 3640 2634 duceretur
3653 2580 3766 2636 Do-

2245 2655 2412 2712 minus
2431 2659 2499 2712 ad
2521 2659 2724 2714 domum
2750 2663 2993 2732 principis
3018 2666 3356 2736 sacerdotum,
3385 2678 3433 2723 et
3449 2671 3628 2741 quain
3646 2672 3766 2742 ipsa

2244 2747 2394 2802 domo
2424 2765 2540 2804 cum
2564 2761 2708 2806 nocte
2735 2754 3008 2824 perductus
3033 2765 3183 2825 esset,
3210 2766 3257 2812 et
3283 2761 3502 2815 maxime
3527 2761 3591 2816 de
3614 2761 3764 2818 Petri

2247 2842 2528 2912 negatione,
2572 2845 2996 2912 quenmdmodum
3023 2847 3156 2903 inter
3180 2866 3236 2904 se
3260 2866 3431 2906 omnes
3455 2862 3757 2924 congruant.

2244 2975 2333 3031 l9.
2373 2978 2436 3030 At
2452 2978 2530 3033 illi
2544 2988 2761 3034 tenentes
2778 2981 2958 3037 Iesum
2977 2984 3227 3039 duxerunt
3241 2986 3309 3040 ad
3324 2985 3592 3058 Caipham,
3611 2991 3760 3058 prin-

2170 3069 2333 3139 cipem
2357 3073 2692 3138 sacerdotum,
2726 3074 2812 3128 ubi
2839 3075 3033 3132 Scribte
3055 3087 3104 3132 et
3139 3079 3358 3134 seniores
3398 3093 3755 3153 convenerant,

2171 3157 2309 3215 sicut
2331 3161 2607 3219 Mattbuzus
2629 3163 2758 3219 dicit
2784 3165 2998 3236 (Matth.
3030 3184 3172 3235 xxvr,
3207 3167 3424 3244 57-75).
3450 3170 3558 3226 Sed
3585 3172 3762 3242 primo

2171 3252 2238 3306 ad
2262 3253 2464 3307 Annam
2492 3253 2680 3310 ductus
2701 3266 2800 3322 est,
2833 3273 3080 3314 socerum
3103 3258 3340 3330 Caiplne,
3363 3261 3503 3316 sicut
3523 3262 3761 3319 Joannes

2172 3341 2302 3397 dicit
2331 3342 2506 3416 (Joan.
2540 3361 2694 3411 xvm,
2725 3347 2925 3419 12-27).
2950 3349 3160 3405 Marcus
3182 3360 3360 3406 autem
3387 3360 3440 3407 et
3465 3353 3635 3408 Lucas
3662 3369 3764 3409 no-

2171 3447 2295 3487 men
2325 3449 2431 3489 non
2453 3434 2636 3490 dicunt
2663 3439 2931 3507 pontiﬁcis
2958 3439 3146 3512 (Marc.
3174 3457 3287 3508 xxv,
3316 3443 3508 3510 53-72,
3549 3454 3597 3498 et
3622 3443 3756 3501 Luc.

2173 3539 2316 3592 xxn,
2344 3523 2554 3599 54-62).
2581 3526 2782 3584 Ductus
2819 3539 2901 3584 est
2923 3539 3098 3585 autem
3127 3533 3338 3605 ligatus,
3365 3550 3487 3590 cum
3507 3535 3760 3595 adessent

2171 3617 2227 3672 in
2255 3617 2344 3673 illa
2367 3619 2514 3674 turba
2537 3620 2782 3678 tribunus
2802 3633 2857 3678 et
2883 3623 3075 3679 cohors
3095 3635 3145 3681 et
3169 3626 3398 3683 ministri
3421 3628 3754 3700 Iudaeorum,

2170 3708 2309 3764 sicut
2343 3709 2574 3766 Joannes
2605 3722 3005 3770 commemorat.
3043 3713 3227 3770 Petrus
3264 3728 3433 3773 autem
3459 3720 3762 3790 sequebatur

2170 3817 2285 3856 eum
2309 3818 2341 3855 a
2367 3802 2513 3875 longe
2531 3821 2684 3874 usque
2702 3806 2756 3860 in
2770 3807 2958 3861 atrium
2981 3809 3225 3881 principis
3245 3812 3600 3867 sacerdotum:
3615 3823 3662 3867 et
3684 3815 3756 3868 in-

2170 3896 2508 3964 gressusintro
2527 3897 2726 3952 sedebat
2743 3915 2857 3953 cum
2877 3898 3138 3968 ministris,
3164 3909 3218 3954 ut
3246 3901 3432 3957 videret
3452 3905 3623 3973 ﬁnem,
3651 3907 3758 3961 sic-

2171 3995 2228 4039 ut
2257 3987 2385 4042 dicit
2432 3987 2730 4045 Matthazus.
2764 3991 2831 4046 Et
2852 3992 3176 4066 calefaciebat
3212 4010 3266 4048 se
3305 3996 3375 4048 ad
3402 3997 3588 4068 ignem,
3617 3998 3757 4053 sicut

2171 4078 2224 4132 in
2253 4095 2317 4132 eo
2335 4080 2450 4135 loco
2469 4083 2786 4140 narrationis
2809 4085 2938 4140 dicit
2961 4085 3186 4142 Marcus.
3215 4087 3326 4142 lloc
3348 4097 3402 4144 et
3423 4089 3591 4145 Lucas
3607 4107 3756 4146 com~

2171 4181 2453 4236 memorat,
2475 4173 2616 4242 quod
2647 4174 2830 4229 Petrus
2853 4176 3151 4247 sequebatur
3175 4179 3374 4248 alonge
3390 4195 3409 4234 :
3435 4197 3642 4235 accenso
3660 4199 3757 4236 au-

2172 4269 2271 4314 tent
2298 4262 2413 4332 igne
2438 4263 2494 4316 in
2535 4264 2698 4319 medio
2724 4267 2872 4334 atrio,
2907 4278 2954 4321 et
2993 4269 3464 4326 circumsedentibus
3492 4271 3618 4338 illis,
3647 4284 3756 4327 erat

2171 4349 2356 4404 Petrus
2379 4353 2431 4406 in
2457 4355 2619 4408 medio
2649 4351 2837 4410 eorum.
2874 4358 2938 4412 Et
2974 4358 3206 4415 Joannes
3231 4361 3379 4428 dicit,
3409 4363 3550 4433 quod
3574 4381 3751 4435 seque-

2171 4440 2318 4495 batur
2345 4441 2521 4497 Jesum
2569 4446 2749 4501 Simon
2777 4447 2980 4514 Petrus,
3013 4461 3060 4504 et
3088 4452 3220 4506 alius
3261 4453 3558 4523 discipulus.
3593 4455 3758 4511 Disci-

2171 4533 2321 4605 pulus
2343 4544 2507 4589 autem
2533 4537 2620 4592 ille
2631 4540 2766 4594 alius
2787 4551 2892 4594 erat
2919 4551 3066 4596 notus
3089 4545 3338 4615 pontiﬁci,
3367 4556 3414 4600 et
3434 4548 3624 4602 introiit
3639 4565 3756 4603 cum

2167 4621 2295 4679 Iesu
2321 4626 2374 4680 in
2411 4627 2595 4682 atrium
2626 4631 2898 4701 pontiﬁcis,
2936 4632 3076 4689 sicut
3113 4634 3349 4692 Joannes
3377 4636 3525 4692 dicit.
3568 4637 3754 4692 Petrus

2169 4728 2334 4774 autem
2351 4720 2512 4775 stabat
2535 4723 2603 4775 ad
2627 4725 2806 4778 ostium
2827 4717 2973 4794 foris,
3002 4728 3291 4784 secundum
3314 4729 3558 4786 eumdem
3588 4729 3753 4787 Joan-

2169 4825 2310 4866 nem.
2334 4811 2478 4868 Exiit
2514 4832 2632 4885 ergo
2658 4817 2936 4887 discipulus
2973 4820 3123 4887 alius,
3155 4822 3243 4890 qui
3270 4832 3378 4876 erat
3401 4835 3549 4878 notus
3586 4825 3755 4894 ponti-

2169 4902 2276 4971 ﬁci,
2307 4913 2355 4957 et
2384 4904 2511 4958 dixit
2537 4907 2779 4973 ostiariis,
2807 4917 2854 4961 et
2879 4909 3161 4964 introduxit
3198 4911 3426 4979 Petrum,
3453 4913 3590 4968 sicut
3610 4913 3753 4970 idem

2167 4991 2402 5050 Joannes
2429 4993 2575 5051 dicit.
2606 4996 2695 5052 Sic
2726 4998 2867 5052 enim
2909 4998 3100 5055 factum
3144 5009 3246 5067 est,
3278 5011 3336 5057 ut
3360 5001 3502 5059 intus
3530 5012 3672 5059 esset
3699 5012 3755 5059 et

2169 5080 2360 5140 Petrus
2385 5085 2438 5139 in
2469 5089 2624 5152 atrio,
2654 5087 2791 5158 sicut
2815 5096 2870 5142 et
2895 5089 2984 5143 alii
3009 5090 3232 5170 dicunta

2234 5175 2324 5232 ΞΟ.
2370 5175 2630 5248 Principes
2659 5189 2827 5234 autem
2866 5182 3181 5238 sacerdotum
3211 5193 3259 5238 et
3285 5201 3434 5241 omne
3463 5183 3750 5253 consilium,

2166 5267 2304 5323 sicut
2343 5267 2620 5326 Mattlneus
2662 5270 2811 5338 dicit,
2859 5275 3146 5344 qumrebant
3182 5277 3370 5348 falsum
3416 5281 3752 5335 testimonium

2166 5371 2343 5417 contra
2368 5361 2566 5432 Iesum,
2596 5373 2652 5420 ut
2683 5381 2798 5420 eum
2835 5369 2983 5423 morti
3021 5369 3276 5424 traderent
3302 5386 3324 5427 :
3346 5379 3392 5426 et
3419 5389 3520 5427 non
3548 5374 3751 5428 invene-

2164 5463 2304 5520 runt,
2335 5470 2450 5508 cum
2477 5455 2623 5509 multi
2668 5455 2789 5529 falsi
2831 5466 2977 5513 testes
3023 5461 3366 5516 accessissent.
3400 5461 3750 5518 Convenientia

2167 5545 2308 5598 enim
2353 5547 2637 5602 testimonia
2675 5565 2777 5603 non
2821 5557 2982 5614 erant,
3006 5548 3165 5607 sicut
3190 5549 3416 5608 Marcus
3444 5553 3593 5621 dicit,
3625 5569 3748 5611 cum

2167 5636 2413 5692 eumdem
2441 5637 2614 5694 locum
2639 5648 3100 5698 commemoraret.
3144 5641 3431 5699 Novissime
3452 5654 3618 5700 autem
3664 5660 3750 5700 ve-

2168 5737 2350 5782 nerunt
2378 5727 2480 5782 duo
2504 5730 2625 5800 falsi
2669 5739 2832 5800 testes,
2863 5733 3001 5787 sicut
3043 5733 3170 5788 dicit
3197 5733 3495 5802 Mattheus,
3525 5745 3572 5790 et
3601 5736 3748 5792 dixe:-

2166 5828 2322 5883 runt:
2344 5819 2446 5876 Hic
2470 5822 2620 5889 dixit,
2649 5821 2869 5880 Possum
2890 5824 3142 5883 destruere
3165 5828 3408 5898 templum
3427 5827 3546 5898 Dei,
3567 5839 3616 5884 et
3637 5835 3753 5905 post
