4082 6462
374 396 513 453 1169

372 513 596 569 triduum
623 510 931 581 recedi/itare
951 509 969 544 ¹
1010 508 1158 566 illud.
1191 507 1335 567 Alios
1363 509 1523 567 etiam
1552 509 1759 565 Marcus
1797 523 1946 564 com-

371 613 637 662 memorat
660 604 876 670 dixisse,
928 603 1039 659 Nos
1073 603 1353 660 audivimus
1379 620 1495 657 eum
1536 603 1803 669 dicentem,
1834 598 1949 673 Ego

370 697 644 753 dissolvam
673 696 912 767 templum
953 695 1048 751 hoc
1082 712 1236 750 manu
1265 695 1473 766 factum,
1505 702 1552 749 et
1581 702 1695 765 post
1726 692 1949 747 triduum

370 790 515 846 aliud
542 807 643 845 non
666 806 818 844 manu
846 792 1034 861 factum
1060 786 1320 857 adiﬁcabb
1335 804 1356 842 :
1380 794 1427 842 et
1450 786 1570 843 ideo
1589 802 1690 840 non
1709 792 1816 841 erat
1830 800 1952 839 con-

323 930 339 945 ,
370 883 573 938 veniens
588 881 920 936 testimonium
948 881 1171 949 illorum,
1202 880 1339 936 sicut
1354 879 1495 935 idem
1520 877 1728 934 Marcus
1749 875 1949 933 ibidem

370 973 517 1028 dicit.
545 971 614 1031 Et
636 988 843 1043 surgens
864 972 1093 1043 princeps
1111 971 1446 1037 sacerdotum,
1469 974 1539 1025 ait
1557 971 1668 1025 illi:
1690 968 1840 1024 Nihil
1859 984 1945 1023 re-

369 1061 587 1134 spondes
623 1062 691 1115 ad
713 1078 772 1116 ea
795 1078 908 1135 qua:
929 1063 1013 1120 isti
1039 1062 1303 1116 adversum
1331 1070 1377 1115 te
1399 1059 1761 1130 testiﬁcantur?
1795 1058 1949 1114 Iesus

369 1164 537 1209 autem
565 1153 775 1209 tacebat.
806 1148 874 1208 Et
900 1156 1128 1226 princeps
1154 1156 1468 1210 sacerdotum
1512 1155 1582 1209 ait
1618 1155 1696 1210 illi
1711 1155 1946 1225 :Adjuro

369 1254 417 1299 te
441 1261 533 1315 per
558 1244 720 1300 Deum
747 1245 931 1310 vivum,
955 1255 1009 1299 ut
1029 1246 1166 1300 dicas
1192 1248 1352 1310 nobis,
1378 1246 1423 1300 si
1445 1254 1497 1300 tu
1517 1263 1570 1301 es
1594 1244 1824 1302 Christus
1851 1244 1949 1301 Fi-

368 1334 468 1389 lius
511 1333 625 1389 Dei.
666 1334 802 1389 Dicit
826 1336 904 1389 illi
939 1335 1127 1391 Jesus:
1150 1336 1226 1390 Tu
1267 1337 1478 1402 dixisti;
1502 1339 1617 1392 haec
1644 1337 1941 1394 Mattheus.

368 1423 575 1479 Marcus
600 1434 772 1480 autem
800 1425 987 1482 eadem
1013 1413 1131 1482 aliis
1159 1427 1333 1483 verbis
1352 1429 1498 1496 dicit,
1522 1429 1621 1485 nisi
1639 1429 1778 1501 quod
1804 1438 1945 1486 tacet

366 1515 508 1585 quod
538 1530 660 1571 eum
686 1517 1002 1587 adjuraverit
1030 1520 1276 1589 princeps
1304 1521 1673 1576 sacerdotum:
1702 1522 1794 1577 sed
1821 1531 1944 1577 tan-

367 1614 480 1662 tum
514 1608 692 1664 valere
733 1608 966 1665 ostendit
1003 1610 1144 1680 quod
1185 1610 1235 1665 ei
1281 1611 1408 1666 dicit
1431 1612 1606 1680 Jesus,
1634 1611 1715 1667 Tu
1748 1613 1941 1682 dixisti,

365 1706 622 1767 quantum
662 1699 705 1754 si
745 1699 966 1767 diceret,
999 1698 1113 1772 Ego
1151 1718 1281 1755 sum.
1311 1701 1563 1773 Sequitur
1589 1705 1752 1773 enim,
1785 1713 1842 1759 ut
1870 1705 1944 1760 ait

364 1788 505 1846 idem
533 1790 773 1847 Marcus:
798 1791 952 1848 Jesus
979 1803 1146 1848 autem
1180 1793 1309 1849 dixit
1335 1795 1434 1862 illi,
1463 1793 1577 1866 Ego
1602 1814 1733 1853 sum.
1761 1795 1831 1852 Et
1872 1798 1946 1853 vi-

365 1884 542 1939 debitis
558 1884 752 1940 Filium
776 1886 991 1941 hominis
1017 1903 1050 1941 a
1072 1887 1260 1943 dextris
1282 1888 1533 1943 sedentem
1555 1890 1768 1957 virtutis,
1790 1899 1836 1944 et
1856 1906 1943 1946 ve-

365 1977 581 2032 nientem
608 1994 721 2031 cum
749 1978 961 2034 nubibus
984 1978 1113 2033 caeli.
1142 1979 1253 2035 Hoc
1291 1978 1420 2035 dicit
1456 1980 1615 2035 etiam
1643 1981 1939 2049 Mattbzeus,

352 2060 463 2125 sed
486 2085 589 2125 non
616 2068 743 2125 dicit
768 2070 1111 2141 respondisse
1126 2071 1329 2140 Jesum,
1352 2070 1464 2144 Ego
1483 2090 1616 2128 sum.
1643 2073 1783 2127 Tunc
1802 2074 1946 2144 prin-

367 2179 483 2232 ceps
508 2163 819 2217 sacerdotum
845 2162 993 2217 scidit
1019 2163 1308 2218 vestimenta
1331 2179 1447 2230 sua,
1467 2163 1636 2218 dicens
1654 2180 1673 2219 :
1696 2163 1944 2235 Blasphe-

366 2254 547 2319 mavit;
566 2253 686 2323 quid
699 2253 865 2308 adhuc
882 2270 1081 2325 egemus
1103 2253 1339 2309 testibus?
1353 2254 1493 2324 quod
1510 2254 1783 2310 Matthaius
1799 2270 1945 2311 com-

365 2352 645 2409 memorat,
663 2352 719 2400 et
744 2345 1001 2416 sequitur,
1018 2344 1152 2401 Ecce
1171 2361 1303 2399 nunc
1326 2345 1538 2401 audistis
1554 2345 1939 2417 blasphemiam.

367 2436 505 2502 Quid
530 2436 666 2493 vobis
702 2437 931 2492 videtur?
949 2438 1013 2491 At
1038 2437 1116 2491 illi
1138 2438 1491 2509 respondentes
1510 2436 1741 2492 dixerunt
1763 2453 1783 2495 .°_
1809 2438 1945 2493 Reus

366 2537 441 2582 est
461 2529 651 2583 mortis.
676 2528 788 2584 Hoc
809 2529 968 2584 etiam
997 2537 1222 2585 testatur
1248 2538 1302 2584 et
1341 2530 1566 2585 Marcus.
1598 2528 1667 2584 Et
1706 2529 1945 2601 sequitur

365 2622 677 2679 Mattheus:
700 2622 845 2679 Tunc
865 2634 1170 2695 exspuerunt
1192 2624 1246 2677 in
1269 2624 1449 2694 faciem
1490 2624 1619 2693 ejus,
1644 2633 1692 2677 et
1713 2622 1943 2694 colaphis

366 2732 478 2771 eum
495 2716 798 2772 ceciderunt.
823 2717 926 2771 Alii
943 2725 1111 2772 autem
1125 2716 1321 2788 palmas
1341 2716 1394 2770 in
1414 2716 1593 2787 faciem
1615 2716 1661 2770 ei
1679 2715 1940 2785 dederunt,

366 2807 618 2864 dicentes:
645 2806 951 2881 PrOphetiza
975 2809 1135 2876 nobis,
1165 2808 1380 2876 Christe,
1406 2809 1515 2880 quis
1539 2817 1611 2864 est
1629 2809 1715 2880 qui
1744 2818 1791 2863 te
1822 2826 1942 2880 per-

366 2899 555 2954 cussit?
572 2897 685 2954 Hoc
712 2899 842 2955 dicit
869 2908 924 2955 et
950 2900 1154 2955 Marcus
1178 2917 1193 2954 :
1215 2909 1597 2955 commemorat
1621 2901 1778 2956 etiam
1800 2898 1943 2970 quod

366 2990 415 3045 ei
441 2989 630 3047 faciem
654 2991 985 3046 velaverunt.
1017 2991 1092 3046 De
1112 2991 1195 3046 his
1216 3005 1426 3062 quoque
1450 2991 1620 3046 Lucas
1639 2999 1938 3067 attestatur.

434 3080 498 3135 2i
512 3119 525 3133 .
566 3081 689 3135 Haec
715 3080 1023 3152 intelligitur
1045 3096 1229 3151 passus
1245 3081 1499 3139 Dominus
1519 3098 1684 3152 usque
1700 3082 1765 3137 ad
1786 3097 1944 3138 mane

365 3171 418 3225 in
449 3172 609 3226 domo
634 3173 887 3243 principis
902 3174 1258 3240 sacerdotum,
1276 3190 1383 3246 quo
1398 3175 1541 3245 prius
1562 3175 1819 3231 adductus
1838 3186 1938 3241 est,

365 3263 453 3318 ubi
471 3265 630 3319 etiam
649 3265 835 3320 Petrus
857 3274 1089 3323 tentatus
1104 3276 1206 3323 est.
1237 3266 1342 3323 Sed
1367 3268 1436 3323 de
1458 3268 1599 3325 Petri
1630 3269 1939 3335 tentatione,

364 3369 485 3425 quae
524 3354 662 3409 inter
699 3356 794 3410 bas
821 3356 1030 3412 Domini
1054 3358 1402 3413 contumelias
1430 3358 1565 3414 facta
1588 3366 1688 3424 est,
1715 3374 1821 3414 non
1847 3374 1943 3415 eoo

364 3444 489 3498 dem
515 3444 703 3499 ordine
730 3459 917 3500 omnes
944 3453 1196 3502 narrant:
1225 3461 1349 3501 nam
1392 3447 1532 3517 ipsas
1577 3447 1748 3517 primo
1790 3462 1941 3504 com-

368 3545 665 3592 memorant
690 3536 966 3592 Matthaeus
984 3547 1039 3593 et
1053 3537 1280 3605 Marcus,
1304 3537 1495 3594 deinde
1524 3539 1665 3594 Petri
1694 3541 1944 3595 tentatio-

367 3642 521 3693 nem;
550 3627 722 3683 Lucas
757 3643 888 3685 vero
930 3630 1157 3701 explicat
1203 3631 1348 3701 prius
1393 3630 1734 3687 tentationem
1773 3632 1940 3702 Petri,

368 3726 479 3772 tum
508 3718 721 3774 demum
748 3720 844 3776 has
870 3721 1079 3777 Domini
1103 3722 1481 3779 contumelias:
1510 3723 1744 3780 Joannes
1764 3735 1941 3781 autem

365 3810 547 3880 incipit
565 3806 706 3867 Petri
733 3813 1078 3870 tentationem
1096 3814 1294 3884 dicere,
1316 3825 1372 3872 et
1394 3816 1680 3889 interponit
1699 3819 1942 3889 quaedam

367 3901 436 3956 de
457 3904 793 3959 contumeliis
836 3905 1063 3973 Domini,
1094 3915 1148 3963 et
1168 3905 1407 3979 adjungit
1434 3907 1576 3978 quod
1601 3908 1724 3965 inde
1747 3910 1942 3967 missus

365 3999 449 4047 est
474 3992 539 4047 ad
566 3993 820 4064 Caipham
844 3997 1182 4066 pontiﬁcem;
1205 4007 1258 4053 et
1277 3998 1400 4053 inde
1418 3999 1748 4069 recapitulat,
1775 4008 1833 4054 ut
1852 4015 1945 4056 ex-

367 4083 527 4152 plicet
549 4100 707 4155 quam
736 4095 969 4156 coeperat
996 4088 1339 4143 tentationem
1369 4088 1509 4143 Petri
1544 4089 1596 4143 in
1625 4089 1803 4154 domo,
1836 4103 1943 4159 quo

368 4174 539 4244 primo
564 4176 822 4232 adductus
848 4186 948 4245 est,
975 4187 1029 4234 et
1050 4179 1186 4234 redit
1209 4179 1275 4234 ad
1296 4179 1555 4247 ordinem,
1584 4181 1672 4235 ubi
1698 4180 1943 4237 ostendat

367 4267 810 4337 quemadmodum
841 4270 1029 4326 ductus
1054 4271 1122 4326 sit
1148 4272 1403 4326 Dominus
1432 4272 1498 4328 ad
1520 4272 1794 4342 Caipham.

439 4358 528 4412 22.
569 4358 657 4415 Sic
688 4376 814 4431 ergo
843 4361 1118 4417 Mattlueus
1147 4364 1415 4433 sequitur:
1450 4364 1629 4419 Petrus
1656 4381 1770 4420 vero
1798 4364 1942 4419 sede-

367 4448 452 4502 bat
482 4451 606 4521 foris
630 4451 681 4504 in
708 4451 856 4518 atrio,
890 4464 934 4506 et
960 4454 1167 4507 accessit
1183 4454 1249 4507 ad
1270 4471 1378 4508 eum
1403 4471 1503 4508 una
1527 4456 1712 4509 ancilla
1732 4455 1901 4509 dicens
1920 4472 1941 4510 .'

368 4535 439 4592 Et
455 4548 507 4592 tu
529 4555 641 4593 cum
654 4540 777 4595 Iesu
792 4539 1002 4596 Galilwo
1019 4545 1167 4598 eras?
1185 4542 1350 4597 Atille
1369 4545 1563 4613 negavit
1586 4560 1756 4597 coram
1779 4546 1942 4598 omni-

368 4628 459 4683 bus
491 4629 698 4685 dicens:
721 4630 905 4686 Nescio
940 4632 1060 4702 quid
1096 4634 1241 4685 dicis.
1282 4631 1513 4685 Excuute
1548 4642 1711 4684 autem
1739 4633 1828 4685 illo
1845 4633 1939 4701 ja-

365 4734 539 4783 nuam,
566 4720 688 4772 vidit
719 4721 863 4774 illum
895 4722 999 4775 alia
1024 4722 1228 4787 ancilla,
1260 4732 1303 4773 et
1341 4723 1410 4773 ait
1436 4721 1513 4791 hjs
1540 4723 1624 4791 qui
1656 4731 1794 4775 erant
1819 4721 1887 4775 ibi
1919 4737 1941 4778 :

366 4805 437 4864 Et
462 4807 543 4861 hic
567 4819 672 4862 erat
697 4825 813 4862 cum
838 4809 961 4865 Jesu
993 4809 1279 4865 Nazarene.
1308 4808 1377 4863 Et
1396 4812 1575 4865 iterum
1605 4812 1797 4883 negavit
1826 4828 1939 4867 cum

357 4900 669 4971 juramento,
701 4898 832 4964 Quia
860 4916 961 4954 non
1003 4901 1114 4954 novi
1142 4900 1409 4954 hominem.
1437 4897 1503 4952 Et
1547 4910 1657 4971 post
1696 4901 1939 4971 pusillum

366 4999 680 5044 accesserunt
697 4990 781 5061 qui
803 4992 1019 5058 stabant,
1050 4999 1097 5045 et
1124 4990 1355 5045 dixerunt
1376 4989 1523 5046 Petro
1539 5008 1558 5046 :
1587 4991 1712 5045 Vere
1729 5002 1776 5046 et
1802 5001 1853 5045 tu
1868 5009 1936 5047 ea:

365 5080 468 5137 illis
493 5098 582 5147 es;
621 5098 737 5137 nam
764 5093 811 5136 et
846 5081 1042 5150 loquela
1083 5091 1170 5134 tua
1196 5082 1517 5151 manifestum
1545 5092 1591 5136 te
1623 5084 1761 5154 facit.
1796 5082 1938 5138 Tunc

367 5174 515 5243 coepit
559 5176 794 5231 detestari
818 5176 1079 5245 et'jurare,
1129 5175 1248 5244 quia
1272 5191 1371 5229 non
1399 5176 1610 5230 novisset
1638 5175 1887 5231 hominem
1915 5192 1937 5232 :

367 5273 414 5318 et
434 5266 668 5319 continuo
693 5266 859 5337 gallus
885 5266 1099 5319 cantavit
1121 5280 1139 5319 :
1161 5265 1275 5321 haec
1300 5265 1426 5321 dicit
1459 5265 1752 5321 Matthteus.
1781 5267 1939 5322 Intel-

368 5354 546 5427 ligitur
569 5368 744 5412 autem
771 5357 907 5428 quod
953 5366 1293 5427 posteaquam
1333 5359 1458 5414 exiit
1485 5359 1645 5424 foras,
1685 5375 1804 5415 cum
1826 5361 1936 5430 jam

366 5449 533 5503 semel
553 5458 815 5520 negasset,
832 5449 1003 5521 gallus
1022 5455 1250 5506 cantavit
1264 5452 1486 5522 primus,
1504 5452 1646 5523 quod
1662 5452 1938 5509 Matthzeus

367 5547 526 5605 tacet,
554 5550 608 5596 et
630 5542 836 5596 Marcus
863 5542 1009 5597 dicit.

434 5630 525 5687 25.
566 5632 679 5687 Non
712 5644 890 5689 autem
921 5633 1048 5689 foris
1087 5643 1209 5690 ante
1231 5634 1447 5706 januam
1488 5637 1677 5692 iterum
1707 5639 1932 5711 negavit,

431 5809 449 5841 ί
473 5805 695 5876 Plerique
739 5818 867 5876 Mss,
918 5812 1162 5880 ludiﬁcare
1189 5827 1208 5867 .'
1223 5816 1361 5879 juxta
1398 5830 1565 5881 gnte,
1602 5818 1933 5879 oicodomesat.

1803 5963 1829 5985 3‘-
1840 5960 1873 5983 ³-⁸
1896 5962 1929 5990 l't
1984 5963 1991 5969 ’

1683 391 1888 452 LIBER
1921 391 2239 452 TERTIUS.

3488 405 3629 468 H70

2051 508 2145 564 sed
2156 524 2274 565 cum
2292 509 2534 569 rediisset
2549 512 2614 569 ad
2632 512 2806 571 focum
2819 532 2834 570 :
2847 512 3057 587 quando
3071 526 3244 595 autem
3260 520 3497 594 redierit,
3516 542 3625 585 non

2051 617 2184 673 opus
2203 612 2317 660 erat
2335 620 2771 665 commemorare.
2792 609 2998 666 Marcus
3017 627 3142 685 ergo
3160 614 3238 669 sic
3256 614 3386 670 illud
3411 628 3616 675 narrat:

2051 690 2121 748 Et
2144 696 2260 750 exiit
2284 699 2422 769 foras
2446 708 2562 753 ante
2575 701 2778 766 atrium,
2806 710 2852 757 et
2873 704 3039 775 gallus
3063 706 3298 761 cantavit.
3316 706 3513 764 Rursus
3527 726 3626 766 au-

2052 794 2147 840 tem
2168 804 2280 842 cum
2296 788 2494 845 vidisset
2518 791 2661 847 illum
2688 794 2894 863 ancilla,
2925 798 3072 868 ccepit
3099 798 3260 854 dicere
3286 780 3623 858 circumton-

2052 877 2200 945 tibus,
2236 879 2367 946 Quia
2386 881 2466 935 hic
2490 898 2555 937 ea:
2577 884 2679 938 illis
2704 893 2793 939 est.
2827 885 2892 940 At
2918 887 3006 941 ille
3030 889 3208 943 iterum
3247 893 3461 962 negavit.
3494 893 3627 950 Haec

2051 981 2178 1023 vero
2203 970 2393 1026 ancilla
2424 986 2528 1027 non
2554 973 2759 1039 eadem,
2789 975 2883 1031 sed
2912 977 3012 1031 alia
3041 987 3144 1047 est,
3171 980 3310 1034 sicut
3330 981 3459 1036 dicit
3484 982 3625 1038 Mat-

2048 1057 2240 1115 thaaus.
2267 1059 2406 1117 Sane
2434 1063 2535 1118 hoc
2560 1078 2770 1135 quoque
2790 1065 3121 1138 intelligitur,
3150 1071 3271 1140 quia
3304 1072 3357 1126 in
3388 1072 3621 1129 secunda

2048 1154 2327 1224 negatione
2345 1167 2375 1207 a
2395 1153 2601 1211 duobus
2624 1157 2970 1228 compellatus
2992 1168 3108 1215 est:
3139 1170 3192 1217 et
3216 1162 3283 1216 ab
3307 1164 3497 1217 ancilla
3517 1163 3628 1219 sci-

2047 1243 2193 1314 licet,
2215 1260 2371 1316 quam
2392 1258 2811 1306 commemorant
2837 1250 3115 1309 Mattbazus
3142 1264 3196 1309 et
3213 1255 3445 1323 Marcus;
3478 1266 3531 1313 et
3558 1257 3627 1314 ab

2048 1334 2171 1400 alio,
2190 1351 2347 1405 quem
2363 1349 2743 1395 commemorat
2756 1340 2945 1397 Lucas.
2965 1342 3053 1399 Sic
3067 1347 3209 1400 enim
3222 1345 3628 1402 hocnarratLu-

2048 1440 2138 1482 cas
2156 1444 2168 1479 :
2190 1426 2372 1482 Petrus
2386 1445 2500 1484 vero
2510 1430 2798 1501 sequebatur
2812 1450 2843 1486 a
2857 1433 3019 1506 longe.
3037 1434 3258 1489 Accensa
3272 1447 3438 1491 autem
3449 1439 3563 1509 igne
3572 1439 3627 1493 in

2046 1517 2209 1572 medio
2230 1519 2378 1585 atrio,
2403 1529 2449 1574 et
2474 1521 2939 1577 circumsedentibus
2959 1523 3082 1590 illis,
3105 1535 3212 1579 erat
3240 1524 3422 1581 Petrus
3442 1529 3494 1581 in
3515 1545 3624 1599 me-

2047 1608 2132 1663 dio
2160 1625 2348 1663 eorum.
2385 1611 2542 1677 Quem
2560 1630 2673 1667 cum
2697 1614 2898 1669 vidisset
2920 1616 3104 1671 ancilla
3123 1617 3355 1689 quazdam
3372 1619 3625 1673 sedentem

2047 1698 2114 1751 ad
2148 1698 2336 1767 lumen,
2359 1710 2405 1754 et
2426 1718 2539 1755 eum
2569 1703 2745 1773 fuisset
2771 1706 2969 1773 intuita,
3007 1706 3165 1761 dixit:
3182 1707 3249 1763 Et
3278 1709 3359 1762 hic
3380 1725 3495 1763 cum
3531 1710 3622 1764 illa

2046 1796 2170 1841 erat.
2194 1789 2257 1841 At
2283 1789 2369 1843 ille
2385 1792 2578 1861 negavit
2598 1810 2728 1860 eum,
2749 1793 2919 1850 dicens
2939 1810 2957 1849 :
2977 1793 3184 1865 Mulier,
3207 1814 3304 1851 non
3325 1799 3439 1853 novi
3454 1798 3622 1854 illum.

2047 1879 2114 1933 Et
2129 1891 2239 1951 post
2255 1882 2494 1951 pusillum
2515 1884 2647 1940 alius
2664 1886 2836 1941 videns
2854 1904 2987 1955 eum,
3011 1889 3137 1944 dixit
3160 1905 3174 1920 °
3192 1888 3260 1943 Et
3282 1902 3334 1945 tu
3353 1891 3416 1946 de
3432 1892 3535 1946 illis
3546 1908 3621 1947 es.

2046 1970 2158 2027 Hoc
2178 1989 2303 2045 ergo
2328 1976 2468 2044 quod
2491 1977 2657 2032 Lucas
2682 1979 2775 2043 ait,
2800 1978 2864 2033 Et
2890 1991 2999 2051 post
3026 1982 3286 2052 pusillum,
3309 1983 3418 2053 jam
3443 2000 3622 2056 egres-

2045 2078 2136 2119 sus
2165 2075 2278 2120 erat
2301 2065 2491 2121 Petrus
2517 2069 2753 2139 januam,
2785 2079 2839 2125 et
2861 2072 3062 2140 primus
3090 2074 3256 2144 gallus
3285 2082 3624 2147 cantaverat;

2042 2153 2257 2226 jamque
2284 2157 2534 2225 redierat,
2565 2168 2622 2214 ut
2648 2162 3089 2231 quemadmodum
3117 2164 3242 2219 dicit
3264 2165 3516 2233 Joannes,
3553 2166 3625 2222 ad

2048 2243 2219 2302 locum
2263 2253 2409 2302 stans
2448 2248 2638 2303 iterum
2677 2260 2913 2321 negaret.
2941 2252 3171 2308 Joannes
3199 2255 3341 2309 enim
3370 2256 3423 2309 in
3450 2255 3624 2326 prima

2046 2337 2324 2407 negatione
2344 2338 2504 2406 Petri,
2536 2355 2642 2395 non
2669 2341 2838 2396 solum
2860 2342 2926 2397 de
2943 2344 3115 2412 primo
3139 2345 3258 2414 galli
3278 2354 3436 2401 cantu
3460 2354 3620 2418 tacet,

2046 2428 2183 2483 sicut
2222 2430 2420 2497 caeteri,
2462 2439 2684 2502 excepto
2708 2433 2913 2498 Marco;
2943 2436 3035 2490 sed
3062 2437 3220 2491 etiam
3255 2439 3396 2507 quod
3425 2438 3624 2496 seden-

2047 2526 2154 2573 tem
2182 2519 2248 2573 ad
2291 2520 2464 2591 ignem
2494 2524 2803 2593 cognoverit
2842 2526 3052 2590 ancilla,
3083 2541 3188 2581 non
3215 2539 3621 2588 commemorat.

2047 2611 2158 2667 Hoc
2185 2612 2326 2667 enim
2353 2622 2553 2669 tantum
2574 2615 2667 2681 ait,
2695 2614 2833 2670 Dicit
2856 2634 2973 2689 ergo
2996 2617 3148 2673 Petro
3174 2620 3359 2674 ancilla
3378 2622 3584 2676 ostiaria
3599 2638 3621 2679 :

2048 2702 2312 2776 Numquid
2333 2717 2380 2761 et
2400 2716 2453 2761 tu
2470 2707 2531 2761 de
2550 2708 2813 2779 discipulis
2832 2726 2882 2764 es
2897 2711 3112 2766 hominis
3145 2712 3324 2767 istius?
3343 2712 3481 2768 Dicit
3499 2714 3586 2769 ille
3599 2730 3622 2771 :

2049 2795 2170 2851 Non
2199 2814 2329 2852 sum.
2359 2798 2560 2854 Deinde
2579 2799 2866 2871 interponit
2886 2816 3006 2871 qua:
3029 2811 3176 2873 gesta
3210 2812 3333 2859 sunt
3351 2820 3475 2860 cum
3492 2803 3622 2861 Jesu

2047 2888 2101 2942 in
2132 2887 2318 2943 eadem
2343 2888 2520 2956 domo,
2548 2906 2666 2961 qua:
2702 2894 3165 2949 commemoranda
3201 2895 3486 2952 arbitratus
3513 2905 3618 2965 est,

2047 2977 2117 3031 ita
2148 2992 2405 3035 narrans:
2429 2980 2641 3035 Stabant
2664 2992 2827 3036 autem
2856 2985 2983 3038 servi
3008 2993 3055 3039 et
3079 2986 3292 3042 ministri
3319 2988 3388 3042 ad
3407 3005 3618 3059 prunas,

2046 3070 2166 3141 quia
2186 3070 2345 3142 frigus
2364 3079 2471 3125 erat
2484 3088 2504 3136 ;
2531 3081 2577 3127 et
2595 3073 2951 3146 calefaciebant
2978 3093 3032 3130 se
3049 3094 3069 3131 :
3095 3087 3198 3131 erat
3232 3088 3394 3135 autem
3414 3097 3529 3135 cum
3549 3081 3621 3138 eis

2046 3168 2093 3214 et
2121 3158 2303 3216 Petrus
2330 3169 2487 3230 stans,
2514 3172 2560 3217 et
2586 3164 2885 3234 calefaciens
2905 3183 2976 3220 se.
3007 3167 3105 3223 Hic
3132 3184 3260 3240 ergo
3278 3170 3387 3241 jam
3422 3171 3619 3228 intelli-

2044 3252 2185 3321 gitur
2199 3252 2392 3308 exiisse
2405 3253 2543 3308 foras
2554 3254 2789 3325 Petrum,
2807 3266 2860 3312 et
2876 3257 3095 3315 rediisse
3110 3278 3125 3315 :
3139 3261 3308 3330 primo
3318 3263 3458 3317 enim
3472 3264 3619 3321 sede-

2046 3344 2138 3400 bat
2160 3345 2228 3401 ad
2268 3347 2476 3417 ignem;
2507 3356 2561 3403 et
2584 3358 2765 3419 postea
2795 3351 2904 3418 jam
2943 3351 3174 3418 rediens,
3198 3363 3338 3410 stare
3360 3364 3615 3425 coeperat.

2115 3436 2205 3491 24.
2246 3436 2351 3492 Sed
2378 3436 2511 3493 forte
2534 3439 2607 3493 ait
2620 3439 2804 3510 aliquis
2825 3459 2839 3496 :
2864 3439 3106 3497 Nondum
3131 3444 3350 3512 exierat,
3371 3460 3619 3502 surrexe-

2047 3534 2130 3581 rat
2152 3536 2327 3582 autem
2354 3528 2612 3582 exiturus.
2656 3529 2767 3584 Hoc
2795 3538 2971 3599 potest
2988 3530 3165 3587 dicere
3189 3535 3280 3601 qui
3322 3544 3468 3602 putat
3493 3534 3620 3592 foris

2046 3627 2170 3673 ante
2192 3617 2408 3688 januam
2436 3619 2665 3674 secundo
2685 3620 3059 3692 interrogatum
3078 3638 3314 3694 negasse.
3334 3625 3619 3682 Videamus

2046 3722 2174 3779 ergo
2197 3708 2417 3764 Joannis
2437 3712 2709 3781 sequentia
2733 3730 2746 3766 :
2776 3711 3017 3785 Pontifex
3032 3730 3171 3785 ergo,
3193 3715 3379 3787 inquit,
3404 3718 3620 3791 interro-

2045 3800 2180 3871 gavit
2204 3798 2382 3855 Iesum
2406 3801 2469 3855 de
2495 3802 2755 3874 discipulis
2780 3804 2905 3872 suis,
2938 3815 2984 3858 et
3008 3807 3071 3859 de
3093 3807 3320 3861 doctrina
3356 3810 3485 3878 ejus.
3517 3810 3619 3864 Re-

2020 3934 2023 3943 ρ
2045 3892 2249 3962 spondit
2273 3893 2316 3947 ei
2340 3892 2525 3949 Jesus:
2550 3893 2660 3965 Ego
2696 3894 2866 3963 palam
2906 3898 3098 3953 locutus
3128 3916 3242 3954 sum
3274 3901 3482 3969 mundo,
3529 3919 3620 3974 ego

2045 3999 2239 4054 semper
2261 3984 2410 4038 docui
2437 3986 2492 4039 in
2516 4003 2795 4058 synagoga,
2826 3998 2872 4042 et
2892 3989 2945 4043 in
2972 3990 3177 4063 templo,
3204 4010 3302 4063 quo
3328 4010 3497 4050 omnes
3516 3994 3619 4050 Ju-

2046 4073 2146 4129 dei
2174 4077 2487 4143 conveniunt,
2517 4087 2562 4131 et
2582 4078 2635 4131 in
2658 4079 2848 4134 occulto
2875 4080 3072 4136 locutus
3088 4100 3199 4138 sum
3218 4085 3381 4140 nihil:
3405 4088 3525 4155 quid
3542 4104 3620 4142 me

2044 4164 2321 4237 interrogas
2333 4165 2360 4220 7
2386 4167 2637 4240 interroga
2664 4186 2747 4223 eos
2765 4170 2850 4241 qui
2871 4173 3134 4227 audierunt
3152 4176 3272 4243 quid
3298 4175 3490 4231 locutus
3504 4195 3618 4233 sum

2045 4258 2208 4328 ipsis:
2239 4275 2349 4313 ecce
2373 4260 2411 4313 ii
2434 4263 2593 4314 sciunt
2617 4278 2730 4333 qua:
2753 4262 2965 4317 dixerim
2997 4282 3104 4335 ego.
3140 4264 3267 4320 Haec
3300 4277 3465 4322 autem
3502 4286 3617 4324 cum

2046 4348 2269 4411 dixisset,
2297 4366 2427 4404 unus
2458 4352 2692 4405 assistens
2721 4353 3060 4407 ministrorum
3086 4355 3221 4408 dedit
3246 4356 3448 4428 alapam
3466 4358 3614 4430 Jt'su,

2016 4440 2214 4527 'dt'ccns
2233 4456 2250 4492 :
2269 4439 2358 4494 Sic
2380 4443 2648 4510 respondes
2677 4444 2901 4513 pontifici
2911 4446 2936 4497 .9
2964 4444 3242 4515 Respondit
3273 4448 3318 4501 ei
3342 4447 3526 4504 Jesus:
3554 4450 3617 4506 Si

2045 4532 2175 4584 male
2201 4530 2395 4585 locutus
2420 4549 2546 4598 sum,
2592 4534 2926 4588 testimonium
2953 4536 3155 4604 perhibe
3184 4539 3247 4592 de
3274 4541 3408 4595 malo
3423 4556 3445 4606 ;
3462 4544 3507 4597 si
3525 4560 3593 4597 au

2046 4630 2141 4673 tem
2168 4620 2305 4688 bene,
2343 4621 2464 4690 quid
2503 4639 2579 4675 me
2611 4624 2800 4678 cwdis?
2824 4617 2890 4677 Et
2918 4626 3049 4680 misit
3077 4644 3189 4682 eum
3210 4630 3383 4685 Annus
3409 4632 3617 4702 ligatum

2045 4710 2111 4763 ad
2133 4709 2377 4781 Caipham
2403 4713 2709 4781 pontiﬁcem.
2740 4714 2834 4769 Hic
2861 4731 2988 4772 sane
3008 4720 3301 4776 ostenditur
3328 4723 3466 4791 quod
3502 4726 3617 4780 An—

2045 4818 2140 4857 nas
2169 4804 2404 4873 pontifex
2425 4813 2576 4859 erat:
2607 4807 2840 4863 nondum
2876 4810 3017 4865 enim
3044 4812 3384 4869 missuserat
3405 4815 3472 4869 ad
3497 4814 3617 4871 Cai-

2044 4894 2225 4965 pham,
2253 4911 2371 4950 cum
2394 4896 2504 4967 jam
2533 4897 2608 4952 illi
2628 4898 2911 4966 diceretur,
2944 4901 3032 4956 Sic
3054 4906 3323 4974 respondes
3353 4910 3616 4978 pontiﬁci?

2044 4985 2110 5040 Et
2137 4985 2234 5041 h'os
2253 4986 2407 5053 duos,
2444 4989 2649 5043 Annam
2677 5000 2733 5045 et
2766 4990 3019 5062 Caipham
3062 4996 3355 5063 pontilices,
3384 5014 3619 5055 comme~

2044 5086 2217 5132 morat
2241 5078 2396 5133 etiam
2425 5079 2595 5136 Lucas
2617 5081 2667 5135 in
2698 5082 2846 5138 initio
2873 5084 3137 5154 Evangelii
3160 5088 3238 5141 sui
3271 5086 3417 5160 (Luc.
3438 5106 3513 5153 Ill,
3532 5090 3614 5163 2).

2044 5167 2137 5221 His
2157 5167 2311 5223 dictis
2331 5169 2560 5226 Joannes
2579 5172 2718 5227 redit
2740 5173 2805 5226 ad
2827 5175 2966 5243 quod
2991 5187 3226 5245 cmperat
3250 5178 3315 5233 de
3334 5183 3618 5251 negatione

2044 5260 2205 5323 Petri,
2236 5261 2286 5315 id
2314 5271 2411 5325 est,
2442 5263 2509 5317 ad
2538 5263 2778 5319 eamdem
2806 5266 3042 5331 domum,
3072 5268 3159 5324 ubi
3184 5279 3331 5341 gesta
3357 5283 3481 5329 sunt
3499 5289 3617 5345 qua

2044 5352 2295 5421 narravit,
2336 5363 2389 5407 et
2432 5353 2569 5409 unde
2596 5355 2660 5409 ad
2693 5355 2942 5426 Caipltam
2988 5359 3181 5415 missus
3221 5372 3303 5418 est
3343 5364 3517 5431 Jesus,
3549 5366 3618 5421 ad

2042 5462 2200 5517 quem
2227 5447 2293 5501 ab
2320 5446 2466 5501 initio
2489 5447 2798 5514 ducebatur,
2829 5450 2963 5505 sicut
2988 5451 3115 5506 dixit
3135 5452 3428 5511 Matthmus.
3458 5455 3648 5513 Com-‘

2044 5538 2357 5593 memoravit
2383 5546 2557 5593 autem
2586 5541 2685 5593 ista
2714 5539 2944 5596 Joannes
2972 5558 3090 5612 qua:
3118 5544 3430 5616 interposuit
3466 5563 3619 5603 reca-

2046 5631 2272 5700 pitulans
2298 5630 2363 5685 de
2390 5630 2567 5698 Petro,
2586 5639 2640 5685 et
2663 5631 2726 5686 ad
2753 5647 2869 5687 eam
2891 5635 3246 5692 narrationem
3278 5637 3511 5709 rediens,
3539 5642 3616 5698 ita

2042 5723 2191 5789 dicit,
2220 5731 2279 5777 ut
2308 5724 2569 5795 compleat
2592 5725 2779 5779 trinam
2810 5727 3142 5797 negationem
3162 5746 3175 5784 :
3195 5730 3321 5785 Erat
3337 5743 3503 5787 autem
3530 5734 3617 5791 St:

2044 5834 2158 5873 mon
2198 5814 2379 5871 Petrus
2414 5825 2572 5886 stans,
2609 5828 2653 5872 et
2677 5816 2975 5890 calefaciens
3006 5836 3076 5876 se.
3104 5819 3350 5878 Dixerunt
3377 5841 3495 5883 erao
3530 5827 3612 5892 ei,
