4076 6470
495 345 630 402 1171

496 455 763 529 Numquid
796 463 843 509 et
871 462 927 509 tu
951 469 1014 509 ea:
1045 452 1301 523 discipulis
1343 453 1453 521 ejus
1492 450 1577 505 es?
1613 445 1828 517 Negavit
1872 442 1978 508 ille,
2027 449 2074 494 et

495 544 803 604 dixitrﬂan
838 560 970 603 sum.
1007 543 1128 600 'lloc
1169 544 1325 614 igitur
1359 543 1483 596 loco
1511 540 1830 599 invenimus.
1873 545 1926 590 et
1968 549 2072 588 non

492 651 622 699 ante
639 642 878 713 ianuam,
909 639 1003 695 sed
1023 638 1098 694 ad
1117 637 1300 692 'fo‘cum
1319 646 1565 697 stantem,
1595 631 1829 688 secundo
1851 641 2074 698 negasse

488 729 915 802 Petrum:un
949 728 1070 784 ﬁeri
1113 741 1218 782 non
1263 736 1463 798 posset,
1509 723 1611 778 nisi
1649 722 1757 792 jam
1803 718 2070 784 rediisset,

483 819 1000 894 posteaquam'foras
1025 819 1244 874 exierat.
1270 817 1457 887 Neque
1478 815 1619 870 enim
1642 816 1752 883 jam
1781 811 2002 875 exierat,
2020 815 2075 862 et

483 913 626 972 foris
653 911 928 970 επινίᾱῆ
954 912 1118 967 altera
1137 909 1369 964 ancilla:
1397 908 1488 964 sed
1523 922 1642 962 cum
1689 905 1910 968 exierat,
1950 915 2070 956 eum

484 1005 715 1071 vidium
731 1009 831 1071 eet,
848 1017 968 1059 cum
982 1013 1223 1073 surgeret
1250 1012 1305 1056 ut
1331 1001 1519 1066 exiret,
1537 990 1907 1053 animadvertit
1921 1009 2062 1057 eum,

485 1104 550 1153 et
574 1095 706 1151 dixit
734 1094 826 1149 'his
867 1096 956 1165 qui
985 1102 1137 1149 erant
1176 1091 1266 1156 ibi,
1299 1092 1478 1157 idest,
1511 1091 1594 1161 qui
1637 1087 1790 1144 simul
1821 1096 1971 1143 erant
1999 1086 2065 1142 ad

489 1187 669 1259 ignem
698 1188 839 1242 imus
863 1188 914 1241 in
942 1188 1094 1254 atrio,
1126 1181 1191 1239 Et
1227 1187 1310 1239 hic
1349 1195 1452 1240 erat
1479 1202 1590 1239 Cum
1617 1184 1738 1238 .lesu
1780 1180 2066 1238 Nazarene.

486 1277 588 1335 ille
612 1287 788 1335 autem
815 1280 903 1350 qui
934 1279 1073 1332 foras
1100 1279 1321 1345 exierat,
1343 1279 1455 1331 ‘hoc
1489 1277 1686 1338 audito,
1733 1276 1943 1330 rediens
1977 1276 2083 1343 ju-'

483 1369 630 1424 ravit
655 1367 759 1426 ilﬁs
785 1379 966 1423 contra
987 1368 1301 1429 nitentibus,
1329 1365 1465 1431 'Qu‘ia
1509 1383 1607 1421 non
1655 1365 1764 1419 novi
1797 1366 2064 1418 hominem.

483 1457 624 1516 Nam
651 1469 702 1516 et
733 1460 938 1515 Marcus
965 1460 1040 1514 sic
1061 1461 1131 1513 ait
1151 1459 1216 1514 de
1238 1458 1421 1514 eadem
1455 1457 1642 1511 ancilla
1683 1475 1695 1509 :
1728 1452 1792 1510 Et
1818 1457 1963 1524 coepit
1993 1455 2070 1508 di-

491 1567 602 1607 cere
626 1551 1079 1617 circumstantibus,
1101 1551 1236 1617 Quia
1264 1552 1342 1605 hic
1363 1567 1425 1605 ea:
1450 1549 1551 1604 illis
1572 1558 1660 1603 est.
1692 1549 1905 1603 Dicebat
1929 1549 2066 1602 enim

488 1658 600 1700 non
629 1645 722 1712 illi,
754 1645 846 1700 sed
871 1645 958 1698 'his
988 1645 1075 1714 qui
1107 1643 1197 1698 illo
1226 1652 1450 1699 exeunte
1477 1642 1547 1696 ibi
1579 1649 1961 1700 remanserant,
1994 1640 2068 1694 sic

479 1743 668 1792 tamen
685 1743 745 1790 ut
759 1735 848 1790 ille
868 1735 1100 1790 audiret:
1126 1734 1265 1788 unde
1283 1733 1512 1798 rediens,
1538 1742 1590 1787 et
1611 1747 1790 1786 rursus
1808 1730 1870 1785 ad
1895 1731 2065 1800 ignem

491 1835 654 1891 stans,
684 1825 963 1882 resistebat
990 1825 1229 1894 negando
1257 1826 1433 1880 verbis
1462 1839 1666 1879 eorum.
1697 1823 1893 1877 Deinde
1921 1824 1971 1876 in
2004 1837 2068 1876 eo

489 1919 635 1990 quod
659 1918 892 1975 Joannes
917 1919 1008 1985 ait,
1040 1915 1306 1982 Dixerunt,
1339 1917 1598 1986 Numquid
1615 1925 1658 1968 et
1685 1924 1737 1967 tu
1762 1931 1823 1968 ex
1851 1914 2070 1982 discipu-

389 2063 392 2066 .
482 2010 553 2066 1i:
578 2011 688 2082 ejus
711 2010 798 2065 es?
824 2009 964 2078 quod
993 2009 1235 2066 redeunti
1282 2017 1335 2063 et
1377 2007 1537 2062 stanti
1580 2006 1775 2060 dictum
1811 2004 2065 2073 intelligi-

489 2114 634 2168 mus,
665 2102 804 2172 quod
827 2115 1036 2172 quoque
1065 2099 1428 2162 confirmatur,
1457 2115 1559 2152 non
1593 2099 1735 2152 illam
1765 2105 1965 2150 tantum
1994 2096 2070 2149 al-

479 2200 660 2249 1eram
687 2173 961 2255 ancillam:
984 2207 1144 2263 quam
1173 2190 1670 2247 commemorant'in
1711 2189 1810 2243 hac
1837 2188 2066 2243 secunda

479 2285 773 2354 'negatione
796 2284 1170 2340 Mattlueus'et
1191 2283 1422 2349 Marcus,
1473 2281 1566 2336 sed
1612 2289 1665 2336 et
1708 2280 1868 2334 alium
1912 2295 2068 2349 quem

487 2375 1082 2442 tommcmoratLucas,
1109 2391 1227 2430 00οι
1245 2374 1408 2430 Petro
1431 2373 1479 2427 id
1503 2374 1702 2442 egisse;
1739 2371 1879 2426 unde
1906 2371 2069 2426 Joan-

491 2481 588 2522 nes
612 2467 758 2530 dicit,
791 2467 1038 2522 Dixerunt
1085 2486 1200 2540 ergo
1243 2469 1306 2522 ei.
1354 2468 1690 2536 Quapropter
1718 2466 1828 2520 sive
1855 2476 2067 2536 postea-

487 2574 648 2632 quam
675 2561 767 2616 illo
797 2569 1021 2616 exeunte
1050 2561 1180 2618 dixit
1209 2562 1396 2616 ancilla
1421 2561 1501 2616 his
1523 2562 1610 2632 qui
1638 2577 1816 2617 secum
1839 2571 1993 2616 erant
2016 2562 2068 2615 in

495 2653 650 2718 atrio,
681 2653 800 2723 quia
828 2653 908 2706 hic
931 2670 992 2707 ex
1017 2652 1117 2708 illis
1138 2663 1228 2717 est,
1252 2653 1352 2708 hoc
1367 2653 1546 2708 audito
1568 2654 1654 2708 ille
1676 2668 1948 2722 regressus
1965 2664 2065 2716 est,

494 2752 554 2798 ut
581 2759 640 2799 se
685 2745 833 2814 quasi
877 2753 1124 2815 purgaret
1154 2745 1426 2814 negando:
1450 2745 1581 2810 sive,
1615 2745 1755 2816 quod
1785 2752 1866 2797 est
1893 2743 2067 2798 credi-

479 2833 664 2899 ‘billus,
690 2850 795 2890 non
824 2835 1023 2890 audivit
1052 2835 1177 2904 quid
1205 2835 1272 2889 de
1297 2835 1385 2888 illo
1413 2835 1611 2890 dictum
1640 2834 1811 2899 fuerit,
1843 2850 1961 2888 cum
1990 2833 2069 2886 fe-

487 2939 581 2980 ras
609 2927 798 2993 exiret,
830 2935 882 2981 et
923 2935 1265 2997 posteaquam
1298 2927 1469 2988 rediit,
1504 2926 1750 2979 dixerunt
1778 2925 1824 2979 01
1855 2923 2068 2995 ancilla,

491 3017 657 3073 ct'il'le
684 3019 819 3072 a'lius
845 3034 1000 3088 quem
1031 3017 1202 3073 Lucas
1222 3028 1622 3086 Commemorat,
1654 3017 1915 3090 Numquid
1944 3031 1989 3076 et
2019 3029 2073 3074 tu

491 3124 555 3163 ea:
582 3107 842 3178 discipulis
872 3110 978 3178 ejus
1007 3109 1093 3163 es?
1121 3117 1165 3163 et
1213 3109 1360 3176 dixit,
1410 3107 1529 3162 Non
1577 3126 1724 3164 sum:
1747 3110 2074 3180 pertinacius

483 3196 771 3251 insistente
792 3197 891 3251 illo
922 3197 986 3252 de
1017 3213 1120 3266 quo
1147 3197 1319 3251 Lucas
1345 3199 1437 3264 ait,
1466 3208 1624 3269 atque
1650 3199 1875 3266 dicente,
1912 3199 1979 3254 Et
2018 3210 2073 3255 tu

491 3286 557 3342 de
579 3286 686 3342 illis
712 3305 762 3341 es
779 3305 798 3354 ,°
827 3289 909 3343 cui
938 3287 1128 3342 Petrus
1148 3289 1240 3354 ait,
1275 3288 1318 3342 Ο
1343 3289 1510 3353 homo,
1557 3307 1656 3345 non
1683 3301 1814 3344 sum.
1847 3290 2071 3359 Liquido

475 3385 667 3434 “tamen
703 3379 984 3450 colligitur,
1015 3379 1218 3434 collatis
1247 3379 1314 3434 de
1343 3379 1442 3433 hac
1472 3396 1530 3437 re
1557 3382 1802 3436 omnibus
1830 3383 2070 3452 Evange-

479 3470 732 3528 1istarum
779 3474 1113 3537 testimoniis,
1147 3489 1250 3527 non
1296 3483 1422 3530 ante
1447 3474 1662 3545 januam
1706 3475 1937 3531 secundo
1965 3475 2070 3532 Pe-

477 3571 632 3618 ‘tmm
663 3579 903 3636 negasse,
930 3566 1021 3620 sed
1051 3566 1192 3619 intus
1221 3566 1271 3618 in
1294 3569 1430 3622 atrio
1453 3568 1517 3621 ad
1547 3569 1737 3638 ignem.
1770 3568 2070 3628 Mattbaeum

477 3664 667 3711 ~autem
688 3666 742 3712 et
765 3655 1016 3724 Marcum,
1045 3661 1133 3728 qui
1159 3669 1710 3714 commemoraverunt
1737 3660 1929 3716 exiisse
1951 3676 2074 3718 eum

477 3743 655 3814 foras,
682 3761 983 3817 regressum
1015 3748 1127 3816 ejus
1153 3749 1426 3806 brevitatis
1453 3765 1612 3806 causa
1650 3752 1892 3807 tacuisse.

560 3837 653 3895 25.
691 3839 840 3894 Nunc
875 3840 986 3910 jam
1012 3840 1077 3894 de
1110 3843 1260 3898 tertia
1301 3843 1580 3913 negatione
1609 3843 1950 3912 inspiciamus
1976 3857 2072 3900 co-

483 3944 613 3988 rum
653 3931 1047 4004 congruentiam
1065 3973 1081 3999 ,
1120 3947 1278 4005 quam
1307 3933 1612 3989 Matth-cum
1639 3933 1812 3988 solum
1834 3934 1944 4004 jam
1973 3950 2069 3990 ex-

491 4023 718 4096 plicasse
737 4026 1155 4081 meminerimus.
1187 4025 1437 4096 Sequitur
1455 4041 1584 4098 ergo
1603 4026 1809 4082 Marcus
1830 4037 1882 4083 et
1902 4027 2033 4082 dicit
2058 4046 2072 4084 :

489 4112 562 4169 Et
591 4125 702 4186 post
723 4115 962 4189 pusillum
983 4134 1156 4172 rursus
1182 4118 1267 4187 qui
1295 4118 1592 4183 adstabant,
1623 4116 1846 4172 dicebant
1875 4118 2032 4175 Petro
2051 4136 2070 4175 :

495 4205 628 4263 Vere
649 4225 711 4264 ea:
739 4209 842 4265 illis
876 4225 965 4274 es;
1007 4227 1124 4263 nam
1150 4221 1198 4264 et
1224 4208 1466 4264 Galilceus
1489 4227 1558 4264 es.
1604 4207 1704 4263 Ille
1731 4219 1896 4264 autem
1926 4212 2074 4280 coepit

487 4300 914 4357 anathematizare
950 4311 996 4357 et
1020 4303 1231 4373 jurare,
1277 4302 1410 4370 Quia
1444 4304 1608 4357 nescio
1653 4302 1903 4357 hominem
1926 4304 2075 4359 istum

483 4408 638 4464 quem
661 4393 846 4448 dicitis.
895 4393 957 4448 Et
998 4395 1166 4450 statim
1191 4395 1369 4450 iterum
1409 4393 1577 4466 gallus
1618 4397 1856 4450 cantauit.
1902 4395 2075 4453 Lucas

487 4494 664 4539 autem
708 4486 780 4541 ita
822 4496 1063 4554 secutus,
1113 4487 1213 4542 hoc
1265 4486 1403 4542 idem
1450 4497 1676 4543 narrat:
1708 4485 1778 4542 Et
1811 4489 2075 4543 intervallo

487 4577 623 4648 facta
665 4578 809 4648 quasi
837 4577 975 4633 hane
1008 4579 1190 4645 unius,
1224 4579 1366 4635 alius
1404 4580 1610 4649 quidam
1651 4579 1930 4652 aﬂirmabat
1949 4621 1964 4648 ,
1995 4581 2076 4635 di-

487 4681 604 4721 cens
632 4683 651 4722 :
691 4667 816 4723 Vere
839 4679 884 4723 et
911 4670 991 4723 hic
1016 4686 1130 4723 cum
1164 4670 1252 4725 illo
1277 4680 1417 4737 erat;
1459 4689 1578 4726 nam
1621 4681 1666 4726 et
1711 4670 1953 4728 Galilazus
1981 4683 2072 4727 est.

488 4756 558 4814 Et
587 4761 655 4813 ait
684 4758 865 4815 Petrus
893 4776 912 4815 :
940 4759 1140 4830 Homo,
1181 4763 1346 4818 nescio
1383 4763 1505 4835 quid
1543 4763 1686 4818 dicis.
1731 4761 1800 4817 Et
1837 4764 2075 4820 continuo

488 4851 655 4906 adhuc
696 4850 788 4907 illo
830 4853 1058 4925 loquente
1080 4897 1093 4920 ,
1119 4855 1338 4908 cantavit
1367 4854 1556 4927 gallus.
1603 4855 1838 4912 Joannes
1862 4863 2074 4910 secutus

491 4941 558 4996 de
583 4944 738 4998 tertia
767 4944 911 5001 Petri
939 4946 1219 5016 negatione
1238 4987 1252 5012 ,
1295 4947 1367 5000 ita
1393 4946 1622 5015 explicat
1652 4963 1664 4999 :
1701 4944 1835 5000 Dicit
1859 4962 1990 5000 unus
2013 4963 2076 5001 ea:

487 5036 640 5089 servis
665 5037 936 5106 pontiﬁcis,
961 5047 1201 5110 cognatus
1227 5037 1334 5108 ejus
1361 5037 1507 5107 cujus
1531 5037 1743 5092 abscidit
1767 5034 1953 5092 Petrus
1977 5053 2073 5090 au-

485 5125 701 5181 riculam
731 5143 751 5182 :
783 5126 965 5182 Nonne
991 5144 1081 5201 ego
1108 5136 1153 5182 te
1177 5128 1278 5182 vidi
1317 5128 1369 5181 in
1409 5128 1551 5182 horto
1576 5143 1690 5182 cum
1717 5127 1850 5182 illo?
1880 5125 2076 5184 lterum

489 5231 608 5289 ergo
635 5221 831 5291 negavit
858 5217 1062 5285 Petrus,
1087 5229 1132 5273 et
1161 5220 1328 5274 statim
1353 5220 1519 5292 gallus
1545 5221 1782 5275 cantauit.
1805 5220 1958 5290 Quod
1977 5220 2077 5291 igi-

485 5313 579 5366 tur
602 5309 880 5367 Matthaeus
907 5321 960 5367 et
985 5312 1189 5366 Marcus
1228 5311 1433 5378 dicunt,
1465 5323 1579 5385 post
1605 5314 1880 5383 pusillum,
1909 5329 2077 5386 quan-

450 5407 601 5480 ;tum
642 5412 786 5460 esset
807 5403 916 5460 hoc
957 5403 1209 5474 temporis
1229 5445 1243 5470 ,
1274 5403 1576 5460 manifestat
1613 5405 1782 5462 Lucas
1811 5405 2073 5475 dicendo,

485 5489 561 5551 Et
587 5493 850 5550 interuallo
873 5499 1007 5569 facta
1027 5495 1169 5568 quasi
1196 5496 1334 5551 Itone
1356 5497 1501 5553 unius
1526 5513 1546 5552 :
1574 5497 1641 5553 de
1665 5497 1770 5553 hoc
1791 5507 1970 5554 autem
1993 5497 2071 5553 in-

487 5587 712 5644 tervallo
737 5597 875 5645 tacet
893 5587 1143 5647 Joannes.
1175 5588 1305 5646 Item
1335 5590 1473 5662 quod
1496 5590 1773 5647 Mattbatus
1798 5599 1852 5646 et
1867 5591 2074 5647 Marcus

488 5694 597 5737 non
635 5681 918 5752 singulari,
962 5681 1055 5737 sed
1099 5681 1290 5752 plurali
1321 5696 1542 5737 numero
1570 5683 1846 5738 enuntiant
1870 5699 1963 5738 eos
1985 5684 2074 5754 qui

490 5784 611 5830 cum
639 5770 799 5830 Petro
823 5772 1083 5846 agebant,
1111 5789 1232 5831 cum
1256 5771 1428 5833 Lucas
1454 5787 1620 5831 unum
1645 5772 1816 5843 dicat,
1838 5773 2070 5843 Joannes
2097 5789 2100 5792 ‘

1267 338 1352 394 DE
1390 332 1735 393 CONSENSU
1773 325 2416 395 EVANGELISTARUM,
2456 330 2512 387 S.
2553 331 2916 392 AUGUSTINI

3611 338 3750 394 1172

2180 455 2389 511 quoque
2411 458 2600 512 unum,
2623 459 2852 516 eumque
2875 453 3157 518 cognatum
3183 446 3319 519 ejus,
3347 445 3502 517 cuius
3531 447 3759 506 abscidit

2181 531 2368 589 Petrus
2396 534 2720 602 auriculam;
2751 536 2903 594 facile
2929 547 3012 594 est
3039 540 3354 612 intelligere,
3378 551 3473 598 aut
3489 542 3758 616 pluralem

2179 639 2459 680 numerum
2505 643 2599 697 pro
2641 629 2921 700 singulari,
2951 630 3141 688 usitata
3180 632 3447 690 locutione
3475 649 3758 705 usurpasse

2175 716 2480 772 Mattlueum
2523 729 2577 776 et
2615 717 2891 784 Marcum;
2940 733 3032 777 aut
3057 723 3196 794 quod
3222 741 3355 779 unus
3382 725 3613 782 maxime
3628 736 3756 782 tan-

2182 824 2338 878 quam
2371 809 2572 878 sciens,
2603 821 2656 865 et
2681 813 2770 882 qui
2799 829 2918 868 eum
2946 813 3179 884 viderat,
3215 817 3543 886 afﬁrmabat,
3574 818 3755 876 caeteri

2178 909 2352 957 autem
2397 904 2560 958 secuti
2602 905 2715 973 ejus
2763 906 2950 975 tidem,
2993 907 3211 963 Petrum
3254 910 3412 964 simul
3453 912 3755 982 urgebant:

2181 990 2321 1048 unde
2353 991 2484 1048 duos
2523 993 2886 1066 Evangelistas
2930 1000 3244 1069 compendio
3289 1002 3546 1070 pluralem
3573 1019 3757 1062 nume-

2179 1096 2296 1136 rum
2328 1084 2598 1152 posuisse;
2643 1087 2776 1143 alios
2814 1097 2988 1143 autem
3028 1090 3163 1145 duos
3205 1108 3326 1149 eum
3355 1095 3527 1151 solum
3553 1095 3757 1165 signiﬁ—

2173 1185 2299 1228 00το
2327 1176 2582 1243 voluisse,
2626 1179 2714 1250 qui
2755 1181 3052 1253 pracipuos
3094 1183 3147 1238 in
3191 1184 3292 1241 hoc
3318 1186 3600 1242 eratJam
3628 1203 3756 1244 vero

2183 1263 2308 1319 illud
2336 1267 2474 1337 quod
2501 1267 2778 1327 Mattltaeus
2811 1273 2909 1343 ipsi
2939 1275 3094 1331 Petro
3119 1275 3316 1334 dictum
3344 1278 3504 1334 fuisse
3533 1281 3753 1347 asserit,

2197 1351 2325 1411 Vere
2350 1368 2398 1412 et
2422 1368 2474 1413 tu
2500 1376 2564 1415 ea:
2587 1362 2690 1416 illis
2712 1380 2796 1431 es;
2816 1382 2935 1418 nam
2959 1376 3004 1420 et
3024 1368 3220 1438 loquela
3262 1379 3349 1424 tua
3372 1372 3694 1443 manifestum
3710 1382 3759 1426 te

2174 1445 2328 1518 facit;
2373 1450 2510 1504 sicut
2549 1451 2782 1509 Joannes
2822 1456 2994 1511 eidem
3037 1457 3193 1513 Petro
3220 1459 3416 1516 dictum
3445 1472 3751 1528 asseverat,

2174 1536 2363 1593 Nonne
2386 1558 2474 1612 ego
2497 1550 2544 1597 te
2562 1544 2662 1600 vidi
2691 1545 2742 1599 in
2769 1550 2915 1602 horto
2939 1565 3054 1602 cum
3084 1549 3216 1605 illo?
3241 1551 3447 1608 Marcus
3466 1562 3645 1610 autem
3671 1554 3758 1608 in-

2176 1636 2257 1682 ter
2285 1644 2341 1684 sc
2371 1631 2487 1687 illos
2526 1632 2594 1688 de
2623 1633 2791 1691 Petro
2825 1638 3030 1694 locutos
3051 1639 3210 1704 dicit,
3247 1639 3374 1696 Vere
3411 1659 3472 1696 ex
3507 1643 3610 1698 illis
3643 1653 3758 1708 est;

2178 1737 2294 1773 nam
2333 1731 2380 1775 et
2415 1721 2657 1780 Galilaeus
2677 1737 2750 1783 est
2768 1723 2882 1800 (ti);
2925 1730 3062 1785 sicut
3101 1740 3156 1786 et
3191 1731 3390 1798 Lucas,
3421 1749 3525 1788 non
3565 1735 3757 1802 Petro,

2165 1813 2264 1867 sed
2303 1813 2370 1869 de
2402 1814 2567 1870 “Petro
2595 1817 2755 1886 dicit,
2803 1819 2947 1874 Alius
2986 1821 3189 1891 quidam
3227 1824 3504 1896 aﬂirmabat
3539 1825 3712 1882 dicem
3741 1840 3762 1879 :

2175 1903 2307 1959 'Vere
2332 1916 2375 1960 et
2401 1909 2482 1962 hic
2526 1926 2639 1963 cum
2685 1910 2776 1968 illo
2821 1923 2965 1979 erat;
3003 1931 3126 1968 nam
3165 1925 3213 1971 et
3241 1914 3491 1972 .Galilteus
3515 1926 3586 1972 est
3618 1934 3639 1972 :
3661 1924 3762 1974 aut

2172 1998 2488 2052 sententiam
2515 1999 2854 2073 intelligimus
2886 2006 3118 2061 tenuisse
3142 2021 3235 2060 eos
3258 2007 3348 2078 qui
3366 2007 3756 2077 compellatum

2171 2086 2353 2142 dicunt
2379 2089 2626 2159 Petrum;
2665 2095 3004 2151 tantumdem
3035 2098 3175 2154 enim
3202 2098 3364 2152 valuit
3401 2099 3539 2170 quod
3570 2099 3638 2154 de
3665 2098 3762 2155 illo

2171 2193 2353 2233 coram
2398 2181 2488 2236 illo
2522 2182 2816 2252 dicebatur,
2854 2197 3108 2256 quantum
3139 2190 3182 2243 si
3215 2189 3584 2246 illidiceretur
3618 2211 3635 2248 ;
3664 2200 3762 2250 ant

2163 2280 2400 2344 utroque
2425 2274 2586 2331 modo
2611 2286 2785 2333 actum
2803 2319 2818 2345 ,
2850 2287 2903 2333 et
2930 2280 3063 2338 alios
3092 2279 3261 2350 illum,
3292 2283 3424 2340 alios
3445 2284 3606 2340 alitun
3635 2299 3759 2342 mo-

2172 2364 2298 2419 dum
2324 2383 2790 2427 commemorasse.
2817 2373 3383 2434 Galliautemcantum
3411 2388 3529 2448 post
3549 2378 3763 2437 tertiam

2171 2459 2509 2527 negationem
2534 2461 2823 2517 secundum
2849 2465 3201 2536 intelligimus
3219 2509 3235 2534 ,
3267 2468 3404 2524 sicut
3430 2468 3637 2528 Marcus
3661 2483 3761 2526 ex-

2167 2549 2384 2617 pressit.

2242 2637 2329 2693 26.
2376 2639 2626 2710 Sequitur
2651 2658 2777 2714 ergo
2799 2643 3108 2715 Mattbaeus,
3141 2647 3209 2703 ita
3227 2647 3418 2704 dicens
3450 2646 3760 2706 :Etrccor—

2173 2727 2319 2781 datus
2360 2741 2430 2784 est
2475 2729 2658 2787 Petrus
2697 2733 2830 2788 ver‘bi
2867 2733 2993 2790 Iesu
3017 2740 3151 2812 quod
3177 2739 3404 2811 dixerat,
3447 2737 3767 2816 Priusquam

2173 2820 2338 2889 gallus
2364 2831 2558 2893 cantet,
2589 2833 2664 2882 ter
2687 2840 2768 2884 me
2801 2827 3005 2901 negabis
3032 2848 3052 2887 :
3080 2842 3127 2887 et
3151 2850 3376 2904 egressus
3404 2834 3588 2904 foras,
3612 2835 3768 2905 ﬂevit

2175 2931 2368 2969 attulre.
2402 2916 2606 2972 Marcus
2634 2928 2809 2975 autem
2842 2923 2910 2976 ita
2941 2923 3068 2978 dicit
3099 2941 3111 2976 :
3147 2924 3458 2980 Recordatus
3479 2937 3551 2981 est
3576 2923 3768 2993 Petrus

2149 3009 2309 3062 ‘verbi
2331 3011 2466 3079 quod
2507 3011 2703 3066 dixerat
2747 3015 2792 3067 ei
2827 3014 3011 3081 Iesus,
3064 3015 3368 3088 Priusquam
3395 3019 3562 3089 gallus
3595 3028 3770 3073 cantet

2175 3099 2269 3166 bis,
2296 3110 2368 3154 ter
2388 3119 2466 3156 me
2483 3103 2685 3171 negabis
2707 3120 2726 3158 :
2753 3115 2797 3157 et
2823 3107 2967 3176 erepit
2984 3108 3125 3176 ﬂere.
3150 3107 3318 3162 Lucas
3344 3119 3518 3164 autem
3546 3109 3625 3165 sic
3649 3109 3725 3164 ait
3748 3126 3763 3162 :

2175 3189 2244 3243 Et
2278 3207 2543 3247 conversus
2579 3192 2828 3250 Dominus
2855 3199 3071 3268 respexit
3112 3197 3320 3253 Petrum
3351 3216 3370 3255 :
3400 3211 3444 3274 et
3473 3201 3768 3256 recordatus

2177 3291 2250 3337 est
2301 3281 2486 3338 Petrus
2530 3287 2664 3340 verbi
2705 3284 2940 3357 Domini,
2989 3291 3117 3345 sicut
3161 3291 3386 3359 dixerat,
3434 3291 3564 3357 Quia
3589 3292 3767 3363 prius—

2175 3390 2324 3446 quam
2350 3375 2518 3445 gallus
2545 3388 2741 3444 cantet,
2776 3389 2849 3434 ter
2875 3399 2952 3436 me
2981 3385 3180 3454 negabis
3208 3401 3226 3438 :
3253 3393 3296 3438 et
3322 3401 3544 3456 egressus
3585 3389 3728 3456 foras
3745 3425 3763 3450 ,

2178 3463 2362 3520 Petrus
2387 3469 2522 3536 ﬂevit
2552 3485 2737 3524 amare.
2778 3470 3007 3526 Joannes
3040 3473 3105 3528 de
3125 3474 3507 3532 .recortlatione
3542 3485 3595 3532 et
3633 3474 3770 3532 ﬂetu

2175 3555 2320 3614 Petri
2353 3568 2509 3615 tacet.
2537 3561 2675 3616 Sane
2702 3563 2752 3616 in
2778 3579 2842 3619 co
2869 3565 3007 3634 quod
3027 3566 3102 3620 ait
3122 3565 3315 3634 Lucas,
3339 3568 3475 3637 quod
3497 3583 3767 3624 conuersus

2175 3649 2426 3708 Dominus
2450 3657 2667 3726 respexit
2691 3656 2934 3724 Petrum;
2975 3659 3242 3728 quomodo
3262 3660 3625 3730 accipiendum
3653 3661 3726 3716 sit
3745 3701 3764 3727 ,

2176 3743 2479 3817 diligentius
2507 3751 2946 3806 considerandum
2967 3762 3076 3808 est.
3121 3753 3373 3824 Quamvis
3389 3755 3539 3810 enim
3572 3753 3766 3811 dican—

2172 3845 2266 3892 ‘tur
2291 3840 2449 3894 etiam
2476 3842 2723 3896 interiora
2747 3844 2900 3912 atria,
2927 3854 3102 3900 tamen
3132 3846 3183 3902 in
3213 3847 3478 3904 exteriore
3503 3846 3641 3901 atrio
3661 3845 3767 3901 fuit

2173 3929 2372 3988 Petrus
2397 3934 2536 4000 inter
2562 3950 2766 4002 servos,
2795 3937 2883 4008 qui
2910 3937 3067 3993 simul
3084 3954 3150 3996 se
3178 3939 3246 3994 ad
3275 3939 3450 4010 ignem
3479 3938 3765 3996 calefacie-

2169 4021 2350 4077 bant:
2385 4042 2488 4079 non
2538 4037 2618 4080 est
2662 4039 2837 4084 autem
2881 4028 3133 4084 credibile
3177 4029 3319 4100 quod
3347 4030 3422 4086 ibi
3449 4028 3770 4086 audiebatur

2173 4111 2437 4172 Dominus
2462 4131 2494 4171 a
2518 4115 2717 4173 Iudaeis
2736 4158 2751 4186 ,
2781 4128 2837 4174 ut
2859 4120 3151 4190 corporalis
3172 4120 3329 4178 ﬁeret
3360 4121 3448 4178 illa
3467 4121 3764 4194 respectio.

2177 4204 2415 4277 Namque
2459 4224 2579 4264 cum
2623 4208 2844 4267 dixisset
2880 4211 3186 4280 Matthaeus,
3218 4211 3357 4266 Tunc
3379 4221 3684 4282 exsiluerunt
3700 4211 3764 4268 .in

2179 4299 2359 4370 faciem
2379 4303 2517 4372 ejus,
2547 4313 2592 4357 et
2617 4303 2844 4375 colaphis”
2872 4321 2986 4358 eum
3005 4305 3321 4372 ceciderunt;
3350 4304 3768 4376 0111001010ραῦ-

2179 4409 2288 4447 mas
2314 4393 2366 4448 in
2392 4394 2573 4464 faciem
2596 4395 2640 4449 ei
2664 4395 3181 4462 dederunt,.dicentes
3209 4413 3228 4450 :
3255 4396 3562 4469 Prophetiza
3581 4397 3727 4455 nobis
3745 4438 3764 4465 ,

2179 4483 2412 4551 Christe;
2432 4487 2541 4556 quis
2569 4497 2640 4542 est
2667 4487 2752 4558 qui
2779 4497 2826 4541 te
2851 4487 3134 4558 percussit?
3173 4488 3399 4546 Secutus
3416 4497 3510 4544 est
3541 4488 3728 4544 dicem
3745 4529 3762 4556 ,

2183 4575 2366 4632 Petrus
2391 4594 2505 4632 vero
2531 4576 2730 4632 sedebat
2767 4579 2893 4650 foris
2931 4578 2984 4633 in
3023 4579 3184 4640 atrio;
3226 4578 3369 4648 quod
3397 4593 3504 4636 non
3529 4576 3765 4644 diceret,

2181 4668 2284 4723 nisi
2328 4668 2414 4722 illa
2459 4683 2576 4723 cum
2621 4669 2844 4723 Domino
2887 4669 3030 4726 intus
3068 4681 3353 4740 agerentur
3384 4679 3482 4726 τω
3505 4676 3766 4742 quantum

2181 4759 2444 4829 colligitur
2466 4760 2515 4812 in
2543 4761 2845 4815 narratione
2871 4760 3063 4828 Marci,
3083 4777 3196 4815 non
3226 4761 3396 4817 solum
3425 4761 3478 4814 in
3495 4759 3740 4816 inter-ioci

2180 4847 2300 4916 bus,
2324 4849 2420 4906 sed
2440 4851 2678 4906 etiamin
2706 4850 3066 4922 superioribus
3091 4851 3281 4908 domus
3304 4850 3769 4922 agebanmr..blam

2171 4949 2526 5014 posteaquam
2547 4941 2755 4996 Marcus
2777 4941 2900 4997 talia
2928 4943 3182 5008 narravit,
3205 4952 3418 4999 secutus
3443 4943 3536 5008 ait,
3561 4940 3768 4996 Etcum

2182 5042 2306 5086 esset
2336 5031 2519 5086 Petrus
2542 5033 2600 5090 in
2631 5033 2759 5087 atrio
2788 5032 3039 5088 deorsum.
3071 5031 3224 5089 Sicut
3240 5049 3368 5103 ergo
3381 5049 3453 5090 eo
3473 5033 3613 5104 quod
3634 5033 3770 5090 Hat-

2182 5123 2353 5178 thzeus
2378 5125 2485 5190 ait,
2516 5121 2699 5177 Petrus
2724 5140 2837 5178 vero
2866 5124 3064 5179 sedebat
3105 5125 3232 5195 [oris
3260 5125 3313 5178 in
3341 5125 3469 5178 atrio
3487 5166 3504 5190 ,
3533 5123 3771 5180 ostendit

2181 5217 2324 5286 quod
2359 5215 2441 5269 illa
2464 5215 2606 5270 intus
2641 5224 2923 5286 agerentur
2955 5233 2968 5270 ε
3001 5216 3079 5271 sic
3106 5232 3170 5272 00
3191 5215 3330 5288 quod
3359 5217 3492 5272 dixit
3517 5217 3736 5272 Marcus
3754 5259 3768 5281 ,

2183 5305 2252 5360 Et
2294 5323 2408 5359 cum
2444 5313 2568 5360 esset
2613 5303 2798 5360 Petrus
2841 5306 2892 5360 in
2933 5307 3063 5361 atrio
3101 5306 3369 5374 deorsum,
3400 5307 3632 5363 ostendit
3653 5323 3772 5362 non

2183 5399 2354 5456 solum
2383 5400 2436 5455 in
2464 5398 2826 5468 interioribus,
2848 5398 2945 5456 sed
2968 5400 3127 5458 etiam
3157 5401 3211 5455 in
3239 5401 3601 5472 superioribus
3613 5412 3771 5472 gesta

2245 5532 2320 5604 (a)
2342 5538 2480 5581 Forte
2501 5530 2786 5642 leggndum,
2811 5540 3002 5582 Marcus
3023 5537 3183 5582 autent
3203 5530 3257 5582 in
3273 5530 3780 5605 quibusdamcodici--

2184 5593 2271 5667 bus
2292 5601 2492 5667 utter-se
2509 5594 2553 5667 tl.
2611 5627 2634 5667 _,
2671 5603 2766 5667 etc.
2792 5601 2904 5667 nam
2928 5591 3076 5667 parile
3089 5606 3235 5667 supra
3256 5609 3355 5644 non
3376 5607 3668 5667 secus__ac_1u
3689 5607 3780 5644 sa-

2179 5659 2277 5728 cris
2298 5657 2459 5728 Bibliis
2479 5655 2686 5728 habetur
2705 5657 2836 5728 bunc
2856 5655 3013 5728 ipsum
3037 5655 3187 5728 Marci.
3195 5656 3356 5727 locum
3375 5656 3555 5728 retulit
3562 5665 3702 5728 3mg:
3711 5669 3774 5728 _t_n

2181 5719 2288 5770 haec
2308 5722 2478 5778 verba,
2497 5717 2718 5769 dicebant
2740 5716 2899 5781 Petro,
2909 5727 3028 5768 Vere
3047 5731 3112 5769 ex
3132 5716 3229 5781 illis
3247 5731 3314 5779 es,
3338 5725 3456 5776 etc.,
3475 5716 3666 5781 quibus
3689 5717 3774 5771 illa

2181 5795 2279 5833 non
2297 5781 2362 5833 de
2383 5788 2522 5832 Petro
2537 5782 2742 5844 interse,
2757 5779 2854 5834 sed
2877 5781 2965 5844 ipsi
2989 5788 3128 5832 Petro
3149 5779 3295 5832 locuti
3313 5779 3588 5836 eum.
