4076 6458
338 285 479 340 1173

333 416 453 471 qmn
480 398 700 454 dixerat.
728 396 1003 465 Quomodo
1026 409 1152 466 ergo
1173 392 1405 465 respexit
1420 391 1636 450 Petrum
1657 392 1913 447 Dominus

332 491 470 548 facie
496 489 799 560 corpora!”
812 489 1146 558 Quapropter
1166 486 1295 541 mihi
1312 485 1523 542 videtur
1544 485 1629 539 illa
1654 482 1917 553 respectio

308 582 586 663 ‘divinitus
620 580 761 636 facta
780 622 796 648 ,
818 590 879 635 ut
898 580 954 634 ei
976 579 1191 634 veniret
1214 578 1269 633 in
1299 584 1533 634 mentem
1577 575 1783 647 quoties
1803 576 1914 644 jam

334 683 613 747 negasset,
640 682 693 728 et
718 672 844 744 quid
878 676 929 729 ei
970 672 1224 728 Dominus
1260 671 1627 743 praedixisset,
1657 678 1814 740 atque
1840 668 1913 722 ita

334 767 755 825 misericorditer
780 766 1005 823 Domino
1034 767 1348 836 respiciente
1373 765 1653 835 paeniteret
1673 777 1794 819 eum
1814 803 1830 829 ,
1859 769 1915 817 et

334 860 620 916 salubriter
655 858 808 914 ﬂeret
848 876 863 913 :
906 859 1044 913 sicut
1080 857 1318 929 quotidie
1358 856 1612 921 dicimus,
1656 854 1913 920 Domine,

334 952 538 1022 respice
565 965 680 1015 me;
722 958 806 1014 et,
842 949 1101 1019 Respexit
1136 964 1258 1004 eum
1289 947 1576 1013 Dominus,
1604 946 1691 1016 qui
1718 945 1786 999 de
1813 943 1916 998 ali-

335 1057 445 1115 quo
470 1041 704 1113 periculo
730 1041 811 1095 vel
843 1041 1023 1095 labore
1048 1038 1224 1094 divina
1261 1036 1625 1093 misericordia
1661 1036 1918 1090 liberatus

334 1145 419 1192 est
451 1153 465 1192 :
491 1143 549 1191 et
575 1136 711 1189 sicut
732 1134 931 1189 dictum
956 1142 1038 1188 est
1055 1174 1069 1197 ,
1103 1130 1335 1201 Respice,
1355 1138 1404 1186 et
1426 1128 1609 1185 exaudi
1638 1144 1716 1182 me
1743 1125 1918 1198 (Psal.

332 1243 433 1294 nl,
462 1228 555 1299 L);
587 1236 643 1283 et
664 1224 987 1293 Convertere,
1006 1223 1237 1290 Domine,
1263 1231 1307 1277 et
1333 1222 1488 1277 libera
1510 1220 1731 1275 animam
1759 1232 1920 1271 meam

333 1316 508 1391 (Psal.
537 1334 628 1384 v1,
656 1316 712 1385 5)
744 1334 758 1371 :
791 1316 863 1370 ita
888 1315 1089 1370 dictum
1112 1314 1360 1379 arbitror,
1381 1311 1655 1368 Conversus
1675 1308 1923 1363 Dominus

336 1409 556 1479 respexit
583 1405 794 1463 Petrum
814 1449 829 1474 ,
858 1416 903 1461 et
922 1406 1209 1460 recordatus
1230 1414 1305 1460 est
1331 1402 1517 1458 Petrus
1540 1401 1672 1457 verbi
1696 1399 1919 1454 Domini.

340 1502 577 1570 Denique
606 1514 726 1553 cum
755 1498 1083 1568 frequentius
1105 1498 1306 1553 soleant
1327 1497 1380 1551 in
1403 1494 1795 1550 narrationibus
1814 1492 1925 1547 suis

332 1604 535 1663 ponere
572 1589 753 1645 Iesum
788 1603 951 1659 quam
990 1588 1269 1643 Dominum
1291 1630 1305 1653 ,
1352 1586 1511 1641 modo
1540 1586 1709 1641 Lucas
1740 1583 1922 1639 Domi-

339 1696 470 1736 num
512 1680 691 1751 posuit
732 1679 949 1743 dicens,
986 1678 1264 1734 Conversus
1294 1678 1537 1732 Dominus
1572 1677 1789 1747 respexit
1819 1676 1923 1729 Pe-

334 1781 475 1827 trum
490 1812 506 1839 ,
528 1780 576 1825 et
600 1771 891 1825 recordatus
908 1780 987 1825 est
1016 1770 1199 1824 Petrus
1224 1770 1361 1823 verbi
1386 1768 1625 1832 Domini;
1651 1766 1927 1821 Matthteus

335 1873 515 1920 autem
541 1873 594 1919 et
620 1864 825 1918 Marcus
846 1904 860 1926 ,
882 1863 1003 1932 quia
1028 1862 1095 1916 de
1120 1863 1218 1917 ista
1248 1862 1581 1930 respectione
1608 1865 1921 1923 tacuerunt,

336 1971 444 2014 non
485 1957 632 2013 verbi
674 1955 917 2020 Domini,
960 1955 1052 2009 sed
1079 1954 1222 2009 verbi
1271 1952 1395 2008 Iesu
1434 1964 1558 2007 cum
1586 1949 1925 2005 recordatum

336 2062 459 2105 esse
485 2048 733 2104 dixerunt
766 2065 779 2101 :
812 2055 869 2101 ut
894 2046 1052 2101 etiam
1077 2061 1141 2101 ex
1164 2045 1268 2100 hoc
1290 2044 1645 2113 intelligamus
1668 2042 1814 2096 illam
1839 2056 1928 2096 rc-

336 2140 663 2210 spectionem
688 2152 720 2193 a
741 2137 899 2205 Jesu,
924 2151 1029 2191 non
1055 2136 1301 2191 humanis
1328 2134 1498 2190 oculis
1517 2176 1531 2199 ,
1553 2134 1648 2189 sed
1674 2132 1927 2187 divinitus

336 2230 549 2287 factam.

336 2321 565 2378 CAPUT
604 2319 714 2375 νη.
739 2349 811 2361 --
836 2319 915 2372 De
950 2319 1029 2372 his
1071 2331 1186 2387 qua:
1231 2332 1378 2369 mane
1405 2323 1543 2386 gesta
1577 2324 1725 2381 sunt,
1758 2314 1929 2384 prius-

408 2429 560 2484 quam
584 2410 755 2465 Pilato
784 2411 1081 2475 traderetur,
1128 2406 1384 2476 quomodo
1426 2403 1765 2475 Evangelista:
1792 2404 1929 2458 inter

410 2521 463 2560 se
507 2519 635 2571 non,
659 2504 977 2572 discrepent;
1029 2508 1078 2553 et
1120 2498 1183 2552 de
1225 2498 1505 2552 testimonio
1533 2496 1767 2549 Ieremia:
1792 2496 1928 2566 quod

410 2597 687 2652 lattharus
713 2605 918 2668 propter
957 2593 1165 2648 Domini
1214 2593 1428 2663 pretium
1452 2590 1782 2662 interposuit,
1812 2604 1928 2643 cum

410 2689 505 2743 hoc
528 2688 581 2742 in
607 2688 832 2759 ejusdem
865 2685 1124 2755 propheta:
1164 2682 1432 2753 Scriptura
1480 2697 1578 2735 non
1621 2679 1925 2734 inveniatur.

408 2780 500 2834 27.
540 2780 790 2851 Sequitur
810 2794 944 2849 ergo
966 2778 1245 2834 Matthzeus
1262 2816 1278 2842 ,
1312 2783 1366 2829 et
1389 2774 1516 2828 dicit
1540 2791 1553 2826 ε
1587 2771 1741 2827 Mane
1765 2778 1929 2825 autem

342 2874 508 2945 facta,
537 2873 802 2927 consilium
825 2872 1044 2925 inierunt
1073 2885 1244 2924 omnes
1274 2867 1524 2937 principes
1550 2864 1864 2921 sacerdotum
1881 2872 1929 2918 et

338 2965 558 3020 seniores
595 2963 768 3034 pepuli
809 2963 1046 3017 adversus
1072 2959 1285 3026 Iesum,
1318 2968 1378 3013 ut
1416 2974 1529 3012 eum
1565 2956 1717 3010 morti
1758 2956 1930 3009 trade-

339 3061 452 3110 rent
476 3069 497 3109 :
521 3063 568 3108 et
594 3054 811 3107 vinctum
835 3052 1153 3106 adduxerunt
1182 3066 1314 3115 eum,
1338 3058 1383 3102 et
1404 3047 1718 3101 tradiderunt
1742 3044 1931 3099 Pontio

341 3143 517 3200 Pilato
545 3146 751 3218 praesidi
777 3144 988 3215 (Matth.
1018 3159 1166 3200 xxvn
1184 3186 1199 3211 ,
1223 3142 1390 3213 MO).
1417 3141 1623 3195 Marcus
1646 3139 1928 3198 similiter:

341 3234 414 3291 Et
441 3238 702 3308 confestim
731 3254 906 3304 mane,
948 3236 1122 3307 inquit
1145 3278 1159 3301 ,
1190 3234 1458 3289 consilium
1487 3235 1723 3304 facientes
1748 3234 1931 3286 summi

340 3329 623 3382 sacerdotes
652 3344 765 3380 cum
791 3327 1067 3381 senioribus
1096 3336 1143 3381 et
1166 3326 1357 3381 Scribis
1376 3335 1421 3379 et
1444 3325 1673 3378 universo
1693 3322 1928 3392 concilio,

341 3418 612 3474 vincientes
632 3416 809 3471 Iesum
838 3418 1088 3471 duxerunt
1116 3426 1162 3470 et
1191 3416 1507 3469 tradiderunt
1535 3414 1705 3467 Pilato
1736 3414 1928 3484 (Marc.

342 3523 436 3575 xv,
466 3508 541 3581 1).
571 3508 741 3563 Lucas
772 3516 949 3562 autem
987 3514 1332 3578 posteaquam
1359 3506 1645 3575 complevit
1666 3502 1933 3559 narrando

344 3602 489 3659 Petri
518 3603 895 3673 negationem,
944 3600 1311 3669 recapitulavit
1362 3614 1479 3669 quae
1534 3614 1655 3652 cum
1704 3596 1932 3651 Domino

345 3701 494 3764 gesta
522 3703 664 3761 sunt,
686 3693 795 3763 jam
814 3704 876 3747 ut
900 3699 1141 3761 apparet,
1163 3690 1305 3745 circa
1326 3703 1500 3756 mane,
1523 3697 1680 3758 atque
1710 3687 1780 3742 ita
1806 3701 1930 3742 con-

344 3784 515 3838 texuit
550 3784 909 3837 narrationem
941 3800 955 3837 :
988 3773 1058 3835 Et
1081 3782 1175 3835 viri
1202 3781 1290 3853 qui
1328 3782 1560 3833 tenebant
1599 3781 1782 3843 illum,
1808 3778 1935 3831 illu-

350 3874 533 3927 debant
561 3874 604 3927 ei
623 3914 639 3942 ,
661 3875 905 3928 cadentes
918 3889 938 3939 ;
965 3880 1012 3926 et
1037 3872 1322 3926 velaverunt
1347 3887 1459 3925 eum
1478 3912 1495 3938 ,
1527 3880 1571 3922 et
1595 3868 1933 3940 percutiebant

346 3964 527 4038 faciem
554 3965 663 4030 eius
682 4005 695 4029 ,
723 3971 769 4017 et
796 3963 1167 4036 interrogabant
1215 3978 1331 4017 eum
1349 4002 1364 4026 ,
1394 3962 1616 4015 dicentes
1644 3976 1663 4014 :
1694 3958 1933 4028 Prophe-

345 4056 478 4124 tiza,‘
506 4056 617 4127 quis
641 4065 711 4110 est
744 4056 829 4126 qui
855 4066 901 4110 te
922 4055 1207 4129 percussit?
1244 4052 1311 4108 Et
1350 4056 1454 4108 alia
1493 4055 1653 4108 multa
1695 4053 1931 4122 blasphe-

344 4157 538 4204 ntantes
561 4147 786 4202 dicebant
813 4149 864 4203 in
894 4164 1025 4202 eum.
1060 4145 1126 4201 Et
1151 4157 1208 4201 ut
1231 4151 1395 4218 factus
1425 4156 1496 4202 est
1521 4146 1627 4201 dies
1645 4187 1660 4212 ,
1692 4162 1934 4200 convene-

346 4252 467 4298 runt
491 4243 707 4298 seniores
734 4242 888 4312 plebis
913 4250 959 4295 et
992 4242 1241 4311 principes
1265 4242 1581 4295 sacerdotum
1622 4249 1671 4294 et
1702 4238 1931 4306 Scribw;

347 4342 397 4390 et
415 4335 665 4389 duxerunt
689 4333 836 4388 illum
862 4333 915 4386 in
944 4333 1209 4387 concilium
1227 4349 1395 4399 suum,
1425 4334 1645 4389 dicentes
1672 4348 1692 4389 :
1719 4335 1781 4389 Si
1804 4344 1861 4387 tu
1882 4350 1933 4389 es

349 4425 610 4495 Christus,
656 4425 736 4481 dic
760 4424 920 4481 nobis.
950 4422 1020 4479 Et
1058 4426 1128 4478 ait
1162 4425 1266 4480 illis
1294 4442 1315 4480 :
1344 4424 1405 4481 Si
1434 4426 1570 4481 vobis
1593 4426 1798 4493 dixero,
1830 4443 1933 4480 non

348 4519 560 4575 credetis
588 4519 752 4586 mihi;
779 4519 823 4573 si
851 4528 1016 4573 autem
1042 4527 1089 4571 et
1111 4517 1509 4588 interrogauero,
1538 4534 1638 4571 non
1658 4516 1932 4587 responde-

347 4612 464 4667 bitis
491 4613 613 4665 mihi
632 4655 646 4677 ,
690 4627 848 4681 neque
891 4610 1148 4665 dimittetis
1173 4624 1195 4664 :
1222 4624 1284 4661 ea:
1306 4609 1401 4661 hoc
1441 4616 1609 4661 autem
1645 4607 1736 4661 erit
1764 4606 1934 4662 Filius

350 4704 567 4758 hominis
612 4704 789 4757 sedens
817 4719 848 4755 a
876 4702 1064 4756 dextris
1090 4702 1285 4755 virtutis
1328 4698 1443 4754 Dei.
1485 4699 1732 4755 Dixerunt
1771 4710 1935 4755 autem

347 4808 522 4848 omnes
551 4809 571 4848 :
600 4790 677 4847 Tu
709 4807 827 4863 ergo
865 4808 919 4846 es
952 4789 1121 4845 Filius
1151 4790 1283 4844 Dei?
1322 4789 1431 4855 Qui
1457 4792 1528 4843 ait
1551 4805 1573 4846 :
1606 4789 1710 4844 Vos
1733 4790 1897 4845 dicitis
1916 4833 1931 4860 ,

348 4886 466 4955 quia
495 4901 583 4955 ego
610 4899 739 4936 sum.
786 4883 849 4935 At
876 4882 955 4936 illi
977 4880 1211 4935 dixerunt
1238 4897 1257 4935 :
1288 4880 1425 4946 Quid
1465 4880 1631 4934 adhuc
1676 4881 1934 4959 desidera-~

348 4991 461 5029 mus
491 4974 823 5029 testimonium
840 4972 868 5027 7
892 4971 1003 5045 Ipsi
1027 4972 1160 5027 enim
1188 4972 1471 5026 audivimus
1500 4972 1562 5026 de
1585 4989 1670 5026 ore
1708 4973 1835 5044 ejus.
1867 4972 1935 5026 Et

348 5078 557 5138 surgens
581 5067 743 5122 omnis
778 5066 1044 5120 multitudo
1072 5082 1246 5120 eorum
1272 5065 1522 5119 duxerunt
1545 5082 1659 5120 eum
1686 5066 1755 5119 ad
1787 5065 1935 5120 Pila-

352 5169 456 5215 tum
504 5159 653 5230 (Luc.
681 5174 829 5227 xxu,
867 5157 1261 5231 63;xx1u,i).
1312 5157 1439 5213 Haec
1484 5158 1659 5213 omnia
1704 5160 1938 5215 narravit

351 5252 557 5319 Lucas;
600 5253 687 5308 ubi
712 5251 1025 5323 intelligitur
1047 5252 1187 5322 quod
1216 5252 1377 5307 etiam
1406 5251 1689 5309 Mattbteus
1717 5263 1771 5310 et
1796 5254 1936 5311 Mar-

350 5357 449 5399 cus
503 5352 889 5409 narraverunt,
942 5343 1084 5413 quod
1150 5343 1506 5414 interrogatus
1558 5346 1626 5399 sit
1682 5346 1938 5402 Dominus

351 5432 530 5493 utrum
574 5437 688 5509 ipse
721 5445 863 5493 esset
898 5437 1066 5492 Filius
1100 5438 1235 5506 Dei,
1274 5446 1329 5493 et
1369 5439 1510 5509 quod
1548 5440 1770 5509 dixerit,
1811 5440 1939 5495 Dico

351 5527 518 5597 vobis,
551 5526 732 5584 amodo
756 5528 981 5583 videbitis
1017 5526 1209 5583 Filium
1234 5529 1448 5585 hominis
1476 5530 1727 5585 sedentem
1755 5547 1787 5585 a
1812 5531 1941 5586 dea:-

354 5623 446 5683 lt‘is
470 5624 665 5679 virtutis
685 5625 705 5657 ³
721 5665 736 5691 ,
766 5632 811 5679 et
834 5623 1111 5678 venientem
1145 5624 1199 5678 in
1223 5622 1435 5678 nubibus
1460 5624 1570 5679 cali
1587 5665 1603 5692 ,
1639 5624 1752 5695 jam
1792 5624 1939 5681 luce-

421 5736 812 5807 ίωὶιίυνήτααίε
844 5737 1412 5803 Mammenvooem,
1444 5733 1555 5803 Dei.
1586 5735 1946 5805 hocbco,non

1687 275 1889 333 LIBER
1926 271 2243 333 TERTIUS.

2080 17 2239 76 v

3465 273 3604 331 H74

2022 398 2205 445 scente
2234 386 2319 444 die
2343 398 2553 460 gestum
2571 426 2592 457 ,
2618 384 2831 459 quando
2856 386 3029 444 Lucas
3056 386 3219 454 dicit,
3246 385 3317 444 Et
3352 397 3407 444 ut
3436 395 3601 462 factus

2023 492 2095 537 est
2120 482 2225 536 dies
2252 496 2270 537 :
2296 489 2455 553 atque
2476 480 2550 537 ita
2570 489 2753 535 narrat
2772 478 2971 535 similia
2990 520 3006 545 ,
3027 480 3125 535 etsi
3150 479 3279 551 quid
3303 481 3462 537 etiam
3489 483 3604 552 ipse

2022 580 2404 628 commorat
2424 570 2566 643 quod
2586 571 2667 626 illi
2688 578 2989 626 tacuerunt.
3015 568 3186 627 Nocte
3202 580 3380 626 autem
3406 573 3605 629 intelli-

2022 668 2193 737 gimus
2219 679 2317 736 per
2338 663 2501 720 falsos
2518 672 2686 720 testes
2708 672 2886 720 aetum
2914 677 3034 720 esse
3050 677 3172 719 cum
3196 664 3441 730 Domino,
3459 665 3603 736 quod
3664 688 3682 709 ο

2022 755 2257 812 breviter
2282 765 2833 813 cornmemoravernut
2871 754 3149 811 Mattbteus
3168 764 3224 812 et
3242 754 3451 811 Marcus
3466 798 3479 822 ,
3507 755 3611 811 Lu-

2025 861 2115 903 cas
2140 850 2337 917 tacuit,
2364 850 2453 920 qui
2476 848 2750 905 enarravit
2782 863 2903 921 quae
2937 847 3081 907 circa
3106 864 3265 904 mane
3280 857 3412 903 sunt
3439 858 3611 920 gesta.

2024 941 2157 999 Nam
2185 951 2239 998 et
2264 942 2371 1011 illi,
2398 942 2453 999 id
2472 953 2554 999 est
2572 942 2847 999 Matthieus
2874 950 2929 1000 et
2954 941 3181 1011 Marcus,
3222 953 3610 999 contexuerunt

2028 1034 2388 1089 narrationem
2419 1034 2471 1088 in
2498 1032 2563 1089 lis
2590 1050 2709 1104 quae
2734 1048 2857 1089 cum
2878 1033 3105 1089 Domino
3132 1042 3251 1089 acta
3276 1043 3401 1088 sunt
3439 1050 3610 1105 usque

2027 1124 2094 1179 ad
2121 1140 2277 1180 mane
2310 1143 2324 1179 :
2357 1124 2451 1181 sed
2479 1134 2664 1196 postea
2704 1125 2979 1183 redierunt
3014 1126 3080 1181 ad
3121 1126 3437 1181 narrandam
3468 1126 3613 1181 Petri

2027 1218 2395 1287 negationem;
2441 1231 2545 1287 qua
2584 1218 2865 1273 terminata
2903 1216 3181 1273 redierunt
3224 1217 3288 1272 ad
3319 1233 3510 1287 mane,
3556 1227 3615 1273 ut

2029 1310 2153 1366 inde
2175 1318 2365 1367 caetera
2390 1319 2758 1379 eomexerent,
2785 1326 3057 1383 quousque
3079 1312 3464 1381 perducerent‘
3493 1327 3612 1381 qure

2029 1416 2149 1457 cum
2163 1401 2388 1457 Domino
2402 1412 2517 1457 aeta
2532 1411 2703 1470 erant,
2716 1402 2811 1459 sed
2822 1403 3056 1458 nondum
3069 1410 3618 1458 commemoraverunt

2030 1494 2169 1565 quod
2197 1509 2355 1548 mane
2384 1492 2578 1549 factum
2596 1501 2739 1550 esset
2766 1495 2975 1567 (Matth.
3002 1509 3159 1562 xxvr,
3179 1494 3356 1562 59-75,
3380 1503 3425 1547 et
3448 1493 3613 1547 Marc.

2028 1601 2146 1655 XIV,
2173 1585 2381 1659 55-72).
2423 1585 2655 1643 Joannes
2684 1602 2894 1658 quoque
2912 1630 2925 1649 ,
2955 1602 3072 1641 eum
3112 1602 3172 1641 ea
3215 1602 3332 1657 qua:
3360 1601 3479 1641 cum
3508 1586 3615 1638 Do—

2030 1678 2177 1733 mino
2201 1686 2349 1747 gesta
2386 1686 2509 1733 sunt
2547 1693 2614 1733 ex
2655 1686 2847 1748 quanta
2872 1687 3022 1748 parte
3048 1678 3218 1733 risum
3246 1685 3359 1745 est,
3390 1687 3443 1732 et
3470 1676 3614 1731 Petri

2032 1772 2363 1839 negationem
2407 1777 2574 1823 totam
2619 1777 3123 1845 commemorasset,
3165 1768 3432 1822 Adducunt
3462 1784 3609 1839 ergo,

2032 1862 2227 1932 inquit,
2259 1863 2434 1917 Jcsum
2462 1863 2528 1916 ad
2572 1860 2817 1932 Caipham
2856 1862 2907 1917 in
2954 1863 3260 1933 praetorium.
3291 1861 3421 1916 Erat
3446 1870 3613 1915 autem

2032 1969 2181 2007 mane
2215 1952 2394 2024 (Joan.
2421 1968 2586 2021 xvtn,
2613 1952 2708 2025 28)
2740 1969 2755 2007 :
2788 1954 2876 2008 ubi
2900 1952 3243 2023 intelligimus
3269 1960 3359 2006 aut
3381 1952 3611 2022 aliquam

2032 2044 2193 2100 fuisse
2231 2060 2443 2100 causam
2488 2060 2607 2116 qua:
2644 2046 2876 2116 coegerit
2900 2046 3153 2115 Caipham
3184 2060 3301 2099 esse
3341 2045 3393 2099 in
3419 2051 3615 2114 practo-
3674 2059 3696 2078 ο

2030 2136 2144 2205 rio,
2173 2152 2273 2191 nec
2297 2151 2417 2192 esse
2442 2147 2759 2208 prtcsentem
2788 2152 2908 2192 cum
2936 2137 3024 2190 alii
3062 2136 3325 2206 principes
3364 2134 3617 2190 sacerdo—

2032 2237 2143 2283 tum
2170 2228 2425 2284 habercnt
2454 2229 2521 2284 de
2548 2229 2772 2283 Domino
2800 2229 3183 2299 quaestionem;
3233 2236 3323 2282 aut
3363 2228 3414 2282 in
3457 2226 3618 2282 domo

2031 2318 2147 2389 ejus
2192 2319 2359 2375 fuisse
2379 2321 2685 2389 pnetorium
2707 2320 2784 2392 (ιι)
2817 2337 2831 2375 :
2864 2329 3041 2375 tamen
3067 2319 3133 2374 ad
3164 2320 3335 2389 ipsum
3371 2319 3439 2374 ab
3468 2318 3621 2373 initio

2030 2409 2344 2475 ducebatur,
2384 2410 2450 2464 ad
2488 2426 2646 2480 quem
2694 2411 2748 2464 in
2795 2417 3037 2466 extremo
3067 2410 3353 2481 perductus
3378 2418 3477 2465 est.
3512 2409 3619 2465 Sed

2032 2500 2153 2569 quia
2180 2499 2290 2569 jam
2320 2509 2567 2570 tanquam
2597 2503 2897 2555 convictum
2924 2518 3074 2556 reum
3112 2501 3469 2568 adducebant,
3494 2501 3620 2555 Cai-

2033 2591 2153 2662 phre
2180 2604 2355 2646 autem
2396 2594 2505 2661 jam
2544 2600 2698 2647 antea
2728 2592 2900 2647 visum
2926 2594 3092 2647 fuerat
3120 2602 3177 2649 ut
3198 2594 3352 2648 Jesus
3379 2608 3621 2648 morere-

2033 2691 2136 2747 tur,
2164 2682 2306 2738 nulla
2329 2695 2476 2736 mora
2504 2683 2817 2752 interposita
2846 2692 2928 2738 est
2951 2685 3076 2754 quin
3106 2683 3427 2740 occidendus
3450 2684 3622 2740 Pilato

2034 2772 2352 2829 traderetur.
2383 2773 2512 2839 Quae
2540 2774 2697 2844 igitur
2721 2789 2816 2843 per
2841 2774 3066 2829 Pilatum
3087 2789 3208 2831 cum
3230 2776 3453 2830 Domino
3471 2784 3620 2846 gesta

2034 2873 2190 2931 sunt,
2220 2865 2293 2921 ita
2317 2864 2596 2920 Mattilmus
2625 2875 2825 2920 narrat.

2103 2958 2193 3014 28.
2240 2960 2317 3014 Ac
2335 2959 2565 3029 primum
2590 2960 2825 3013 excurrit
2852 2957 2973 3013 inde
2997 3000 3012 3025 ,
3042 2966 3097 3013 ut
3124 2965 3507 3013 commemoret
3529 2972 3622 3013 ex.

2034 3053 2166 3108 itum
2197 3052 2347 3109 Iudae
2394 3052 2697 3119 traditoris,
2748 3068 2907 3124 quem
2947 3051 3091 3107 solus
3121 3052 3386 3117 narravit,
3428 3052 3499 3106 ita
3544 3049 3625 3105 di-

2035 3158 2161 3198 cens
2190 3142 2381 3197 :‘Tunc
2408 3142 2579 3197 videns
2613 3142 2779 3197 Iudas
2797 3186 2810 3209 ,
2838 3144 2924 3212 qui
2949 3160 3061 3197 eum
3077 3143 3294 3196 tradidit
3314 3182 3329 3209 ,
3366 3142 3487 3214 quia
3531 3139 3626 3195 da-

2038 3244 2238 3288 mnatus
2262 3244 2405 3301 esset,
2425 3234 2715 3305 poenitentia
2743 3234 2941 3298 ductus,
2958 3234 3127 3288 retulit
3150 3235 3355 3304 triginta
3367 3241 3625 3303 argenteos

2036 3326 2343 3399 principibus
2377 3328 2691 3380 sacerdotum
2718 3336 2762 3381 el
2789 3325 3065 3380 senioribus
3085 3368 3100 3392 ,
3131 3326 3299 3379 dicens
3326 3340 3345 3380 .'
3379 3323 3625 3393 Peccavi,

2037 3422 2240 3475 tradens
2288 3420 2585 3491 sanguinem
2619 3418 2837 3490 justum.
2879 3418 2943 3472 At
2986 3418 3062 3472 illi
3101 3417 3374 3472 dixerunt:
3405 3415 3539 3483 Quid
3560 3415 3628 3469 ad

2036 3511 2162 3565 nos?
2184 3521 2237 3565 tu
2272 3511 2474 3565 videris.
2501 3510 2567 3563 Et
2604 3511 2842 3581 projectis
2868 3510 3113 3582 argenteis
3138 3511 3188 3563 in
3216 3510 3399 3579 templo
3420 3552 3435 3578 ,
3470 3525 3630 3564 reces-

2035 3602 2137 3665 sit;
2169 3612 2215 3655 et
2236 3602 2405 3656 abiens
2427 3644 2441 3667 ,
2478 3602 2653 3671 laqueo
2679 3620 2732 3656 se
2755 3603 3035 3673 suspendit.
3066 3584 3330 3674 Principes
3357 3611 3525 3655 autem
3543 3618 3628 3656 sa-

2037 3693 2295 3748 cerdotum
2331 3694 2547 3762 acceptis
2590 3695 2870 3765 argenteis,
2917 3694 3150 3748 dixerunt
3185 3710 3205 3748 :
3246 3693 3366 3749 Non
3396 3696 3508 3748 licet
3544 3712 3628 3750 eos

2038 3788 2232 3841 mittere
2250 3788 2301 3840 in
2328 3786 2597 3841 carbonum
2616 3829 2630 3854 ,
2656 3788 2771 3857 quia
2795 3787 3010 3857 pretium
3028 3787 3290 3858 sanguinis
3317 3796 3407 3841 est.
3442 3783 3625 3842 Consi-

2039 3877 2108 3931 lio
2135 3886 2303 3931 autem
2323 3878 2479 3945 inito,
2510 3887 2733 3931 emerunt
2760 3894 2823 3932 ea:
2849 3877 2954 3931 illis
2990 3895 3167 3949 agrth
3200 3878 3346 3949 ﬁguli
3377 3877 3431 3930 in
3460 3877 3632 3949 sepul-

2040 3976 2204 4022 turam
2232 3970 2611 4040 peregrinorum
2646 3983 2664 4023 :
2705 3977 2909 4040 propter
2937 3968 3030 4022 hoc
3056 3976 3257 4023 vocatus
3300 3977 3370 4022 est
3403 3985 3524 4040 ager
3545 3965 3633 4021 ille

2038 4059 2425 4125 Acheldemach,
2456 4059 2548 4113 hoc
2573 4068 2643 4114 est
2661 4100 2677 4127 ,
2701 4059 2833 4131 Ager
2857 4060 3137 4131 sanguinis,
3162 4076 3318 4134 usque
3344 4060 3396 4121 in
3422 4058 3625 4114 hodier-

2037 4166 2158 4206 num
2188 4151 2340 4206 diem.
2362 4149 2506 4205 Tunc
2525 4151 2786 4220 impletum
2805 4151 3032 4221 estquod
3051 4152 3239 4204 dictum
3268 4159 3340 4204 est
3366 4167 3453 4220 per
3478 4149 3630 4204 Jcrc-

2038 4242 2191 4296 m'iam
2220 4244 2518 4315 prophetam
2552 4242 2795 4297 dicentem
2830 4257 2850 4298 :
2881 4241 2947 4296 Et
2971 4251 3267 4312 acceperunt
3297 4242 3505 4313 triginta
3542 4258 3630 4294 ar-

2036 4347 2237 4409 genteos
2282 4337 2493 4408 pretium
2536 4335 2839 4406 appretiati,
2891 4351 3039 4403 quem
3084 4334 3489 4405 appreliaverunt
3532 4333 3632 4404 ﬁlii

2036 4425 2203 4481 Israel
2228 4428 2272 4493 ',
2300 4436 2345 4480 ct
2372 4426 2611 4480 dederunt
2628 4440 2709 4479 eos
2732 4426 2783 4478 in
2809 4440 2987 4497 agrum
3014 4423 3191 4496 ﬁguli,
3218 4425 3347 4479 sicut
3374 4424 3631 4479 constituit

2038 4517 2161 4572 mihi
2191 4517 2454 4572 Dominus.

2102 4608 2201 4664 ‘29.
2238 4606 2302 4662 Si
2333 4608 2451 4677 quis
2475 4614 2651 4661 autem
2678 4615 2921 4661 movetur
2958 4605 3099 4677 quod
3128 4606 3231 4663 hoc
3265 4609 3625 4666 testimonium

2041 4714 2146 4755 non
2169 4698 2435 4754 invenitur
2461 4698 2517 4753 in
2539 4697 2808 4768 Scriptura
2828 4696 3072 4753 Jercmia:
3097 4699 3369 4771 prOpbetae
3388 4743 3402 4766 ,
3426 4708 3481 4757 et
3511 4701 3629 4757 ideo

2041 4799 2193 4864 putat
2240 4792 2363 4846 lidei
2402 4790 2759 4861 Evangelistaa
2797 4788 2990 4859 aliquid
3029 4790 3422 4863 derogandum;
3456 4792 3628 4862 primo

2042 4884 2251 4940 noverit
2272 4897 2377 4937 non
2403 4896 2587 4936 omnes
2608 4881 2819 4936 codices
2837 4880 3242 4953 Evangeliorum
3266 4884 3463 4938 habere
3490 4884 3630 4954 quod

2041 4989 2140 5047 per
2162 4972 2447 5030 Jeremiam
2478 4972 2677 5028 dictum
2716 4973 2818 5041 sit,
2862 4974 2959 5029 sed
2988 4976 3352 5030 tantummodo
3384 4993 3479 5048 per
3509 4992 3631 5047 pro-

2041 5068 2279 5141 phetam.
2322 5068 2618 5124 ‘Possumus
2655 5082 2782 5138 ergo
2822 5066 3002 5123 dicere
3039 5067 3121 5123 bis
3162 5070 3333 5139 potius
3361 5069 3631 5125 codicibus

2042 5183 2266 5236 videmus
2299 5182 2349 5232 in
2371 5191 2499 5242 Mss,
2524 5194 2618 5231 nec
2641 5193 2749 5245 eam
2772 5181 2822 5230 in
2843 5181 3053 5245 antiquis
3073 5181 3448 5245 Qorbeiensibus
3470 5183 3635 5245 13mm;
3731 5202 3737 5209 .

2042 5252 2365 5309 repraesentat
2404 5241 2570 5309 versio
2612 5241 2810 5309 Vulgata
2831 5256 2947 5309 __seu
2961 5241 3149 5309 '_Ma_ttb.
3192 5256 3297 5308 cap.
3334 5243 3413 5303 26,
3456 5241 3503 5294 v.
3543 5242 3633 5305 63;

2040 5303 2135 5360 seu
2177 5316 2312 5357 Marc.
2337 5319 2444 5369 cap.
2470 5305 2551 5367 44,
2574 5318 2623 5355 v.
2640 5303 2726 5365 ως
2759 5305 2938 5367 quibus
2964 5305 3089 5357 locis
3108 5303 3471 5358 abest'etiamaa
3494 5303 3635 5358 textu

2044 5383 2562 5501 πῗοιιῗέθρξεπ)
2576 5426 2923 5501 redieram

2107 5495 2128 5526 ³
2152 5488 2375 5542 tri-sacris
2390 5488 2627 5555 ttibliis,}a
2782 5488 2949 5555 Israel.

2109 5554 2182 5628 (ᾳ)
2215 5550 2625 5628 Allujuslecgtionis
2648 5550 3015 5628 'dillicultatem‘,
3146 5554 3635 5628 exemplarlﬁcihcet

2043 5613 2310 5678 proiectam
2332 5627 2429 5663 non
2449 5615 2640 5678 sincero
2654 5649 2669 5674 ,
2687 5613 3081 5678 quandoquidem
3105 5613 3323 5666 in’sacri's
3350 5613 3512 5667 Bililiis
3536 5630 3631 5667 non

2044 5676 2112 5731 ad
2130 5676 2380 5750 Caiphant,
2398 5676 2489 5750 sed
2510 5676 2759 5750 af’atplttt,
2772 5676 2941 5750 grite},
3176 5678 3367 5750 naipha
3392 5681 3629 5743 legimus.

2051 5740 2293 5805 expedire
2316 5746 2514 5791 conatur
2536 5740 2713 5792 iterum
2736 5740 2786 5790 in
2807 5746 2941 5791 toan.
2961 5740 3114 5792 't‘ract.
3135 5740 3244 5792 114.
