4076 6474
449 344 589 406 1175

449 476 568 519 esse
595 458 953 527 credendum,
983 459 1073 530 qui
1117 457 1362 514 Jeremizc
1410 472 1605 513 nomen
1648 471 1753 512 non
1795 456 2023 521 habent;

447 552 649 610 dictum
675 563 755 611 est
779 553 921 610 enim
952 553 1052 609 hoc
1077 567 1171 622 per
1195 551 1503 623 prophetam
1521 592 1537 618 ,
1559 549 1651 616 sed
1678 549 2022 606 Zachariam:

380 692 400 715 ,
448 645 589 700 unde
616 653 846 715 putatur,
875 644 1086 701 codices
1110 656 1229 698 esse
1256 641 1542 697 mendosos
1568 641 1654 711 qui
1697 640 1894 696 habent
1932 656 2027 695 no.

447 752 573 792 men
601 737 843 793 Jeremim
860 778 876 805 ,
909 736 1031 807 quia
1056 736 1139 792 vel
1165 734 1434 790 Zachariae
1475 734 1669 790 habere
1694 730 2022 799 debuerunt’,

445 828 532 884 vel
562 829 757 889 nullius
775 870 790 896 ,
830 828 967 884 sicut
993 827 1236 899 quidam,
1268 828 1361 882 sed
1389 836 1591 882 tantum
1618 843 1706 897 per
1733 826 2026 897 praphetam

445 919 689 974 dicentem
709 959 724 984 ,
752 920 838 990 qui
866 920 1047 990 utique
1075 920 1382 991 intelligitur
1400 919 1700 974 Zacharias.
1724 918 1831 974 Sed
1852 927 2027 973 utatur

444 994 543 1063 isla
571 1010 908 1075 defensione,
938 1013 1021 1065 cui
1054 1013 1260 1082 placet:
1290 1011 1417 1065 mihi
1445 1021 1621 1067 autem
1653 1026 1749 1066 cur
1776 1026 1878 1065 non
1910 1012 2024 1081 pla-

444 1109 591 1166 ceat,
636 1100 751 1156 haec
790 1116 948 1157 causa
974 1111 1089 1169 est,
1126 1102 1246 1172 quia
1277 1109 1330 1158 et
1354 1102 1535 1171 plures
1574 1102 1784 1157 codices
1832 1101 2026 1156 habent

442 1188 684 1245 Jeremite
710 1206 938 1257 nomen;
983 1202 1038 1248 et
1079 1194 1167 1263 qui
1210 1192 1510 1263 diligentius
1539 1192 1594 1247 in
1630 1193 1818 1263 graecis
1842 1208 2024 1247 exem-

442 1280 674 1350 plaribus
702 1282 1046 1355 Evangelium
1084 1284 1550 1341 consideraverunt
1570 1326 1587 1352 ,
1618 1284 1673 1339 in
1716 1284 2025 1354 antiquiori-

443 1372 541 1427 bus
566 1373 754 1443 grtecis
796 1374 865 1435 ita
895 1391 953 1432 se
995 1376 1276 1446 perhibent
1301 1376 1608 1432 invenisse:
1651 1386 1702 1432 et
1745 1376 1887 1430 nulla
1927 1375 2025 1430 fuit

439 1476 599 1518 causa
624 1479 718 1519 cur
742 1465 1024 1522 adderetur
1058 1466 1158 1523 hoc
1195 1482 1388 1523 nomen
1414 1507 1431 1534 ,
1478 1475 1538 1523 ut
1578 1466 1901 1522 mendositas
1930 1467 2024 1520 lic-

441 1566 554 1621 rct;
585 1571 680 1612 cur
701 1566 877 1613 autem
903 1558 969 1615 de
996 1560 1264 1615 nonnullis
1282 1559 1554 1615 codicibus
1593 1560 1865 1614 tolleretur
1883 1598 1898 1625 ,
1928 1556 2025 1612 fuit

441 1649 623 1719 utique
647 1652 833 1717 causa,
865 1660 923 1704 ut
966 1651 1069 1707 hoc
1112 1651 1281 1706 audax
1327 1652 1590 1720 imperitia
1630 1650 1857 1715 faceret,
1900 1664 2023 1705 cum

441 1739 745 1795 turbaretur
780 1741 1074 1810 quaestione
1096 1783 1111 1808 ,
1162 1742 1305 1812 quod
1346 1742 1449 1797 hoc
1490 1739 1849 1796 testimonium
1883 1739 2021 1809 apud

441 1830 722 1887 Jeremiam
756 1847 857 1887 non
887 1832 1233 1889 inveniretur.

514 1923 601 1979 '50.
642 1925 777 1990 Quid
808 1941 933 1996 ergo
959 1925 1356 1996 intelligendum
1396 1934 1509 1989 est,
1554 1924 1657 1978 nisi
1702 1923 1804 1978 hoc
1847 1928 2024 1977 actum

376 2064 397 2081 ,
444 2029 563 2070 esse
592 2017 880 2071 secretiore
910 2018 1131 2071 consilio
1161 2017 1508 2087 providentia:
1538 2015 1662 2080 Dei,
1691 2029 1793 2084 qua
1820 2022 2025 2068 mentes

444 2107 896 2179 Evangelistarum
939 2119 1062 2164 sunt
1085 2109 1426 2179 gubernatur?
1452 2108 1628 2161 Potuit
1656 2107 1797 2161 enim
1828 2106 1942 2161 ﬁeri
1970 2114 2025 2161 ut

445 2198 620 2252 animo
651 2198 874 2253 Mallhu‘i
913 2199 1254 2268 Evangelinm
1287 2198 1669 2252 conscribeutis
1698 2213 1791 2267 pro
1819 2197 2020 2252 Zacha-

446 2288 523 2340 ria
564 2273 819 2341 Jeremias
862 2299 1197 2353 occurreret,
1236 2297 1292 2342 ut
1338 2287 1447 2341 ficri
1476 2287 1645 2352 solet,
1679 2286 1816 2356 quod
1850 2296 2023 2341 tamen

446 2370 559 2423 sine
590 2373 690 2425 ulla
722 2373 1046 2427 dubitatione
1075 2371 1412 2433 emendaret,
1465 2371 1652 2425 saltem
1689 2372 1756 2425 ab
1782 2372 1897 2425 aliis
1927 2370 2025 2425 ad-

447 2463 708 2531 monitus,
739 2465 823 2533 qui
855 2465 968 2533 ipso
996 2464 1167 2518 adhuc
1201 2463 1254 2517 in
1285 2478 1449 2518 carne
1478 2462 1685 2517 vivente
1716 2465 1817 2517 hoc
1852 2464 2028 2534 legere

447 2564 762 2623 potuerunt,
794 2557 889 2611 nisi
919 2557 1173 2626 cogitaret
1203 2554 1556 2610 recordationi
1589 2569 1698 2609 sua:
1719 2597 1733 2619 ,
1765 2570 1882 2625 quae
1907 2570 2030 2610 san-

447 2654 534 2700 cto
571 2647 765 2715 Spiritu
808 2646 1108 2716 regebatur,
1157 2660 1263 2701 non
1312 2644 1506 2700 frustra
1550 2646 1849 2699 occurrisse
1888 2644 2028 2699 aliud

448 2752 548 2809 pro
574 2738 677 2793 alio
706 2753 898 2793 nomen
929 2737 1228 2809 prophetas,
1270 2738 1370 2792 nisi
1398 2738 1520 2808 quia
1547 2738 1617 2791 ita
1646 2738 1898 2793 Dominus
1927 2737 2031 2792 hoc

450 2832 610 2888 scribi
637 2834 925 2889 constituit.
954 2835 1063 2889 Cur
1086 2842 1260 2889 autem
1289 2833 1359 2887 ita
1387 2832 1718 2887 constituerit
1744 2830 2026 2894 Dominus,

450 2925 621 2995 prima
663 2926 749 2980 illa
794 2941 950 2981 causa
994 2925 1276 2981 utilissima
1319 2924 1475 2980 debet
1505 2924 1748 2979 facillime
1777 2922 2026 2993 cogitari,

451 3019 612 3072 etiam
640 3018 716 3073 sic
741 3032 859 3073 esse
898 3018 1219 3073 insinuatum
1246 3017 1317 3072 ita
1344 3032 1530 3072 omnes
1558 3025 1768 3073 sanctos
1792 3015 2031 3086 Prophe-

454 3116 537 3162 tas
572 3123 680 3163 uno
712 3108 900 3177 spiritu
937 3109 1139 3163 locutos
1170 3108 1397 3163 mirabili
1427 3109 1563 3163 inter
1587 3124 1646 3164 se
1682 3109 2035 3165 consensione

454 3206 729 3264 constare,
757 3206 816 3253 ut
838 3198 1131 3255 hoc-multo
1151 3198 1379 3269 amplius
1406 3199 1506 3264 sit,
1535 3213 1694 3268 quam
1725 3198 1771 3253 si
1800 3200 2035 3255 omnium

457 3287 632 3342 omnia
660 3288 1040 3358 Prophetarum
1078 3305 1186 3345 uno
1225 3289 1380 3344 unius
1423 3289 1654 3344 hominis
1679 3304 1772 3345 ore
1799 3292 2039 3347 diceren-

456 3384 542 3432 tur
575 3396 589 3431 :
621 3387 676 3434 et
712 3380 831 3434 ideo
868 3380 1225 3435 indubitanter
1266 3379 1430 3448 accipi
1473 3379 1667 3435 debere
1694 3395 2039 3451 quaecumque

458 3483 558 3539 per
604 3483 700 3525 eos
757 3470 982 3541 Spiritus
1049 3480 1263 3526 sanctus
1316 3470 1475 3533 dixit,
1536 3478 1590 3525 et
1651 3471 1856 3541 singula
1921 3486 2040 3526 esse

459 3560 731 3625 omnium,
762 3569 817 3616 et
857 3562 1035 3616 omnia
1074 3562 1421 3631 singulorum.
1462 3560 1593 3616 Cum
1638 3563 1814 3633 igitur,
1847 3572 1900 3618 et
1922 3578 2041 3633 quae

460 3651 598 3706 dicta
629 3661 752 3708 sunt
777 3669 871 3723 per
893 3654 1176 3709 Jeremiam
1207 3662 1312 3708 tam
1343 3655 1449 3710 sint
1474 3655 1741 3711 Zacharim
1770 3670 1925 3723 quam
1949 3655 2040 3711 Je-

460 3745 672 3812 remize,
702 3755 757 3801 et
783 3763 900 3816 quae
927 3746 1065 3802 dicta
1092 3756 1216 3802 sunt
1240 3762 1336 3818 per
1366 3746 1675 3803 Zachariam
1705 3758 1808 3801 tam
1831 3748 1936 3802 sint
1956 3746 2045 3802 Je—

462 3837 647 3891 remizc
674 3853 830 3908 quam
860 3839 1127 3894 Zachariae
1145 3856 1176 3907 ;-
1202 3839 1329 3911 quid
1356 3854 1489 3911 opus
1515 3849 1627 3896 erat
1652 3849 1709 3894 ut
1735 3839 2045 3894 emendaret

465 3928 768 3995 Matthacus,
799 3946 916 3985 cum
944 3931 1084 3986 aliud
1110 3947 1208 4002 pro
1237 3932 1342 3987 alio
1361 3933 1459 3989 sibi
1482 3946 1676 3988 nomen
1699 3946 1986 3987 occurrens
2011 3946 2051 3985 at

464 4034 527 4075 se
550 4019 802 4089 scriptum
828 4023 1136 4092 relegisset;
1165 4038 1227 4081 ac
1254 4040 1356 4080 non
1387 4024 1560 4094 potius
1603 4038 1832 4094 sequens
1857 4032 2043 4078 aucto-

464 4112 676 4168 ritatem
701 4112 925 4183 Spiritus
950 4118 1114 4171 sancti
1134 4159 1148 4183 ,
1178 4132 1206 4170 a
1236 4132 1339 4187 quo
1368 4124 1596 4173 mentem
1624 4131 1773 4171 suam
1795 4116 1904 4187 regi
1927 4117 2045 4186 plus

465 4205 620 4260 nobis
642 4204 733 4260 ille
761 4206 938 4275 utique
963 4207 1222 4262 sentiebat
1239 4250 1253 4272 ,
1281 4208 1348 4261 ita
1373 4207 1473 4262 hoc
1499 4207 1753 4276 scriptum
1782 4206 2048 4276 relinque-

464 4304 581 4363 ret,
625 4296 761 4352 sicut
786 4312 907 4353 enm
952 4298 1284 4354 admonendo
1311 4298 1653 4353 constituerat
1678 4299 1725 4353 ei
1754 4297 2040 4365 Dominus,

465 4389 533 4444 ad
572 4390 933 4447 informandos
977 4407 1074 4447 nos
1110 4400 1305 4446 tantam
1334 4393 1619 4448 verborum
1648 4406 1864 4448 suorum
1903 4393 2049 4449 inter

466 4479 761 4551 Prophetas
806 4496 925 4538 esse
967 4483 1340 4550 concordiam,
1386 4494 1446 4538 ut
1491 4499 1597 4539 non
1634 4484 1896 4552 absurde,
1936 4484 2047 4542 imo

466 4573 949 4643 congruentissimc
991 4575 1149 4629 etiam
1189 4573 1432 4629 Jeremia:
1473 4574 1853 4646 deputaremus
1903 4577 2045 4647 quod

467 4678 568 4733 per
593 4663 901 4720 Zachariam
928 4664 1124 4721 dictum
1155 4667 1545 4737 reperiremus?
1592 4668 1647 4724 Si
1696 4670 1839 4725 enim
1889 4669 2047 4726 hodie

469 4753 745 4825 quisquam
767 4756 949 4812 volens
968 4756 1189 4827 alicujus
1214 4759 1371 4814 verba
1402 4758 1663 4826 indicare,
1689 4760 1830 4815 dicat
1854 4775 2047 4818 nomen

471 4847 693 4903 alterius
717 4864 745 4902 a
777 4865 881 4921 quo
907 4850 1043 4905 dicta
1078 4866 1183 4906 non
1209 4851 1315 4906 sint
1346 4853 1386 4917 ³,
1413 4851 1502 4921 qui
1525 4860 1701 4909 tamen
1730 4855 1800 4908 sit
1835 4855 2049 4910 amicis-

471 4940 637 4996 simus
664 4950 719 4997 et
747 4941 1096 4998 familiaritate
1115 4943 1579 5015 conjunctissimus
1605 4944 1677 4999 illi
1707 4947 1859 5017 cujus
1888 4948 2048 5004 verba

469 5031 651 5088 dicere
669 5034 867 5099 voluit;
899 5044 951 5090 et
975 5036 1225 5091 continuo
1251 5035 1560 5091 recordatus
1580 5036 1738 5091 alium
1758 5052 1854 5107 pro
1872 5038 1977 5094 alio
1991 5054 2051 5095 se

470 5120 689 5189 dixisse,
716 5124 786 5180 ita
810 5140 868 5180 se
891 5126 1101 5197 colligat
1125 5135 1281 5196 atque
1308 5127 1559 5198 corrigat,
1592 5135 1649 5182 ut
1674 5137 1848 5184 tamen
1876 5128 2046 5197 dicat,

468 5211 619 5269 Bene
643 5212 781 5279 dixi;
809 5215 929 5284 quid
951 5215 1094 5270 aliud
1117 5217 1323 5271 intuens
1338 5258 1353 5283 ,
1378 5216 1478 5272 nisi
1498 5225 1695 5272 tantam
1712 5219 1850 5273 inter
1865 5219 2051 5275 ambos

471 5320 592 5363 esse
616 5306 953 5362 concordiam
978 5348 993 5373 ,
1041 5308 1180 5363 inter
1209 5309 1353 5364 illum
1380 5309 1584 5367 scilicet
1610 5309 1761 5380 cujus
1781 5311 1941 5367 verba
1971 5311 2052 5367 di-

471 5413 597 5457 cere
611 5398 809 5467 voluit,
832 5407 885 5454 et
907 5398 1066 5453 alium
1089 5400 1240 5470 cujus
1254 5401 1301 5457 ei
1320 5416 1513 5458 nomen
1532 5418 1627 5473 pro
1660 5403 1799 5458 illius
1835 5403 2052 5462 nomine

471 5493 725 5561 occurrit,
765 5501 824 5548 ut
843 5492 947 5548 tale
961 5493 1147 5551 sithoc
1162 5496 1316 5552 istum
1333 5496 1550 5565 dixisse,
1569 5499 1724 5569 quale
1738 5499 1781 5554 si
1798 5499 1887 5554 ille
1899 5499 2055 5556 dixis-

472 5588 806 5659 set?quanto
832 5589 1001 5659 magis
1025 5588 1128 5645 hoc
1157 5590 1223 5645 de
1251 5590 1528 5661 Prophetis
1555 5595 1750 5650 sanctis
1766 5594 2056 5664 intelligen-

472 5677 598 5732 dum
618 5689 668 5734 et
693 5681 928 5737 maxime
942 5681 1416 5737 commendandum
1435 5682 1547 5749 fuit,
1564 5693 1619 5738 ut
1633 5687 1868 5741 omnium
1891 5684 2055 5742 libros

540 5800 554 5832 ί
582 5798 632 5845 tn
652 5799 758 5847 uss.
784 5808 935 5861 prope
956 5799 1191 5860 omnibus,
1219 5793 1416 5849 alterius
1435 5810 1467 5847 a
1482 5808 1576 5861 quo
1596 5795 1725 5850 dicta
1743 5799 1852 5851 sint.

1225 342 1315 399 DE
1348 337 1695 399 CONSENSU
1730 328 2375 404 EVANGELISTARUM,
2416 333 2474 392 S.
2514 332 2884 394 AUGUSTINI

3561 340 3707 402 H76

2134 463 2381 526 tanquam
2430 456 2584 510 unius
2632 471 2797 511 unum
2843 455 3035 513 librum
3073 458 3467 531 acciperemus,
3511 460 3568 516 in
3608 476 3723 532 quo

2132 548 2273 603 nulla
2299 563 2477 604 rerum
2506 548 2855 621 discrepantia
2875 551 3201 620 crederetur,
3228 555 3367 611 sicut
3392 553 3535 610 nulla
3554 555 3711 612 inve-

2131 640 2351 707 niretur,
2377 649 2431 696 et
2461 641 2511 695 in
2554 657 2657 711 quo
2701 642 2871 713 major
2906 653 3049 700 esset
3092 648 3387 701 constantia
3435 645 3710 714 veritatis,
3786 668 3795 675 ’

2130 745 2285 800 quam
2317 732 2359 784 si
2387 732 2561 786 omnia
2591 732 2678 787 illa
2708 750 2841 788 unus
2869 734 3028 789 homo
3051 736 3343 805 quamlibet
3370 735 3716 792 doctissimus

2130 822 2463 893 loqueretur?
2500 822 2651 890 Quod
2694 839 2819 895 ergo
2845 823 2967 881 hinc
2992 836 3360 897 argumentum
3385 843 3597 884 sumere
3624 844 3723 884 (ιο-

2130 924 2321 968 nantur
2364 915 2447 970 vel
2495 914 2735 971 inﬁdeles
2760 917 2841 971 vel
2884 918 3113 988 imperiti
3146 920 3407 985 homines,
3440 921 3590 991 quasi
3639 920 3708 976 ad
3798 970 3803 985 τ

2129 1004 2507 1059 ostendendam
2553 1006 2936 1061 dissonantium
2992 1018 3296 1065 sanctorum
3348 1011 3717 1082 Evangelista-

2128 1111 2277 1161 rum,
2328 1095 2429 1151 hoc
2471 1100 2643 1167 potius
2687 1098 2882 1153 debent
2924 1115 3194 1157 assumere
3236 1102 3421 1158 fideles
3465 1114 3520 1159 et
3568 1103 3716 1159 docti

2128 1187 2193 1241 ad
2231 1188 2610 1243 ostendendam
2640 1191 2897 1245 unitatem
2939 1200 3244 1248 sanctorum
3271 1194 3431 1249 etiam
3460 1193 3707 1264 Prophe-

2128 1286 2322 1332 tarum.

2199 1372 2286 1425 51.
2315 1370 2412 1426 Est
2437 1380 2491 1427 et
2513 1371 2612 1427 alia
2639 1387 2795 1427 causa
2816 1414 2831 1439 ,
2862 1388 2979 1444 quae
3007 1373 3136 1429 mihi
3175 1374 3386 1432 videtur
3421 1375 3528 1432 alio
3566 1386 3710 1432 tem-

2128 1476 2258 1530 pore
2286 1462 2589 1533 diligentius
2633 1464 2997 1533 pertractanda
3014 1507 3029 1532 ,
3063 1481 3130 1522 ne
3156 1467 3385 1538 amplius
3408 1482 3719 1525 sermonem

2128 1555 2506 1625 protendamus
2524 1597 2538 1622 ,
2560 1572 2722 1626 quam
2748 1557 2902 1628 hujus
2929 1559 3107 1627 operis
3132 1559 3451 1615 terminandi
3473 1560 3715 1616 necessi-

2130 1654 2213 1700 tas
2238 1646 2471 1717 ﬂagitat,
2514 1662 2608 1701 cur
2651 1648 2753 1702 hoc
2789 1664 2985 1703 nomen
3026 1649 3269 1705 Jeremiaa
3307 1651 3360 1705 in
3408 1652 3719 1707 testimonio

2129 1736 2395 1791 Zachariae
2439 1738 2514 1792 sic
2558 1752 2775 1793 manere
2820 1740 3168 1808 permissum,
3208 1741 3293 1796 vel
3338 1742 3515 1812 potius
3543 1742 3719 1799 sancti

2129 1828 2356 1899 Spiritus
2401 1830 2709 1884 auctoritate
2763 1838 3084 1899 praeceptum
3127 1831 3215 1885 sit.
3265 1830 3361 1886 Est
3395 1832 3535 1902 apud
3569 1832 3722 1889 Jere-

2128 1921 2287 1974 miam
2309 1961 2325 1985 ,
2357 1920 2497 1990 quod
2522 1920 2712 1976 emerit
2736 1936 2919 1991 agrum
2941 1936 2972 1977 a
3000 1922 3107 1978 filio
3141 1921 3316 1977 fratris
3339 1924 3457 1992 sui,
3480 1933 3535 1979 et
3555 1923 3725 1980 dede-

2128 2013 2196 2066 rit
2224 2014 2271 2067 ei
2303 2023 2606 2082 argentum;
2635 2029 2738 2067 non
2770 2014 2982 2083 quidem
3028 2015 3126 2069 sub
3165 2014 3267 2070 hoc
3318 2018 3532 2071 nomine
3559 2018 3724 2087 pretii

2129 2105 2270 2175 quod
2298 2106 2525 2175 positum
2549 2113 2630 2161 est
2654 2105 2793 2175 apud
2814 2106 3120 2161 Zachariam
3141 2148 3156 2173 ,
3182 2108 3392 2176 triginta
3419 2109 3721 2177 argenteis;

2129 2207 2495 2252 verumtamen
2536 2197 2647 2267 agri
2685 2199 2883 2267 emptio
2916 2213 3021 2253 non
3064 2206 3147 2252 est
3191 2197 3336 2267 apud
3360 2197 3721 2253 Zachariam:

2129 2288 2270 2357 quod
2298 2296 2474 2342 autem
2504 2288 2833 2357 prophetiam
2864 2289 2932 2343 de
2959 2289 3170 2357 triginta
3217 2289 3485 2360 argenteis
3511 2290 3576 2343 ad
3620 2291 3728 2345 hoc

2132 2380 2509 2449 interpretatus
2537 2380 2607 2433 sit
2636 2379 2974 2449 Evangelista
2993 2421 3007 2445 ,
3031 2379 3174 2449 quod
3204 2380 3363 2434 modo
3390 2380 3458 2434 de
3500 2380 3726 2436 Domino

2131 2472 2453 2539 completum
2483 2480 2598 2535 est,
2632 2480 2689 2524 ut
2733 2471 2833 2525 hoc
2858 2480 3002 2526 esset
3032 2472 3259 2540 pretium
3300 2472 3442 2541 ejus,
3492 2470 3719 2525 manife-

2133 2571 2273 2616 stum
2301 2570 2422 2622 est;
2468 2561 2561 2616 sed
2612 2562 2676 2616 ad
2722 2561 2823 2616 hoc
2869 2562 3134 2630 pertinere
3159 2562 3319 2617 etiam
3355 2562 3479 2617 illud
3508 2562 3574 2617 de
3598 2576 3728 2634 agro

2132 2660 2312 2721 empto
2341 2653 2479 2722 quod
2504 2652 2761 2707 Jeremias
2785 2651 2951 2717 dixit,
2981 2652 3107 2707 hinc
3130 2653 3300 2721 potuit
3324 2654 3544 2723 mystice
3572 2653 3730 2720 signia

2134 2746 2314 2809 ﬁcari,
2347 2754 2404 2800 ut
2425 2762 2529 2801 non
2562 2745 2647 2799 hic
2672 2744 2941 2799 Zachariae
2968 2759 3160 2799 nomen
3188 2755 3493 2814 poneretur,
3518 2746 3607 2814 qui
3641 2744 3727 2800 di-

2140 2837 2216 2892 xit
2244 2838 2456 2906 triginta
2486 2837 2750 2906 argenteis
2770 2876 2785 2903 ,
2814 2835 2907 2890 sed
2932 2835 3210 2901 Jeremim,
3239 2837 3327 2906 qui
3348 2836 3479 2890 dixit
3505 2836 3572 2890 de
3601 2850 3732 2906 agro

2137 2937 2354 2998 empto;
2383 2931 2459 2995 int
2500 2929 2637 2983 lecto
2661 2927 2946 2996 Evangelio
2974 2935 3129 2997 atque
3154 2927 3367 2982 invento
3396 2926 3611 2981 nomine
3635 2926 3732 2982 Je-

2137 3020 2353 3085 remize,
2384 3019 2521 3074 lecto
2550 3028 2724 3073 autem
2754 3018 2984 3073 Jeremia
3027 3028 3080 3072 et
3109 3032 3215 3072 non
3246 3018 3463 3083 invento
3490 3018 3736 3073 testiino-

2139 3110 2229 3165 nio
2256 3109 2323 3165 de
2347 3109 2560 3179 triginta
2587 3110 2850 3179 argenteis
2868 3152 2882 3173 ,
2909 3110 3124 3163 invento
3156 3118 3331 3163 tamen
3358 3123 3489 3179 agro
3517 3119 3731 3178 empto,

2139 3201 2487 3256 admoneatur
2522 3199 2690 3254 lector
2718 3207 3001 3268 utrumque
3039 3197 3315 3264 conferre,
3365 3208 3421 3252 et
3454 3197 3577 3252 inde
3605 3212 3735 3251 sen-

2140 3308 2257 3348 sum
2283 3292 2561 3347 enucleare
2588 3292 2878 3361 prophetiae
2900 3332 2913 3355 ,
2947 3287 3213 3360 quomodo
3242 3290 3502 3360 pertineat
3538 3288 3606 3343 ad
3631 3289 3735 3345 hoc

2141 3384 2283 3453 quod
2311 3382 2364 3438 in
2394 3381 2617 3437 Domino
2648 3381 2923 3453 impletum
2945 3389 3045 3435 est.
3072 3379 3205 3435 Nam
3238 3379 3367 3435 illud
3392 3379 3533 3449 quod
3553 3379 3737 3449 subje-

2143 3476 2215 3530 cit
2241 3474 2364 3529 huic
2389 3474 2692 3528 testimonio
2742 3471 3021 3527 Matthtcus
3067 3485 3189 3526 cum
3225 3471 3320 3538 ait,
3358 3469 3518 3535 Quem
3545 3486 3735 3539 appre—

2146 3567 2387 3621 tiaverunt
2424 3566 2520 3635 ﬁlii
2553 3563 2746 3629 Israel,
2776 3573 2823 3617 et
2858 3563 3101 3616 dederunt
3144 3579 3226 3616 eos
3256 3563 3308 3615 in
3345 3579 3526 3631 agrum
3554 3562 3733 3632 figuli,

2145 3658 2269 3711 sicut
2311 3655 2562 3709 constituit
2606 3654 2728 3707 mihi
2778 3652 3063 3718 Dominus,
3114 3666 3215 3707 nec
3255 3652 3396 3721 apud
3426 3651 3736 3707 Zachariam

2148 3765 2246 3806 nec
2264 3748 2401 3819 apud
2430 3746 2713 3803 Jeremiam
2743 3746 3022 3815 reperitur.
3050 3743 3203 3800 Unde
3224 3744 3392 3812 magis
3421 3759 3484 3798 ex
3509 3759 3736 3813 persona

2148 3844 2314 3913 ipsius
2346 3841 2696 3910 Evangelistan
2727 3837 3089 3906 accipiendum
3129 3843 3213 3890 est
3236 3836 3507 3904 eleganter
3533 3845 3583 3888 et
3615 3850 3735 3904 my-

2148 3934 2278 3990 stice
2305 3934 2598 3997 insertum,
2625 3930 2748 3999 quia
2792 3928 2895 3983 hoc
2936 3942 3000 3982 ex
3048 3926 3255 3980 Domini
3301 3924 3743 3979 revelationeco-

2148 4027 2387 4097 gnoverit
2429 4024 2495 4077 ad
2542 4023 2678 4077 hanc
2724 4035 2875 4084 rem,
2918 4034 3037 4088 qua:
3064 4017 3131 4072 de
3159 4016 3354 4072 Christi
3403 4016 3571 4085 pretio
3600 4014 3739 4070 facta

2148 4125 2259 4183 est,
2293 4114 2590 4185 hujusmodi
2623 4112 2893 4183 pertinere
2939 4108 3293 4179 prophetiam.
3338 4106 3501 4162 Liber
3542 4107 3742 4175 quippe

2149 4207 2313 4277 empti
2350 4206 2460 4276 agri
2486 4204 2624 4275 apud
2661 4202 2945 4258 Jeremiam
2969 4201 3184 4270 jnbetur
3210 4199 3346 4253 mitti
3378 4200 3427 4251 in
3459 4214 3547 4252 vas
3577 4198 3742 4251 ﬁctile

2151 4298 2362 4371 (Jerem.
2392 4313 2534 4353 χχιιι
2557 4338 2573 4363 ,
2605 4294 2757 4367 9-44)
2779 4336 2793 4361 ,
2823 4304 2875 4349 et
2906 4294 3101 4349 emitur
3127 4292 3213 4347 hic
3241 4291 3310 4347 de
3330 4292 3499 4361 pretio
3531 4289 3741 4344 Domini

2150 4407 2276 4463 ager
2305 4391 2472 4461 ﬁguli,
2502 4398 2555 4445 et
2583 4389 2683 4444 hoc
2708 4388 2773 4443 ad
2800 4387 3127 4456 sepulturam
3149 4386 3545 4455 peregrinorum
3567 4426 3581 4451 ,
3614 4395 3737 4437 tan-

2151 4500 2307 4556 quam
2336 4484 2403 4539 ad
2434 4481 2862 4554 permansionem
2885 4480 3079 4551 quietis
3100 4492 3286 4534 eorum
3309 4478 3397 4548 qui
3426 4478 3477 4531 in
3511 4479 3611 4531 hoc
3637 4491 3743 4531 sm-

2151 4576 2272 4632 culo
2320 4575 2718 4645 peregrinantes
2740 4570 3174 4641 consepeliuntur
3198 4568 3411 4625 Christo
3440 4584 3535 4639 per
3562 4568 3742 4638 Bapti-

2152 4685 2347 4726 smnm.
2390 4668 2522 4723 Nam
2552 4675 2606 4723 et
2648 4666 2788 4721 illam
2810 4664 3131 4736 emptionem
3163 4662 3274 4733 agri
3303 4660 3404 4716 hoc
3431 4661 3739 4731 signiﬁcare

2151 4763 2399 4819 Jeremim
2438 4762 2575 4816 dixit
2602 4759 2857 4815 Dominus
2876 4798 2892 4826 ,
2932 4757 3052 4827 quia
3081 4756 3184 4812 erit
3214 4753 3516 4826 permansio
3547 4752 3615 4808 de
3643 4767 3738 4807 ca-

2154 4856 2394 4925 ptivitate
2418 4854 2758 4909 liberatorum
2786 4852 2837 4905 in
2862 4850 2951 4905 illa
2977 4857 3136 4905 terra.
3167 4847 3294 4902 Haec
3321 4856 3573 4917 tanquam
3605 4842 3745 4899 deli-

2154 4948 2361 5005 neanda
2396 4948 2413 4978 ¹
2455 4946 2741 5001 arbitratus
2769 4958 2885 4999 sum
2910 4983 2925 5009 ,
2966 4957 3088 4997 cum
3129 4939 3470 4995 admonerem
3516 4936 3643 5008 quid
3684 4936 3743 4991 in

2156 5042 2239 5097 his
2277 5040 2599 5111 propheticis
2624 5036 2940 5092 testimoniis
2971 5035 3022 5090 in
3050 5050 3211 5089 unum
3249 5032 3476 5088 redactis
3500 5041 3555 5085 et
3581 5042 3743 5084 evan-

2155 5135 2338 5205 gelicae
2391 5130 2679 5188 narrationi
2727 5129 2968 5191 collatis,
3026 5126 3329 5197 diligentius
3386 5123 3744 5191 attentiusque

2156 5229 2472 5298 requiratur.
2506 5226 2627 5281 Haec
2654 5222 2969 5294 interposuit
3010 5218 3290 5276 Matthaeus
3335 5217 3404 5272 de
3448 5215 3581 5270 Juda
3628 5221 3743 5268 tra-

2156 5318 2347 5374 ditore.
3734 5370 3737 5373 Α

2156 5410 2380 5468 CAPUT
2434 5408 2566 5464 Vill.
2607 5436 2681 5447 —
2724 5405 2802 5460 De
2865 5405 2942 5459 his
2990 5418 3104 5474 quae
3149 5401 3295 5472 apud.
3331 5398 3559 5453 Pilatum
3603 5403 3747 5468 gesta

2368 5511 2513 5567 sunt,
2543 5496 2791 5568 quomodo
2815 5496 2946 5549 inter
2969 5510 3022 5547 se
3044 5492 3174 5546 nihil
3198 5490 3514 5545 dissentiant.

2231 5595 2317 5650 52.
2360 5591 2558 5646 Deinde
2586 5588 2843 5658 sequitur,
2876 5593 2931 5641 et
2957 5583 3084 5639 dicit
3112 5601 3124 5637 :
3165 5600 3183 5634 ‹
3217 5580 3371 5636 Jesus
3399 5587 3575 5633 autem
3602 5575 3749 5631 stetit

2160 5694 2283 5741 ante
2312 5682 2587 5754 prmsidcm
2610 5720 2623 5746 ,
2657 5692 2710 5732 et
2741 5676 3089 5746 interrogavit
3112 5689 3231 5732 eum
3260 5685 3490 5744 praeses,
3518 5667 3701 5755 dicens
3722 5678 3751 5718 ν.

2227 5800 2243 5831 ι
2269 5804 2318 5845 tn
2339 5801 2542 5859 quatuor
2558 5801 2684 5855 Mss,
2698 5788 2973 5842 delibanda.

3628 5894 3640 5901 .-
3653 5887 3723 5902 wn
