4076 6492
325 396 466 455 1177

323 509 408 569 Tu
444 526 504 568 es
531 526 627 568 rex
651 507 991 568 Judteorum?
1033 507 1168 564 Dicit
1208 506 1259 562 ei
1306 504 1503 563 Iesus:
1546 503 1625 560 Tu
1649 503 1799 559 dicis.
1833 502 1904 558 Et

325 619 447 662 cum
473 613 813 660 accusaretur
855 616 885 656 a
934 599 1255 672 principibus
1292 596 1625 654 sacerdotum
1652 603 1708 651 et
1730 595 1909 651 senio-

327 695 511 764 ribus,
542 695 674 750 nihil
719 692 1012 764 respondit.
1045 691 1193 747 Tunc
1222 690 1351 746 dicit
1393 689 1469 745 illi
1512 689 1750 745 Pilatus:
1790 687 1909 743 Non

326 788 481 843 audis
506 797 703 859 quanta
727 787 1007 843 adversum
1046 793 1098 842 te
1135 784 1317 840 dicunt
1347 780 1679 839 testimonia?
1708 782 1775 837 Et
1802 796 1908 837 non

326 880 606 951 respondit
646 880 697 936 ei
739 879 903 935 ullum
932 878 1150 935 verbum
1168 919 1184 946 ,
1215 877 1288 932 ita
1315 884 1377 931 ut
1403 875 1688 933 miraretur
1714 887 1911 944 praeses

327 970 694 1027 vehementer.
726 970 831 1027 Per
853 970 993 1026 diem
1022 978 1198 1025 autem
1232 968 1524 1025 solemnem
1563 974 1913 1023 consueverat

328 1078 530 1135 prases
556 1063 822 1119 dimittere
846 1062 1041 1134 popqu
1064 1076 1225 1117 unum
1252 1061 1486 1117 vinctum
1528 1075 1684 1130 quem
1706 1059 1909 1115 voluis-

327 1164 450 1211 sent
475 1172 489 1208 :
518 1154 747 1210 habebat
774 1164 950 1211 autem
976 1160 1103 1209 tunc
1128 1153 1361 1209 vinctum
1384 1151 1644 1221 insignem
1662 1193 1677 1219 ,
1705 1151 1794 1222 qui
1829 1150 1910 1205 di-

327 1246 549 1302 cebatur
568 1245 855 1301 Barabbas.
881 1244 1225 1316 Congregatis
1253 1258 1381 1315 ergo
1404 1243 1507 1299 illis
1526 1242 1658 1298 dixit
1677 1241 1910 1298 Pilatus:

329 1340 501 1408 Quem
525 1340 684 1396 vultis
714 1340 976 1395 dimittam
1018 1340 1199 1406 vobis;
1246 1339 1575 1405 Barabbam,
1616 1354 1681 1393 an
1728 1337 1910 1393 Iesum

326 1435 420 1507 qui
446 1434 637 1490 dicitur
657 1434 938 1491 Christus?
958 1434 1173 1491 Sciebat
1194 1434 1336 1491 enim
1365 1433 1505 1504 quod
1534 1448 1630 1503 per
1658 1430 1911 1487 invidiam

328 1526 674 1583 tradidissent
699 1543 840 1583 eum.
870 1526 1102 1584 Sedente
1139 1534 1316 1582 autem
1353 1525 1447 1580 illo
1494 1539 1591 1595 pro
1633 1520 1910 1589 tribunali,

327 1617 478 1674 misit
516 1617 584 1674 ad
635 1618 783 1674 illum
826 1633 967 1675 uxor
1002 1618 1117 1690 ejus
1156 1618 1339 1674 dicens
1368 1634 1383 1671 :
1410 1616 1553 1672 Nihil
1578 1616 1669 1671 tibi
1696 1625 1749 1671 et
1771 1615 1914 1684 justo

326 1709 439 1777 illi;
468 1711 632 1765 multa
657 1711 800 1766 enim
843 1725 997 1781 passa
1036 1725 1155 1765 sum
1185 1708 1341 1765 hodie
1374 1723 1473 1778 per
1493 1708 1664 1762 visum
1698 1715 1914 1776 propter

326 1814 471 1855 eum.
499 1799 772 1871 Principes
800 1810 976 1857 autem
997 1800 1332 1857 sacerdotum
1360 1809 1414 1856 et
1441 1800 1680 1855 seniores
1700 1812 1915 1868 persua-

326 1898 514 1946 serunt
551 1891 758 1962 populis
801 1900 857 1946 ut
898 1898 1144 1963 peterent
1191 1889 1520 1955 Barabbam,
1562 1888 1743 1944 Jesum
1787 1901 1914 1942 vero

327 1979 631 2050 perderent.
660 1980 1006 2051 Respondeas
1031 1988 1209 2036 autem
1239 1993 1436 2050 praeses
1472 1980 1545 2034 ait
1570 1978 1674 2033 illis
1701 1994 1715 2030 :
1742 1976 1913 2044 Quem

325 2069 487 2124 vultis
514 2069 662 2124 vobis
705 2069 770 2124 de
816 2069 1023 2125 duobus
1046 2070 1279 2125 dimitti?
1309 2070 1378 2123 At
1404 2068 1477 2124 illi
1507 2068 1790 2123 dixerunt:
1816 2067 1916 2121 Ba-

327 2162 569 2218 rabbam.
601 2161 735 2216 Dicit
780 2162 884 2216 illis
928 2161 1126 2217 Pilatus
1174 2179 1187 2214 :
1237 2161 1373 2227 Quid
1417 2160 1573 2230 igitur
1619 2159 1804 2212 faciam
1847 2157 1915 2212 de

327 2250 452 2308 Jesu
474 2293 490 2319 ,
540 2253 627 2323 qui
670 2252 864 2308 didtur
896 2250 1179 2307 Christus?
1207 2250 1395 2305 Dicunt
1425 2262 1612 2304 omnes
1644 2265 1657 2303 :
1691 2248 1914 2304 Cruciﬁ-

325 2352 500 2413 gatur.
529 2344 618 2398 Ait
644 2343 749 2399 illis
772 2357 971 2413 praeses
1000 2360 1013 2396 :
1043 2341 1181 2409 Quid
1210 2339 1355 2395 enim
1384 2340 1507 2393 mali
1538 2339 1700 2394 fecit?
1726 2340 1797 2393 At
1838 2336 1911 2394 illi

326 2434 495 2504 magis
520 2434 857 2502 clamabant,
887 2433 1126 2489 dicentes
1155 2450 1169 2487 :
1198 2431 1571 2502 Cruciﬁgatur.
1602 2430 1796 2485 Videns
1821 2445 1915 2485 au-

327 2533 436 2581 tem
464 2525 662 2581 Pilatus
690 2525 812 2596 quia
838 2525 969 2581 nihil
1005 2525 1314 2596 proﬁceret,
1346 2522 1441 2579 sed
1466 2523 1632 2592 magis
1657 2523 1913 2577 tumultus

326 2615 515 2683 ﬁeret,
547 2624 761 2686 accepta
803 2630 938 2687 aqua
976 2616 1107 2672 lavit
1130 2629 1322 2670 manus
1348 2628 1527 2669 coram
1568 2613 1797 2684 populo,
1826 2613 1911 2667 di-

325 2719 452 2760 cens
483 2723 497 2760 :
528 2706 787 2763 lnnocens
811 2721 910 2777 ego
938 2721 1057 2761 sum
1096 2721 1125 2760 a
1165 2704 1422 2776 sanguine
1444 2704 1574 2773 justi
1596 2703 1786 2773 hujus;
1816 2717 1911 2760 vos

323 2796 582 2851 videritis.
633 2797 701 2851 Et
742 2796 1073 2867 respondens
1121 2797 1399 2851 universus
1448 2794 1707 2865 populus,
1737 2794 1906 2849 dixit:

322 2885 547 2958 Sanguis
584 2888 698 2958 ejus
726 2903 886 2958 super
914 2903 1014 2944 nos
1039 2898 1093 2944 et
1130 2902 1291 2958 super
1321 2886 1459 2942 ﬁlios
1496 2895 1727 2941 nostros.
1761 2886 1911 2943 Tunc

323 2976 526 3032 dimisit
551 2979 652 3033 illis
680 2979 1009 3046 Barabbam;
1035 2979 1217 3035 Jesum
1244 2986 1420 3033 autem
1452 2976 1773 3047 ﬂagellatam
1794 2986 1908 3032 tra-

323 3070 457 3125 didit
484 3072 562 3128 eis
591 3083 648 3126 ut
671 3072 1084 3144 cruciﬁgeretur.
1137 3090 1158 3126 »
1205 3072 1332 3127 Haec
1357 3072 1593 3126 narravit
1627 3069 1909 3126 Matthteus

321 3176 421 3232 per
444 3161 671 3217 Pilatum
687 3173 834 3233 gesta
855 3163 922 3217 de
953 3163 1177 3217 Domino
1204 3161 1415 3235 (Matth.
1444 3176 1586 3233 xxvii
1604 3201 1620 3226 ,
1650 3160 1871 3232 11-26).

394 3254 483 3308 '55.
523 3253 733 3309 Marcus
770 3269 979 3325 quoque
1018 3268 1158 3323 pene
1201 3253 1391 3308 iisdem
1434 3252 1611 3309 verbis
1652 3260 1706 3308 et
1748 3251 1909 3307 rebus

320 3346 576 3400 concinit.
600 3345 772 3401 Verba
791 3353 967 3400 autem
994 3345 1171 3411 Pilati,
1196 3344 1389 3415 quibus
1412 3344 1689 3413 respondit
1712 3343 1909 3414 populo

318 3435 521 3504 petenti
559 3443 617 3490 ut
652 3436 959 3490 solemniter
997 3448 1133 3489 unus
1170 3434 1379 3489 vinctus
1417 3434 1794 3500 dimitteretur,
1835 3434 1911 3490 ita

318 3526 490 3583 refert
519 3545 533 3582 :
564 3526 769 3582 Pilatus
806 3537 973 3581 autem
1006 3527 1262 3597 respondit
1305 3526 1408 3591 eis,
1449 3535 1495 3579 et
1531 3526 1658 3580 dixit
1687 3542 1706 3581 :
1743 3525 1910 3582 Vultis

320 3616 569 3670 dimittam
596 3618 732 3671 vobis
760 3633 926 3688 regem
954 3615 1292 3671 Judazorum?
1320 3616 1598 3671 Matthzeus
1626 3626 1801 3672 autem
1828 3617 1909 3672 sic

319 3708 397 3762 ait
428 3725 440 3762 :
475 3707 798 3780 Congregatis
825 3725 940 3778 ergo
967 3708 1070 3763 illis
1089 3748 1104 3774 ,
1137 3708 1265 3762 dixit
1294 3706 1494 3762 Pilatus
1522 3724 1540 3762 :
1570 3708 1727 3773 Quem
1755 3708 1907 3762 vultis

321 3799 571 3852 dimittam
598 3798 771 3863 vobis;
796 3798 1079 3853 Barabbam
1097 3841 1112 3865 ,
1144 3816 1211 3852 an
1236 3798 1411 3852 Jesum
1434 3799 1521 3868 qui
1549 3799 1731 3853 dicitur
1758 3798 1910 3853 Chri-

319 3890 470 3944 stus?
507 3889 662 3945 Nulla
693 3891 913 3960 quaestio
942 3899 1059 3952 est,
1100 3890 1240 3961 quod
1268 3898 1407 3945 tacet
1434 3890 1577 3959 ipsos
1608 3891 1823 3960 petiisse
1849 3898 1911 3944 ut

321 3983 514 4052 aliquis
543 3982 621 4039 eis
649 3982 1002 4038 dimitteretur
1033 4000 1046 4037 :
1078 3982 1171 4036 sed
1199 3983 1360 4051 quaeri
1391 3990 1568 4053 potest
1596 3998 1715 4053 qua:
1744 3983 1912 4037 verba

320 4072 522 4129 Pilatus
538 4073 760 4142 dixerit;
784 4083 959 4129 utrum
981 4090 1098 4144 quae
1119 4089 1147 4127 a
1165 4074 1431 4138 Matthaao,
1452 4088 1518 4129 an
1539 4090 1657 4144 qua:
1678 4090 1707 4129 a
1730 4074 1913 4129 Marco

319 4164 640 4222 referuntur.
672 4166 827 4221 Aliud
864 4167 1006 4222 enim
1039 4167 1247 4221 videtur
1278 4180 1428 4233 esse,
1460 4166 1620 4231 Quem
1649 4168 1800 4222 vultis
1825 4168 1911 4221 di-

317 4258 516 4311 mittam
536 4258 690 4323 vobis,
714 4256 1017 4325 Barabbam,
1036 4274 1100 4312 an
1124 4256 1162 4311 Ι
1164 4275 1303 4313 esum
1326 4258 1411 4329 qui
1437 4258 1621 4311 dicitur
1643 4258 1913 4313 Christus?

318 4350 495 4418 aliud,
546 4350 710 4405 Vultis
755 4344 1001 4405 dimittam
1038 4351 1174 4405 vobis
1214 4368 1378 4423 regem
1416 4349 1760 4406 Iudaeorum?
1802 4350 1911 4406 Sed

318 4443 442 4514 quia
471 4444 700 4500 christos
726 4458 879 4515 reges
906 4443 1179 4513 dicebant,
1210 4454 1263 4500 et
1290 4445 1376 4515 qui
1404 4444 1535 4500 dixit
1562 4445 1711 4499 illum
1744 4459 1810 4499 an
1840 4444 1907 4499 il-

319 4534 450 4597 lum,
482 4533 818 4590 manifestum
846 4543 929 4590 est
951 4550 1071 4590 eum
1100 4536 1352 4606 qurcsisse
1376 4551 1444 4589 an
1474 4536 1673 4591 vellent
1701 4535 1802 4590 sibi
1827 4535 1909 4590 di-

316 4624 455 4677 mitti
479 4640 657 4695 regem
677 4625 1003 4694 Iudaeorum,
1033 4626 1085 4681 id
1105 4635 1189 4682 est
1208 4626 1508 4691 Christum;
1531 4626 1663 4681 nihil
1686 4627 1909 4682 interest

313 4715 625 4779 sententiae,
670 4715 812 4785 quod
841 4716 929 4771 hic
966 4717 1128 4770 tacuit
1164 4716 1371 4770 Marcus
1406 4715 1475 4770 de
1501 4716 1772 4785 Barabba,
1801 4718 1909 4773 hoc

311 4805 488 4859 solum
524 4804 709 4859 volens
746 4805 926 4861 dicere
962 4806 1105 4875 quod
1144 4807 1212 4860 ad
1253 4807 1537 4861 Dominum
1568 4808 1903 4877 pertinebat;

311 4891 742 4964 quandoquidem
790 4894 842 4948 in
887 4908 1070 4949 eorum
1118 4896 1468 4965 responsione
1511 4898 1643 4953 satis
1689 4908 1743 4954 et
1789 4900 1906 4970 ipse

312 4982 564 5048 ostendit,
584 4999 741 5055 quem
756 4984 855 5040 sibi
871 4984 1065 5040 dimitti
1082 4987 1348 5043 voluerint
1366 5004 1379 5040 :
1400 4987 1693 5059 Pontiﬁces,
1712 4990 1902 5061 inquit,

312 5078 683 5132 concitaverunt
709 5077 905 5132 turbam
932 5088 987 5132 ut
1012 5081 1173 5149 magis
1192 5079 1477 5135 Barabbam
1497 5081 1766 5136 dimitteret
1789 5085 1859 5139 eis
1883 5101 1907 5140 :

313 5169 552 5238 sequitur
572 5178 773 5237 autem,
803 5180 857 5226 et
882 5170 1031 5236 dicit,
1067 5171 1271 5228 Pilatus
1296 5184 1464 5227 autem
1490 5174 1670 5229 iterum
1694 5192 1906 5247 respon-

312 5260 457 5327 dens,
486 5262 555 5315 ait
580 5261 680 5316 illis
701 5278 721 5317 :
749 5262 883 5328 Quid
906 5281 1026 5335 ergo
1045 5266 1197 5319 vultis
1222 5268 1409 5337 faciam
1435 5268 1540 5338 regi
1566 5266 1908 5325 Iudaeorum!

312 5349 465 5406 Unde
487 5354 596 5423 jam
627 5354 755 5408 satis
781 5363 1030 5423 apparet,
1072 5356 1215 5425 quod
1251 5356 1301 5411 id
1327 5357 1533 5412 Marcus
1561 5359 1689 5414 velit
1715 5371 1908 5417 osten-

310 5440 443 5496 dere
459 5484 474 5508 ,
516 5443 743 5500 dicendo
770 5461 938 5516 regem
965 5445 1292 5516 Iudaeorum,
1335 5448 1477 5519 quod
1501 5449 1783 5507 Matthzeus
1808 5453 1901 5508 di-

311 5530 482 5585 cendo
519 5532 790 5587 Christum.
820 5534 938 5589 Non
972 5537 1111 5590 enim
1141 5537 1455 5593 dicebantur
1489 5539 1673 5595 Christi
1708 5557 1897 5613 reges,

311 5624 413 5677 nisi
440 5623 744 5680 Judmorum
777 5643 792 5681 :
823 5642 1051 5697 namque
1092 5630 1144 5683 in
1185 5646 1250 5685 eo
1285 5631 1443 5686 etiam
1470 5632 1590 5687 loco
1616 5633 1899 5693 Matthams

309 5714 405 5780 ait,
436 5715 571 5770 Dicit
599 5715 700 5772 illis
729 5716 952 5787 Pilatus,
993 5721 1128 5787 Quid
1151 5723 1308 5793 igitur
1334 5725 1517 5796 faciam
1543 5726 1607 5781 de
1631 5728 1775 5795 .lesu,
1806 5733 1896 5801 qui

308 5805 493 5889 dicitur
516 5803 742 5866 Christus
758 5812 785 5867 t
812 5812 951 5887 Ergo
976 5816 1214 5887 sequitur
1241 5817 1478 5890 Marcus,
1510 5819 1576 5876 At
1603 5822 1682 5877 illi
1710 5824 1895 5881 iterum

1658 386 1861 446 LIBER
1896 384 2212 446 TERTIUS.

1942 5897 2001 5980 ﬂ"

3442 390 3580 448 “78

2012 504 2385 574 clamauerunt,
2427 503 2673 578 Cruciﬁge
2711 522 2825 561 eum
2854 520 2873 559 :
2916 503 3056 576 quod
3103 503 3195 562 ille
3242 505 3349 573 ait,
3393 506 3586 563 Dicunt

2013 612 2203 665 omnes,
2230 597 2582 670 Cruciﬁgatur.
2619 597 2688 653 Et
2714 598 2949 668 sequitur
2970 597 3175 654 Marcus
3192 639 3207 665 ,
3243 597 3443 654 Pilatus
3466 617 3582 659 vero

2015 686 2206 741 dicebat
2233 689 2332 757 eis,
2369 689 2501 755 Quid
2525 688 2655 744 enim
2679 690 2801 744 mali
2830 689 2983 759 fecit?
3007 689 3070 743 At
3097 690 3175 745 illi
3201 691 3360 760 magis
3386 690 3582 746 clama-

2014 778 2166 849 bant,
2204 779 2453 852 Cruciﬁge
2487 798 2621 836 eum.
2663 782 2774 837 lloc
2811 782 3085 837 Matthazus
3122 796 3227 837 non
3260 781 3393 838 dixit
3435 800 3449 837 :
3490 783 3586 839 sed

2015 871 2263 940 quoniam
2292 871 2451 940 dixit,
2490 871 2674 928 Videas
2706 882 2870 927 autem
2893 871 3096 928 Pilatus
3123 873 3242 945 quia
3266 873 3393 927 nihil
3420 874 3584 944 profi-

2016 969 2165 1027 ceret,
2186 962 2274 1016 sed
2295 963 2453 1034 magis
2472 964 2713 1019 tumultus
2732 964 2871 1033 ﬁeret
2883 982 2904 1031 ;
2926 963 3058 1019 dixit
3077 964 3235 1020 etiam
3254 979 3377 1020 eum
3398 964 3591 1020 lavisse

2017 1066 2206 1107 manus
2245 1067 2424 1108 coram
2464 1054 2692 1124 populo,
2728 1062 2789 1109 ut
2822 1054 3158 1111 innocentem
3187 1068 3246 1111 se
3274 1068 3306 1108 a
3335 1054 3590 1125 sanguine

2016 1142 2140 1211 justi
2170 1142 2514 1213 signiﬁcaret;
2545 1144 2687 1215 quod
2715 1144 2841 1201 item
2867 1153 2920 1201 et
2946 1145 3150 1200 Marcus
3176 1155 3233 1201 et
3259 1144 3347 1200 alii
3373 1154 3588 1202 tacent:

2020 1234 2145 1289 satis
2192 1235 2423 1289 ostendit
2455 1236 2611 1290 etiam
2642 1235 2919 1293 Matthaeus
2953 1237 3125 1308 egisse
3160 1237 3440 1308 praesidem
3468 1254 3588 1293 cum

2020 1324 2250 1396 populo,
2296 1334 2353 1380 ut
2393 1326 2768 1383 dimitteretur.
2811 1327 2963 1395 Quod
3006 1329 3236 1385 breviter
3278 1329 3594 1400 signiﬁcavit

2019 1418 2225 1473 Marcus
2253 1419 2304 1474 in
2334 1435 2400 1475 eo
2427 1421 2564 1491 quod
2594 1422 2759 1476 refert
2783 1422 3008 1477 Pilatum
3039 1422 3264 1489 dixisse,
3300 1422 3437 1488 Quid
3459 1423 3593 1476 enim

2021 1509 2142 1563 mali
2174 1510 2323 1581 fecit?
2351 1510 2551 1567 Deinde
2579 1512 2657 1567 sic
2684 1512 2842 1567 etiam
2881 1512 2995 1584 ipse
3025 1512 3325 1580 concludit,
3355 1528 3472 1584 quas
3498 1528 3593 1583 per

2021 1601 2245 1657 Pilatum
2276 1619 2394 1658 cum
2427 1604 2651 1659 Domino
2675 1614 2823 1676 gesta
2852 1615 2975 1661 sunt
3004 1623 3016 1659 :
3048 1604 3246 1660 Pilatus
3269 1614 3433 1661 autem
3452 1648 3468 1673 ,
3508 1606 3594 1661 in-

2020 1694 2163 1764 quit,
2195 1695 2361 1751 volens
2387 1697 2572 1767 papula
2597 1698 2917 1769 satisfacere,
2948 1698 3136 1754 dimisit
3163 1698 3265 1753 illis
3288 1697 3589 1765 Barabbam,

2022 1794 2069 1839 et
2111 1787 2317 1840 tradidit
2352 1786 2527 1842 Iesum
2562 1788 2779 1861 ﬂagellis
2821 1806 3038 1856 caesum,
3077 1798 3134 1844 ut
3173 1790 3547 1861 crucifigeretur
3576 1805 3596 1845 :

2023 1876 2139 1933 haec
2158 1879 2294 1950 apud
2323 1881 2601 1951 praesidem
2628 1890 2775 1953 gesta
2801 1882 3037 1938 narravit
3057 1882 3264 1939 Marcus
3287 1881 3476 1954 (Marc.
3505 1896 3594 1949 xv,

2022 1971 2196 2043 2-15).

2093 2065 2180 2119 34.
2212 2064 2383 2120 Lucas
2406 2066 2546 2135 apud
2569 2066 2794 2121 Pilatum
2818 2075 2963 2137 gesta
2989 2066 3067 2121 sic
3088 2074 3303 2121 narrat:
3335 2065 3599 2135 Coeperunt

2019 2164 2187 2209 autem
2221 2172 2456 2210 accusare
2492 2156 2666 2223 illum,
2709 2158 2924 2212 dicentes
2949 2173 2968 2211 :
2999 2155 3150 2209 Hunc
3172 2156 3450 2211 invenimus
3477 2166 3597 2209 siu-

2021 2255 2286 2301 vertentem
2314 2257 2509 2318 gentem
2537 2257 2758 2302 nostram
2778 2289 2794 2315 ,
2831 2256 2876 2301 et
2910 2247 3246 2318 prohibentem
3276 2246 3457 2300 tributa
3485 2245 3598 2299 dari

2022 2338 2243 2405 Ctesari,
2281 2348 2327 2393 et
2365 2339 2606 2393 dicentem
2642 2356 2695 2394 se
2719 2339 2969 2394 Christum
3010 2354 3173 2408 regem
3210 2354 3334 2393 esse.
3372 2337 3483 2391 Hoc
3521 2336 3597 2392 illi

2021 2432 2128 2486 duo
2157 2431 2505 2502 Evangelista:
2536 2447 2640 2487 non
2671 2432 2914 2488 dixerunt
2934 2472 2949 2497 ,
2990 2447 3108 2487 cum
3149 2439 3324 2485 tamen
3360 2428 3598 2484 dicerent

2021 2524 2164 2593 quod
2208 2540 2328 2580 eum
2370 2525 2707 2581 accusabant.
2749 2526 2888 2595 Ergo
2918 2525 3015 2580 iste
3044 2525 3203 2579 etiam
3234 2525 3345 2594 ipsa
3374 2523 3594 2579 crimina

2021 2632 2137 2686 qua:
2162 2615 2293 2671 falsa
2319 2618 2628 2687 objecerunt
2647 2659 2661 2683 ,
2700 2618 2926 2689 aperuit.
2965 2618 3149 2673 Tacuit
3177 2627 3353 2673 autem
3380 2616 3520 2688 quod
3547 2615 3597 2673 ei

2019 2705 2154 2761 dixit
2172 2706 2393 2775 Pilatus,
2419 2707 2540 2762 Non
2560 2710 2830 2778 respondes
2851 2710 3157 2779 quidquam?
3189 2708 3309 2763 Vide
3325 2709 3378 2762 in
3398 2708 3596 2779 quantis

2020 2806 2069 2853 te
2094 2808 2329 2853 accusant
2357 2816 2375 2854 :
2403 2800 2497 2855 sed
2529 2801 2685 2870 plane
2713 2801 2970 2871 sequitur,
3010 2809 3063 2856 et
3095 2801 3220 2856 dicit
3256 2801 3397 2873 quod
3435 2801 3595 2856 etiam

2020 2889 2095 2943 illi
2122 2890 2399 2955 dixerunt,
2434 2890 2634 2945 Pilatus
2663 2901 2827 2945 autent
2857 2892 3177 2964 interrogavit
3205 2908 3352 2958 eum,
3384 2891 3553 2945 dicens
3573 2904 3596 2946 :

2020 2979 2100 3033 Tu
2130 2998 2179 3035 es
2209 2998 2298 3035 rex
2320 2979 2615 3035 Judworum
2634 2983 2658 3035 ?
2678 2981 2741 3035 At
2766 2983 2850 3037 ille
2873 2982 3177 3052 respondens
3198 2983 3269 3035 ait
3307 2998 3326 3037 :
3350 2980 3426 3035 Tu
3446 2982 3594 3036 dicis.

2021 3072 2134 3127 lloe
2164 3082 2340 3128 autem
2374 3073 2652 3128 Matthmus
2685 3084 2739 3129 et
2774 3074 2977 3130 Marcus
3016 3081 3591 3136 commemoraverunt,

2020 3172 2301 3233 antequam
2341 3164 2580 3220 dicerent
2617 3165 2991 3235 compellatum
3023 3166 3203 3221 .Iesum
3230 3164 3370 3236 quod
3398 3166 3475 3221 eis
3502 3179 3596 3221 ac-

2020 3256 2326 3310 cusantibus
2355 3272 2459 3310 non
2490 3256 2853 3327 responderet.
2883 3255 3022 3311 Nihil
3046 3264 3223 3312 autem
3252 3257 3472 3311 interest
3497 3269 3595 3312 ve-

2021 3349 2222 3414 ritatis,
2258 3364 2362 3419 quo
2396 3349 2583 3405 ordine
2612 3350 2778 3405 Lucas
2808 3350 2905 3404 ista
2934 3349 3171 3405 retulerit
3203 3367 3218 3403 :
3248 3347 3594 3419 quemadmo-

2021 3439 2146 3494 dum
2184 3441 2316 3496 nihil
2354 3442 2574 3498 interest
2607 3442 2651 3496 si
2686 3443 2820 3497 alius
2852 3440 3051 3512 aliquid
3090 3447 3265 3508 tacet,
3293 3440 3434 3510 quod
3460 3440 3598 3495 alius

2020 3540 2430 3597 commemorat;
2472 3532 2914 3602 quemadmodum
2954 3531 3007 3585 in
3040 3529 3485 3601 consequentibus
3511 3529 3597 3583 di-

2020 3623 2093 3677 cit
2121 3641 2134 3676 :
2165 3622 2250 3675 Ait
2278 3630 2440 3678 autem
2474 3622 2674 3679 Pilatus
2702 3624 2768 3677 ad
2795 3624 3043 3695 principes
3076 3623 3390 3678 sacerdotum
3417 3630 3463 3676 et
3489 3631 3599 3676 tur-

2023 3715 2110 3769 bas
2141 3732 2160 3770 :
2188 3714 2338 3769 Nihil
2360 3717 2555 3770 invenio
2579 3733 2745 3770 causa:
2765 3716 2817 3770 in
2842 3718 2936 3771 hoc
2965 3716 3182 3771 homine.
3210 3714 3275 3770 At
3299 3716 3374 3770 illi
3403 3715 3594 3770 invale-

2020 3809 2221 3863 scebant
2243 3852 2258 3877 ,
2306 3810 2522 3863 dicentes
2567 3826 2585 3865 :
2627 3808 2909 3864 Commovet
2954 3809 3229 3880 populum,
3278 3808 3460 3863 docens
3511 3823 3599 3876 per

2020 3900 2300 3954 universam
2333 3897 2571 3953 Judaeum
2589 3940 2605 3967 ,
2644 3909 2692 3953 et
2727 3900 2968 3966 incipiens
2994 3916 3027 3953 a
3055 3898 3269 3954 Galilaea
3295 3915 3449 3968 usque
3476 3898 3595 3951 huc.

2021 3991 2224 4046 Pilatus
2257 4001 2423 4046 autem
2449 3992 2659 4046 audiens
2689 3991 2951 4047 Galilteam
2969 4032 2984 4058 ,
3022 3992 3346 4063 interrogavit
3372 3992 3415 4046 si
3443 3992 3592 4046 homo

2023 4081 2263 4138 Galilteus
2283 4094 2439 4148 esset;
2466 4092 2511 4137 et
2535 4093 2586 4136 ut
2612 4085 2836 4155 ceguovit
2856 4084 2989 4153 quod
3014 4084 3077 4138 de
3103 4083 3324 4138 Herodis
3354 4091 3595 4152 potestate

2021 4184 2163 4240 esset,
2194 4175 2382 4229 remisit
2411 4192 2521 4228 eum
2545 4176 2612 4228 ad
2644 4174 2895 4229 Herodem
2913 4219 2928 4243 ,
2954 4177 3038 4245 qui
3063 4185 3110 4229 et
3135 4177 3241 4246 ipse
3262 4174 3593 4245 Jerosolymis

2022 4277 2127 4320 erat
2155 4267 2208 4320 in
2237 4267 2342 4321 illis
2371 4267 2564 4321 diebus.
2622 4266 2849 4321 Herodes
2877 4276 3044 4321 autem
3071 4269 3175 4320 viso
3198 4264 3363 4333 Iesu,
3400 4266 3601 4336 gavisus

2021 4368 2093 4413 est
2128 4359 2273 4413 valde
2305 4376 2323 4413 :
2357 4369 2463 4413 erat
2492 4360 2623 4413 enim
2650 4360 2854 4429 cupiens
2886 4375 2950 4413 ea:
2983 4356 3139 4412 multo
3179 4366 3401 4428 tempore
3430 4357 3599 4411 videre

2020 4466 2152 4515 eum,
2182 4465 2237 4502 eo
2266 4450 2399 4519 quod
2427 4449 2624 4503 audiret
2653 4450 2808 4502 multa
2838 4448 2901 4501 de
2926 4437 3049 4514 illo;
3072 4456 3119 4501 et
3142 4446 3375 4518 sperabat
3397 4447 3596 4517 signum

2021 4537 2226 4610 aliquod
2246 4538 2411 4593 videre
2430 4538 2490 4592 ab
2511 4556 2567 4592 eo
2588 4539 2716 4607 ﬁeri.
2744 4537 3090 4610 Interrogabat
3108 4546 3277 4592 autem
3300 4537 3445 4592 illum
3464 4539 3598 4592 mul-

2022 4632 2084 4685 tis
2112 4631 2419 4685 sermonibus
2447 4647 2465 4685 :
2492 4637 2544 4684 at
2576 4632 2681 4701 ipse
2717 4629 2795 4683 illi
2831 4630 2959 4684 nihil
2996 4630 3346 4700 respondebat.
3384 4628 3600 4685 Stabant

2019 4723 2169 4777 etiam
2193 4723 2445 4794 principes
2470 4723 2784 4776 sacerdotum
2812 4732 2859 4777 et
2889 4721 3114 4790 Scribat,
3145 4732 3426 4777 constanter
3445 4739 3598 4777 accu—

2018 4825 2188 4870 santes
2218 4832 2347 4869 eum.
2389 4814 2591 4886 Sprevit
2618 4823 2784 4869 autem
2812 4814 2957 4869 illum
2983 4813 3209 4869 Herodes
3236 4829 3353 4869 cum
3380 4814 3601 4868 exercitu

2019 4923 2110 4961 suo
2131 4948 2146 4975 ,
2187 4915 2231 4960 et
2275 4906 2433 4960 illusit
2471 4905 2700 4960 indutum
2728 4915 2859 4961 veste
2882 4906 3028 4971 alba,
3061 4914 3107 4960 et
3131 4905 3326 4960 remisit
3349 4905 3416 4958 ad
3445 4903 3596 4958 Pila-

2021 5007 2147 5053 tum.
2175 4998 2245 5053 Et
2267 5001 2387 5070 facti
2412 5009 2524 5053 sunt
2549 4999 2701 5053 amici
2726 4998 2955 5054 Herodes
2978 5008 3023 5053 et
3049 4997 3251 5053 Pilatus
3271 4997 3326 5051 in
3347 4997 3461 5068 ipsa
3480 4996 3563 5050 die
3577 5012 3600 5055 :

2021 5108 2139 5145 nam
2166 5100 2315 5145 antea
2341 5092 2532 5146 inimici
2555 5100 2697 5147 erant
2714 5093 2782 5146 ad
2799 5093 3029 5147 invicem.
3054 5091 3177 5146 Haec
3200 5090 3398 5157 omnia,
3421 5089 3473 5145 id
3494 5098 3597 5158 est,

2019 5185 2162 5255 quod
2199 5200 2229 5239 a
2269 5186 2438 5240 Pilato
2473 5186 2538 5240 ad
2569 5185 2831 5241 Herodem
2867 5185 3122 5241 Dominus
3159 5185 3355 5240 missus
3394 5192 3511 5249 est,
3544 5188 3601 5239 et

2021 5290 2140 5345 quae
2166 5276 2236 5331 ibi
2264 5285 2413 5347 gesta
2442 5285 2598 5342 sunt,
2627 5276 2798 5332 Lucas
2830 5277 2975 5332 solus
3003 5275 3233 5342 indicat;
3263 5275 3469 5331 etiamsi
3499 5274 3601 5330 ali-

2021 5365 2146 5434 quid
2190 5365 2261 5420 ibi
2300 5368 2373 5421 ait
2401 5367 2607 5433 simile,
2649 5367 2790 5437 quod
2828 5366 2883 5421 in
2920 5366 3040 5421 aliis
3077 5365 3439 5421 narrationum
3469 5364 3602 5421 locis

2019 5455 2157 5526 apud
2194 5457 2327 5512 alios
2365 5457 2533 5527 possit
2565 5457 2788 5513 inveniri
2820 5456 3040 5513 :cazteri
3078 5463 3256 5512 autem
3295 5470 3357 5511 ea
3398 5462 3604 5512 tantum

2020 5549 2199 5605 dicere
2234 5552 2515 5605 voluerunt
2552 5566 2670 5620 qua:
2695 5550 2832 5621 apud
2861 5550 3089 5606 Pilatum
3114 5557 3261 5622 gesta
3286 5558 3437 5617 sunt,
3468 5562 3602 5619 quo-
3642 5554 3657 5565 ‘

2019 5660 2188 5715 usque
2203 5645 2455 5700 Dominus
2471 5644 2857 5714 cruciﬁgcndus
2882 5643 3201 5700 traderetur.
3221 5641 3451 5698 Rediens
3470 5655 3600 5712 ergo

2017 5734 2191 5791 Lucas
2230 5734 2296 5788 ad
2332 5750 2395 5790 ea
2434 5751 2552 5805 qua:
2587 5735 2727 5805 apud
2762 5735 3038 5806 praesidem
3080 5734 3422 5806 gerebantur,
3458 5731 3617 5791 unde.

2019 5828 2289 5899 digressus
2312 5834 2445 5896 erat,
2468 5836 2528 5883 ut
2548 5837 2787 5886 narraret
2809 5830 2946 5902 quod
2968 5826 3108 5902 apud
3132 5824 3399 5884 Herodem
3418 5829 3600 5883 actum
