4076 6474
553 511 785 572 CAPUT
810 512 927 571 XII.
948 542 1021 556 ι-
1037 510 1115 567 De
1145 511 1387 567 divisione
1413 512 1817 567 vestimentorum
1852 510 1985 581 ejus,
2012 521 2137 578 quo-

912 603 1061 659 modo
1083 604 1213 658 inter
1248 620 1299 658 se
1323 619 1493 659 omnes
1514 603 1830 657 conveniant.

627 696 715 752 59.
739 694 989 766 Sequitur
1013 693 1288 750 Matthzeus
1315 708 1329 747 :
1360 712 1379 747 ε
1412 694 1698 764 Postquam
1722 700 1901 748 autem
1926 688 2136 746 cruciﬁ-

560 796 752 842 xerunt
781 802 923 850 eum,
953 784 1246 841 diviserunt
1286 786 1602 841 vestimenta
1644 784 1758 855 ejus
1785 790 1986 838 sortem
2010 782 2136 837 mit-

556 886 729 933 tentes
745 877 845 947 (a);
867 875 1203 941 etsedentes,
1222 876 1509 932 servabant
1544 891 1665 932 eum
1692 894 1711 929 ι
1735 874 1946 945 (Matth.
1966 888 2131 939 xxvn,

555 970 645 1034 55,
668 968 778 1039 56).
804 968 915 1023 Hoc
934 968 1073 1023 idem
1103 968 1310 1025 Marcus
1335 969 1412 1024 sic
1435 985 1448 1022 :
1480 987 1499 1020 ‹
1529 968 1597 1023 Ει
1619 967 1987 1039 crucifigentes
2010 980 2133 1020 eum

552 1060 845 1115 diviserunt
864 1061 1176 1116 vestimenta
1198 1061 1332 1131 ejus,
1348 1062 1617 1116 mittentes
1639 1068 1836 1116 sortem
1854 1074 2016 1129 super
2030 1056 2130 1127 eis,

549 1151 669 1220 quis
690 1149 814 1219 quid
847 1150 1054 1206 tolleret
1075 1170 1093 1204 ι
1123 1151 1312 1224 (Marc.
1342 1168 1430 1219 xv,
1448 1150 1561 1224 24).
1586 1152 1698 1207 Hoc
1721 1152 1890 1207 Lucas
1910 1152 1989 1207 sic
2013 1151 2120 1206 ait:

554 1257 573 1290 ι
611 1240 913 1296 Dividentes
956 1256 1086 1297 vero
1134 1243 1449 1297 vestimenta
1492 1242 1608 1312 ejus
1638 1242 1898 1309 miserunt
1926 1249 2128 1307 sortes;

554 1339 609 1385 et
638 1332 809 1386 stabat
838 1334 1063 1402 populus
1082 1342 1327 1405 spectans
1352 1353 1369 1387 ι
1389 1333 1537 1404 (Luc.
1566 1350 1713 1398 ιιιιι,
1742 1335 1832 1398 54,
1863 1331 1977 1405 55).
2002 1332 2131 1389 Bre~

547 1422 683 1479 viter
718 1438 747 1477 a
788 1424 957 1480 tribus
980 1425 1177 1480 dictum
1206 1435 1314 1489 est;
1343 1427 1575 1482 Joannes
1612 1435 1790 1484 autem
1833 1426 2132 1481 distinctius

552 1511 655 1570 boc
698 1516 928 1587 explicat
973 1518 1417 1588 quemadmodum
1461 1530 1665 1589 gestum
1715 1521 1783 1574 sit
1828 1538 1841 1573 :
1882 1538 1901 1572 ι
1938 1520 2131 1575 Milites

546 1620 694 1678 ergo,
736 1627 755 1661 ι
790 1608 1013 1679 inquit,t
1038 1624 1159 1665 cum
1195 1611 1583 1666 cruciﬁxissent
1624 1627 1765 1678 eum,
1813 1620 2131 1681 acceperunt

545 1700 863 1777 vestimenta
909 1700 1045 1771 ejus,
1088 1710 1146 1757 et
1178 1702 1417 1759 fecerunt
1446 1713 1670 1773 quatuor
1704 1712 1901 1773 partes,
1932 1703 2133 1758 unicui-

549 1804 654 1861 que
680 1791 833 1846 militi
864 1802 1094 1863 partem,
1124 1803 1177 1849 et
1207 1795 1458 1850 tunicam.
1494 1795 1621 1851 Erat
1645 1804 1821 1850 autem
1846 1796 2024 1851 tunica
2050 1796 2132 1850 in-

546 1882 824 1938 consutilis
848 1882 1080 1955 desuper
1105 1895 1356 1941 contexta
1386 1902 1480 1957 per
1496 1896 1685 1942 totum.
1719 1889 1975 1943 Dixerunt
2003 1904 2129 1958 ergo

544 1971 611 2026 ad
640 1973 887 2039 invicem,
926 1975 1039 2031 Non
1084 1978 1389 2032 scmdamus
1434 1994 1574 2043 eam,
1611 1979 1705 2033 sed
1747 1980 2036 2034 sortiamur
2064 1980 2130 2034 de

526 2062 646 2119 illa
671 2064 823 2134 cujus
852 2064 922 2121 sit
952 2082 965 2118 :
992 2076 1048 2121 ut
1072 2067 1344 2138 Scriptura
1379 2069 1688 2138 impleretur
1712 2070 1914 2136 dicens,
1947 2070 2130 2124 Partiti

546 2165 671 2211 sunt
686 2158 1000 2214 vestimenta
1026 2175 1143 2215 mea
1165 2161 1284 2225 sibi,
1304 2172 1357 2217 et
1378 2162 1429 2216 in
1454 2172 1657 2218 vestem
1679 2178 1851 2218 meam
1874 2164 2132 2219 miserunt

545 2260 744 2308 sortem
773 2271 791 2305 ι
823 2252 1000 2324 (Joan.
1032 2270 1144 2318 xix,
1168 2254 1258 2320 25,
1282 2255 1397 2327 2t).

545 2341 773 2401 CAPUT
801 2344 941 2400 XIII.
965 2376 1037 2387 —
1065 2346 1145 2402 De
1184 2348 1309 2401 hora
1353 2349 1618 2403 dominica
1649 2350 1916 2421 passionis,
1956 2356 2131 2420 quem-

615 2434 893 2489 admodum
916 2453 1018 2491 non
1044 2437 1175 2491 inter
1188 2454 1242 2492 se
1267 2438 1563 2493 dissentiant
1580 2438 1789 2495 Marcus
1816 2448 1863 2494 et
1882 2438 2126 2509 Joannes,

614 2534 819 2595 propter
846 2528 1042 2581 tertiam
1063 2538 1109 2581 et
1135 2538 1354 2584 sextam.

612 2614 703 2670 40.
732 2614 987 2687 Sequitur
1012 2617 1288 2675 Matthasus
1318 2637 1332 2672 :
1362 2619 1429 2674 Et
1447 2621 1792 2691 imposuerunt
1817 2637 1966 2693 super
1979 2630 2131 2692 caput

543 2707 655 2777 ejus
678 2722 884 2765 causam
909 2710 1070 2779 ipsius
1094 2712 1370 2780 scriptam:
1398 2712 1497 2767 Hic
1536 2723 1607 2768 est
1632 2713 1781 2769 Iesus
1805 2731 1894 2770 rea:
1919 2714 2132 2769 Judteo-

541 2813 657 2851 rum
687 2798 898 2869 (Matth.
926 2817 1093 2868 xxvn,
1127 2803 1466 2874 37).Marcus
1489 2814 1664 2861 autem
1690 2807 1996 2876 priusquam
2026 2806 2130 2862 hoc

540 2887 783 2957 dixisset,
814 2891 944 2946 Erat
982 2902 1172 2961 autem,
1211 2894 1404 2964 inquit,
1440 2896 1565 2949 hora
1604 2897 1766 2961 tertia,
1795 2905 1841 2951 et
1864 2897 2131 2964 cruciﬁxe-

540 2990 659 3033 runt
686 2997 799 3035 eum
827 2982 1018 3052 (Marc.
1047 3000 1142 3051 xv,
1170 2982 1287 3056 25);
1318 2985 1420 3041 hoc
1443 2986 1586 3041 enim
1612 2986 1883 3057 subjungit
1914 3003 2035 3043 cum
2060 2987 2129 3042 de

540 3074 767 3129 vestium
815 3074 1076 3132 divisione
1129 3075 1390 3133 dixisset:
1418 3093 1538 3148 qua:
1589 3094 1677 3134 res
1726 3078 2128 3149 diligentissime

539 3164 925 3221 consideranda
957 3177 1059 3234 est,
1089 3183 1158 3224 ne
1198 3184 1447 3241 magnum
1492 3171 1649 3226 faciat
1691 3186 1952 3227 errorem.
1992 3171 2129 3228 Sunt

540 3253 683 3309 enim
729 3256 820 3326 qui
862 3256 1188 3313 arbitrentur
1226 3258 1356 3315 hora
1404 3260 1617 3331 quidem
1658 3263 1812 3317 tertia
1843 3262 2124 3318 Dominum

542 3346 889 3415 cruciﬁxum;
920 3364 951 3405 a
978 3360 1127 3406 sexta
1151 3361 1328 3408 autem
1353 3352 1482 3409 hora
1506 3353 1754 3411 tenebras
1775 3354 1939 3411 factas
1962 3370 2125 3426 usque

548 3436 619 3492 sd
642 3453 857 3506 nonam,
886 3449 944 3495 ut
966 3453 1297 3513 consumpta:
1337 3444 1696 3516 intelligantur
1732 3456 1842 3503 tres
1875 3447 2021 3502 borzc
2060 3462 2127 3503 ex

548 3544 657 3600 quo
669 3531 956 3588 cntcilixus
975 3542 1076 3600 est,
1102 3550 1272 3605 usque
1285 3536 1351 3590 ad
1377 3538 1623 3593 tenebras
1646 3538 1827 3594 factas.
1859 3539 1927 3594 Et
1947 3548 2128 3609 posset

540 3620 758 3691 quidem
789 3621 892 3679 hoc
914 3625 1211 3682 rectissime
1238 3626 1489 3700 intelligi,
1516 3629 1617 3684 nisi
1645 3630 1876 3686 Joannes
1902 3631 2124 3699 diceret,

540 3711 671 3768 hora
698 3715 848 3783 quasi
873 3725 1021 3772 sexta
1050 3716 1277 3773 Pilatum
1306 3719 1509 3776 sedisse
1529 3736 1625 3791 pro
1645 3721 1894 3777 tribunali
1924 3723 1977 3778 in
2007 3724 2126 3781 loco

539 3806 630 3875 qui
652 3806 847 3861 dicitur
866 3807 1240 3876 Litbostrotos,
1259 3811 1506 3868 bebraice
1519 3821 1695 3869 autem
1718 3816 2011 3871 Gabbatba.
2030 3816 2127 3874 Se-

540 3897 723 3966 quitur
749 3898 891 3953 enim
920 3918 935 3954 :
960 3898 1088 3953 Erat
1108 3910 1275 3956 autem
1297 3919 1561 3972 parasceve
1587 3903 1820 3971 Prisc/ue,
1838 3906 1964 3961 hora
1983 3909 2128 3977 quasi

540 3998 703 4057 sexta,
734 4000 781 4043 et
798 3990 917 4045 dicit
935 3992 1131 4048 Judteis
1150 4009 1171 4048 :
1187 3993 1320 4049 Ecce
1342 4012 1431 4050 rea:
1448 4006 1624 4051 uester.
1651 3997 1738 4051 Illi
1762 4008 1926 4053 autem
1946 4000 2128 4054 clama-

541 4078 661 4133 bant
682 4095 701 4134 :
725 4079 885 4145 Tolle,
905 4084 1043 4150 tolle,
1059 4085 1296 4156 cruciﬁge
1309 4102 1438 4139 eum.
1458 4085 1600 4140 Dixit
1612 4088 1680 4141 eis
1699 4087 2127 4161 Pilatusrllegem

540 4179 756 4225 uestrum
774 4174 1066 4245 cruciﬁgam
1081 4176 1107 4230 ἵ
1123 4174 1507 4245 Responderunt
1528 4180 1667 4248 ponti
1669 4180 1788 4247 ﬁces
1804 4195 1822 4233 :
1842 4177 1961 4233 Non
1977 4181 2129 4236 habe-

541 4277 655 4317 mus
672 4279 838 4335 regem
858 4265 955 4319 nisi
972 4264 1241 4321 thsarem.
1272 4266 1411 4321 Tunc
1437 4286 1553 4339 ergo
1581 4270 1787 4323 tradidit
1812 4271 1883 4325 eis
1906 4271 2051 4325 illum
2070 4281 2126 4326 ut

539 4356 916 4427 cruciﬁgeretur
942 4356 1121 4426 (Joan.
1161 4374 1279 4425 ιιι,
1310 4361 1519 4431 15-16).
1539 4361 1608 4416 -Si
1636 4361 1793 4432 igitur
1815 4362 1944 4418 hora
1974 4364 2125 4433 quasi

539 4454 687 4501 sexta
716 4446 887 4501 Pilato
914 4446 1136 4504 sedente
1159 4463 1257 4519 pro
1281 4450 1527 4504 tribunali
1556 4452 1778 4505 traditus
1805 4460 1888 4507 est
1912 4452 2125 4507 cruciﬁ-

539 4538 743 4608 gendus
776 4538 1011 4609 Judaeis,
1042 4540 1311 4610 quomodo
1349 4540 1479 4596 hora
1513 4543 1665 4597 tertia
1693 4543 1980 4599 cruciﬁxus
2006 4552 2122 4612 εει,

539 4629 677 4685 sicut
691 4631 849 4685 verba
869 4631 1029 4686 Marci
1050 4646 1156 4687 non
1174 4632 1527 4702 intelligentes
1542 4634 1755 4704 quidam
1772 4639 2125 4705 putaverunt?

608 4721 673 4776 4i
685 4760 697 4774 .
728 4721 881 4777 Prius
895 4723 1035 4778 enim
1055 4739 1158 4793 qua
1173 4723 1301 4779 hora
1323 4725 1558 4795 cruciﬁgi
1578 4727 1809 4795 potuerit
1825 4726 2120 4794 videamus;

538 4813 731 4870 deinde
762 4814 1058 4870 videbimus
1093 4832 1190 4871 cur
1232 4816 1360 4871 hora
1404 4818 1559 4873 tertia
1596 4819 1902 4874 cruciﬁxum
1930 4819 2125 4877 dixerit

539 4906 763 4963 Marcus.
805 4908 943 4963 llora
972 4916 1086 4963 erat
1109 4909 1257 4978 quasi
1283 4918 1430 4964 sexta
1461 4925 1582 4964 cum
1606 4912 1826 4967 traditus
1848 4920 1931 4967 est
1948 4914 2123 4968 cruci-

538 5000 778 5071 figendus
805 5016 836 5055 a
856 5001 1025 5056 Pilato
1051 5001 1287 5069 sedente,
1314 5010 1371 5056 ut
1394 5002 1591 5056 dictum
1617 5011 1717 5068 est,
1734 5019 1832 5074 pro
1854 5004 2120 5061 tribunali.

537 5091 653 5147 Non
697 5093 839 5149 enim
878 5093 988 5164 jam
1017 5095 1171 5165 plena
1199 5102 1346 5149 sexta
1374 5103 1508 5160 erat,
1541 5095 1632 5149 sed
1657 5097 1806 5165 quasi
1854 5105 2024 5165 sexta,
2068 5098 2121 5154 id

537 5195 638 5250 est,
674 5196 882 5255 peracta
918 5187 1099 5257 quinta
1126 5187 1321 5258 aliquid
1348 5187 1507 5242 etiam
1532 5188 1598 5242 de
1628 5197 1775 5243 sexta
1797 5204 1917 5244 esse
1944 5205 2124 5260 cmpe-

536 5285 640 5333 rat.
661 5276 938 5348 Nunquam
959 5287 1134 5333 autem
1156 5279 1241 5333 isti
1266 5278 1525 5343 dicerent,
1556 5279 1747 5344 Quinta
1762 5289 1813 5334 et
1829 5282 2119 5352 quadrans,

536 5379 629 5427 aut
650 5374 832 5439 quinta
857 5380 914 5429 et
936 5373 1125 5442 triens,
1146 5383 1239 5428 aut
1256 5372 1438 5444 quinta
1476 5380 1530 5428 et
1566 5374 1743 5439 semis,
1786 5383 1877 5429 aut
1920 5375 2120 5447 aliquid

621 5524 674 5600 ρ)
808 5527 1097 5600 Augustinus
1116 5525 1313 5600 silentio
1349 5527 1565 5600 [fraeterit
1585 5527 1752 5600 _verba
1782 5526 2121 5600 illa_versioni_s

537 5587 856 5664 regeeae:
875 5587 1161 5664 Macer.
1176 5587 1305 5664 quos!
1327 5587 1507 5664 dictum
1526 5595 1596 5639 εει
1618 5602 1704 5664 per
1737 5589 2018 5663 ρνοριιεςαιη
2049 5590 2121 5664 φι-

536 5658 750 5711 centem,
779 5650 1048 5701 Diviserunt
1070 5650 1161 5702 sibi
1182 5650 1452 5702 oestirrtenta
1472 5650 1764 5711 mea,'ete.',
1788 5650 1897 5715 quae
1920 5654 1969 5701 in
1992 5655 2118 5701 anti-

538 5710 797 5786 qutslibrls
811 5726 907 5763 non
922 5721 1137 5786 exstare,
1155 5713 1482 5786 etsecundum
1496 5714 1827 5786 Hieronymum
1842 5714 1906 5786 de
1918 5714 2118 5786 μειωιωὶ

538 5767 681 5846 textu
701 5786 797 5846 non
819 5786 939 5846 esse
948 5767 1228 5846 observavit
1238 5776 1337 5846 jam
1565 5767 1779 5826 Nicolaus
1798 5775 1863 5827 de
1883 5775 2015 5827 Lira:
2034 5776 2120 5827 ha-

537 5833 719 5887 bentur
739 5841 904 5887 tamen
924 5838 977 5888 in
999 5844 1163 5888 vetust
1201 5833 1338 5888 (norb.
1360 5833 1540 5889 hiblits.

1362 394 1453 454 DE
1485 391 1838 454 CONSENSU
1878 387 2519 460 EVANGELISTARUM,
2560 391 2619 449 S.
2658 392 3020 452 AUGUSTINI

3689 398 3831 458 “BI

2241 504 2564 575 hujusmodi.
2584 506 2787 563 Habent
2806 510 2945 563 enim
2972 509 3131 565 istum
3162 522 3366 566 morem
3396 510 3708 585 Scriptura,
3726 520 3829 569 uta

2238 606 2389 667 parte
2415 605 2581 653 totum
2611 613 2827 671 ponant,
2860 602 3088 656 maxime
3116 601 3167 656 in
3192 602 3519 671 temporibus
3551 622 3563 657 :
3593 604 3736 661 sicut
3761 604 3829 662 de

2238 698 2360 743 octo
2393 689 2494 745 illis
2513 691 2718 759 diebus,
2743 702 2861 762 post
2890 706 3022 763 quos
3051 708 3174 748 eum
3221 693 3404 750 dicunt
3439 694 3746 752 ascendiSSe
3774 694 3828 753 in

2239 790 2472 835 montem
2502 781 2649 853 (Luc.
2681 800 2753 848 ιι,
2785 784 2897 853 28),
2925 799 3151 854 quorum
3178 786 3383 841 medios
3408 786 3676 844 intuentes
3697 787 3831 845 Mat-

2240 872 2411 927 thaaus
2435 882 2490 929 et
2523 874 2729 931 Marcus
2770 876 3037 943 dixerunt,
3062 875 3190 933 Post
3214 878 3321 933 dies
3343 894 3433 933 sea:
3452 878 3668 952 (Matth.
3696 896 3823 948 xvn,

2239 962 2293 1027 1,
2324 971 2372 1016 et
2400 962 2567 1019 Marc.
2597 981 2670 1033 ιι,
2692 965 2765 1037 1).
2798 966 3097 1022 Prmsertim
3119 968 3239 1038 quia
3260 976 3369 1023 tant
3394 969 3672 1027 moderate
3690 970 3830 1027 idem

2237 1052 2469 1111 Joamies
2489 1055 2694 1120 locutus
2715 1065 2815 1122 est,
2845 1065 2905 1112 ut
2928 1072 3033 1112 non
3058 1058 3280 1126 diceret,
3316 1069 3499 1126 sexta;
3540 1061 3657 1128 sed,
3684 1061 3829 1130 quasi

2237 1154 2380 1200 sexta
2408 1161 2428 1201 :
2454 1148 2593 1217 quod
2628 1150 2683 1207 si,
2708 1150 2779 1204 ita
2809 1164 2914 1204 non
2942 1150 3165 1217 diceret,
3197 1151 3290 1207 sed
3319 1153 3688 1209 tantummodo
3710 1168 3829 1209 sex-

2237 1242 2346 1290 tam
2371 1235 2594 1307 diceret,
2622 1253 2899 1309 possemus
2923 1255 3023 1296 nos
3051 1242 3122 1296 ita
3139 1241 3454 1313 intelligere,
3473 1244 3826 1314 quemadmo-

2236 1325 2362 1382 dum
2390 1327 2533 1400 loqui
2559 1331 2731 1387 solent
2756 1332 3063 1403 Scripturte,
3085 1334 3223 1389 sicut
3249 1334 3378 1401 dixi,
3406 1350 3436 1389 a
3462 1345 3613 1405 parte
3633 1345 3823 1404 totum,

2236 1428 2296 1474 ut
2321 1430 2531 1490 peracta
2569 1424 2750 1493 quinta
2790 1434 2845 1481 et
2871 1425 3116 1481 inchoata
3162 1435 3308 1482 sexta
3350 1438 3664 1498 gererentur
3712 1428 3827 1483 haec

2235 1526 2353 1583 qua:
2379 1524 2589 1570 narrata
2616 1526 2739 1572 sunt
2761 1518 2812 1573 in
2840 1519 3180 1573 crucifixione
3204 1521 3409 1575 Domini
3436 1522 3627 1589 nostri,
3652 1520 3829 1578 donec

2236 1603 2499 1674 completa
2548 1617 2695 1662 sexta
2723 1608 2814 1663 illo
2839 1608 3103 1679 pendente
3131 1610 3321 1666 fierent
3355 1612 3611 1678 tenebrae,
3637 1613 3830 1683 quibus

2238 1702 2345 1749 tres
2366 1695 2717 1767 Evangelistaa
2742 1707 3076 1766 attestantur,
3102 1700 3400 1765 Matthaaus,
3418 1702 3625 1759 Marcus
3644 1712 3701 1759 et
3723 1703 3830 1759 Lu-

2235 1801 2325 1841 cas
2359 1785 2566 1859 (Matth.
2594 1807 2765 1859 xxvn,
2791 1792 2896 1859 45;
2923 1791 3088 1847 Marc.
3108 1810 3195 1861 xv,
3214 1796 3302 1861 55,
3330 1804 3376 1850 et
3394 1795 3521 1849 Luc.
3540 1797 3827 1869 xxnt,44).

2306 1880 2395 1934 42.
2433 1881 2743 1948 Quaeramus
2767 1885 2876 1954 jam
2907 1897 3311 1959 consequenter,
3332 1906 3428 1946 cur
3464 1891 3659 1947 dixerit
3686 1891 3829 1947 Iler-

2235 1985 2349 2035 cus,
2378 1986 2497 2026 cum
2523 1988 2991 2034 commemorasset
3032 1979 3173 2048 quod
3200 1982 3571 2052 cruciﬁgentes
3597 1999 3719 2037 eum
3744 1984 3827 2038 di-

2234 2062 2475 2117 viserunt
2498 2066 2807 2121 vestimenta
2839 2068 2974 2138 ejus,
3006 2070 3276 2126 mittentes
3312 2080 3484 2126 sortes
3555 2088 3719 2143 super
3747 2074 3827 2129 eis

2235 2156 2353 2224 quis
2379 2156 2504 2225 quid
2532 2158 2757 2223 tolleret,
2791 2170 2842 2215 et
2871 2171 3084 2217 secutus
3126 2163 3425 2233 adjunxerit
3443 2207 3459 2232 ,
3485 2164 3612 2219 Erat
3658 2175 3828 2221 autem

2235 2244 2361 2297 liora
2381 2247 2544 2311 tertia,
2576 2257 2623 2301 et
2648 2250 3006 2318 cruciﬁzerunt
3026 2269 3159 2305 eum.
3187 2253 3306 2308 Jam
3330 2262 3475 2309 certe
3501 2254 3731 2322 dixerat,
3759 2255 3828 2310 Et

2234 2335 2579 2407 cruciﬁgentes
2602 2354 2714 2393 eum
2756 2342 3025 2397 diviserunt
3049 2345 3337 2399 vestimenta
3359 2346 3471 2416 ejus
3498 2345 3689 2414 (Marc.
3723 2363 3825 2415 xv,

2233 2422 2326 2497 24)
2352 2444 2366 2481 :
2394 2428 2470 2481 sic
2498 2430 2656 2484 ctiam
2680 2433 2856 2486 caateri
2899 2443 3243 2497 attestantur.
3288 2436 3428 2505 quod
3461 2452 3528 2492 eo
3573 2438 3828 2493 crncitixo

2234 2517 2546 2573 vestimenta
2578 2520 2743 2577 divisa
2774 2533 2914 2580 sunt.
2946 2525 3003 2581 Si
3031 2526 3148 2595 ejus
3189 2527 3266 2581 rei
3296 2536 3459 2598 gesta:
3487 2536 3697 2598 tempus
3725 2544 3825 2584 vo-

2234 2607 2329 2663 luit
2351 2625 2769 2669 commemorare
2803 2616 3031 2685 Marcus,
3055 2616 3325 2674 sufﬁceret
3346 2618 3544 2683 dicere,
3576 2619 3706 2674 Erat
3732 2636 3828 2674 as-

2234 2708 2333 2753 tem
2362 2701 2487 2755 liora
2512 2704 2659 2758 tertia
2682 2720 2702 2758 :
2726 2706 2909 2776 utquid
2937 2708 3199 2778 adjunxit,
3232 2717 3280 2763 et
3316 2709 3670 2778 cruciﬁserunt
3689 2728 3825 2776 cum.

2234 2790 2334 2844 nisi
2367 2792 2489 2860 quia
2515 2793 2680 2848 voluit
2707 2796 2903 2867 aliquid
2930 2798 3327 2869 recapitulme
3346 2799 3666 2870 signiﬁcare,
3683 2800 3826 2871 quod

2233 2882 2511 2949 qumsitum
2552 2884 2897 2952 inveniretur,
2941 2904 3061 2943 cum
3098 2890 3372 2964 Scriptura
3400 2890 3512 2965 ipsa
3552 2890 3656 2950 illis
3694 2899 3828 2951 tem-

2233 2972 2447 3040 poribus
2486 2973 2771 3045 legeretur,
2820 2978 3009 3047 quibus
3039 2984 3301 3040 universa:
3345 2985 3597 3042 Ecclesiae
3639 2998 3827 3044 nomn

2233 3073 2346 3118 erat
2364 3079 2465 3133 qua
2495 3065 2624 3120 hora
2646 3067 2901 3125 Dominus
2927 3069 3072 3140 ligno
3097 3089 3386 3145 suspensus
3413 3078 3503 3143 sit,
3533 3077 3677 3136 unde
3702 3093 3827 3149 pos-

2232 3162 2314 3207 set
2354 3153 2508 3225 hujus
2534 3157 2620 3213 vel
2645 3174 2799 3214 error
2820 3161 3036 3232 corrigi,
3066 3167 3152 3222 vel
3190 3167 3520 3224 mendacium
3562 3169 3781 3227 refutari
3799 3171 3826 3225 τ

2232 3244 2337 3300 Sed
2363 3250 2484 3315 quia
2510 3249 2711 3305 sciebat
2730 3266 2760 3306 a
2778 3252 3366 3328 militibussuspensum
3381 3260 3685 3327 Dominum,
3716 3276 3825 3319 non

2231 3351 2261 3390 a
2284 3336 2504 3408 Judreis,
2530 3340 2667 3397 sicut
2691 3342 2922 3401 Joannes
2948 3350 3287 3416 apertissime
3308 3351 3436 3408 dicit
3463 3351 3485 3426 (
3500 3353 3655 3408 Joan.
3697 3369 3823 3422 ιιι,

2230 3426 2344 3500 25),
2373 3432 2579 3489 occulte
2623 3435 2905 3493 ostendere
2942 3438 3112 3496 voluit
3148 3455 3243 3498 eos
3284 3442 3454 3513 magis
3496 3443 3828 3507 cruciﬁxisse

2231 3521 2319 3591 qui
2349 3523 2714 3581 clamaverunt
2738 3538 2796 3584 ut
2829 3529 3247 3603 cruciﬁgeretur,
3270 3550 3428 3606 quam
3457 3536 3690 3608 illos’qui
3718 3537 3828 3593 mi-

2232 3611 2510 3669 nisterium
2535 3616 2755 3687 principi
2785 3634 2882 3674 suo
2901 3624 3193 3679 secundum
3226 3638 3395 3681 suum
3412 3626 3646 3682 ofﬁcium
3672 3643 3821 3698 prae-

2231 3705 2482 3763 buerunt.
2506 3709 2817 3781 lntelligitur
2832 3728 2957 3784 ergo
2974 3717 3145 3773 fuisse
3171 3718 3300 3774 hora
3322 3720 3473 3775 tertia
3489 3732 3610 3775 cum
3626 3720 3825 3776 clama-

2233 3808 2421 3853 verunt
2444 3800 2615 3856 Judtei
2649 3812 2706 3857 ut
2735 3804 2993 3861 Dominus
3017 3809 3433 3880 crucifigeretur,
3460 3820 3515 3867 et
3540 3812 3826 3867 veracissi-

2232 3905 2319 3945 me
2342 3890 2741 3948 demonstratur
2769 3902 2894 3949 tunc
2916 3910 3012 3953 eos
3034 3900 3360 3956 crncitixisse
3394 3901 3606 3970 quando
3629 3902 3825 3956 clama-

2230 3991 2459 4038 verunt:
2492 3986 2723 4042 maxime
2747 3986 2870 4056 quia
2905 3990 3157 4045 nolebant
3184 3991 3353 4047 videri
3379 4008 3441 4048 se
3466 3992 3568 4048 hoc
3610 3993 3823 4059 fecisse,

2232 4080 2286 4128 et
2322 4083 2540 4144 propter
2580 4091 2642 4131 ea
2691 4092 2812 4138 eum
2857 4078 3029 4135 Pilato
3068 4081 3411 4149 tradiderant,
3456 4084 3597 4154 quod
3636 4099 3823 4140 eorum

2231 4166 2390 4221 verba
2421 4168 2550 4223 satis
2578 4169 2833 4237 indicant,
2863 4172 3153 4228 secundum
3178 4172 3456 4229 Joannem.
3507 4172 3638 4229 Cum
3678 4176 3823 4231 enim

2232 4256 2453 4313 dixisset
2472 4258 2551 4314 eis
2589 4259 2810 4328 Pilatus,
2842 4280 2861 4313 ι
2898 4262 3067 4330 Quam
3091 4265 3479 4320 accusationem
3501 4264 3702 4320 aﬁertis
3728 4264 3824 4321 ad-

2231 4362 2419 4404 versus
2442 4349 2709 4406 hominem
2738 4352 2915 4408 lnmc?
2944 4355 3353 4426 responderunt,
3382 4363 3440 4410 et
3456 4354 3705 4411 dixerunt
3728 4356 3777 4412 ei
3800 4374 3817 4410 :

2233 4439 2289 4494 Si
2318 4456 2424 4494 non
2449 4451 2593 4496 esset
2638 4442 2725 4498 hic
2770 4444 3097 4513 malefactor,
3148 4461 3253 4503 non
3293 4448 3387 4503 tibi
3418 4448 3820 4504 tradidissemus

2231 4546 2375 4587 eum.
2406 4532 2543 4587 Dixit
2562 4548 2689 4604 ergo
2716 4535 2793 4589 eis
2821 4537 3021 4592 Pilatus
3049 4556 3063 4591 :
3094 4539 3330 4610 Accipite
3356 4554 3477 4595 eum
3508 4555 3626 4606 vos,
3655 4549 3709 4596 et
3727 4556 3818 4597 se-

2230 4622 2461 4677 cundum
2492 4623 2660 4695 legem
2687 4634 2916 4681 vestram
2940 4627 3171 4697 judicate
3202 4644 3346 4684 eum.
3391 4630 3647 4687 Dixerunt
3688 4645 3819 4703 ergo

2229 4712 2459 4768 eiJudtei
2495 4730 2511 4780 ;
2542 4715 2695 4771 nobis
2717 4731 2823 4771 non
2844 4719 2969 4774 licet
2988 4719 3285 4777 interﬁcere
3309 4736 3628 4792 quemquam
3656 4739 3677 4775 ι
3701 4721 3813 4794 (Id.

2229 4819 2391 4871 xvnt,
2430 4804 2639 4876 29-51).
2692 4807 2843 4874 Quod
2882 4823 3008 4879 ergo
3037 4812 3268 4867 maxime
3298 4812 3462 4867 videri
3491 4812 3685 4869 fecisse
3717 4828 3817 4869 no-

2230 4896 2409 4951 lebant
2429 4939 2446 4965 ,
2490 4896 2593 4952 hoc
2624 4915 2719 4954 eos
2749 4900 2875 4955 hora
2900 4899 3090 4957 fecisse
3126 4903 3282 4958 tertia
3306 4903 3513 4959 Marcus
3544 4904 3812 4973 ostendit;

2226 4990 2502 5045 verissime
2529 4990 2774 5059 judicans
2819 4995 2987 5064 magis
3029 4993 3192 5051 fuisse
3233 4995 3442 5052 Domini
3488 4999 3809 5055 necatricem

2227 5082 2456 5155 linguam
2484 5085 2808 5154 Judaeorum,
2840 5103 2997 5159 quam
3015 5089 3242 5144 militum
3270 5105 3478 5145 manus.

2296 5177 2384 5231 45.
2426 5177 2673 5248 Quisquis
2699 5188 2875 5235 autem
2900 5180 3095 5235 dixerit
3116 5197 3222 5237 non
3266 5181 3426 5239 fuisse
3465 5181 3651 5239 horam
3699 5191 3815 5241 ter-

2229 5268 2375 5335 tiam,
2398 5285 2518 5324 cum
2546 5271 2646 5327 hoc
2674 5271 2843 5327 Judaei
2863 5274 3108 5342 primitus
3122 5275 3505 5338 clamaverunt,
3534 5278 3813 5334 insanissi-

2225 5375 2313 5416 me
2350 5376 2409 5415 se
2436 5362 2669 5417 ostendit
2712 5364 2983 5419 inimicum
3008 5365 3311 5435 Evangelii;
3344 5368 3445 5422 nisi
3489 5368 3629 5423 forte
3658 5369 3809 5437 aliter

2224 5453 2456 5521 potuerit
2501 5453 2742 5509 eamdem
2787 5454 3078 5510 dissolvere
3110 5458 3456 5526 quaestionem
3489 5477 3503 5513 :
3535 5474 3640 5513 non
3668 5460 3810 5514 enim

2224 5542 2384 5598 habet
2411 5544 2551 5599 unde
2572 5545 2853 5601 convincat
2876 5563 2980 5601 non
3009 5546 3174 5603 fuisse
3204 5557 3329 5604 tunc
3356 5548 3541 5604 horam
3561 5551 3807 5617 tertiam;

2221 5644 2276 5688 et
2297 5634 2417 5689 ideo
2442 5635 2675 5691 veridico
2703 5636 3051 5707 Evangelista:
3074 5639 3249 5710 potius
3269 5639 3614 5707 credendum,
3652 5656 3811 5709 quam

2220 5730 2563 5786 contentiosis
2575 5731 2963 5801 suspicionibus
2974 5732 3264 5787 hominum.
3287 5731 3452 5798 Unde,
3472 5733 3668 5803 inquis,
3688 5745 3811 5803 pru-

2218 5824 2317 5884 bas
2362 5829 2546 5887 horam
2589 5825 2797 5882 tertiam
2848 5823 3048 5882 fuisse?
3072 5823 3411 5898 Respoudco,
3465 5823 3598 5892 Quia
3645 5822 3807 5886 credo
