4076 6464
263 401 408 462 “85

264 508 621 583 Evangelistis
647 526 660 563 :
687 507 879 579 quibus
905 514 958 562 et
976 514 1032 561 tu
1055 504 1101 561 si
1127 502 1322 567 credis,
1350 498 1571 557 ostende
1599 498 1854 570 quemad-

262 606 481 663 modum
508 612 563 659 et
588 602 716 657 hora
747 609 895 656 sexta
923 606 977 653 et
999 598 1132 652 hora
1163 596 1314 652 tertia
1347 593 1574 665 potuerit
1602 592 1852 648 Dominus

262 696 534 767 eruciﬁgi?
587 695 659 749 De
711 701 858 747 sexta
902 691 1074 756 enim,
1122 700 1178 744 ut
1222 690 1498 754 fateamur,
1551 685 1851 741 narratione

262 790 482 847 Jonnnis
504 801 780 857 urgemur;
813 784 1025 839 tertiam
1048 783 1252 837 Marcus
1276 789 1663 837 commemorat
1689 797 1703 833 :
1728 779 1850 849 qui—

262 882 365 937 bus
393 880 438 934 si
472 888 691 947 uterque
713 885 950 931 nostrum
975 874 1163 940 credit,
1181 872 1402 931 ostende
1424 884 1479 927 tu
1500 873 1652 928 aliter
1666 887 1853 943 quem-

262 971 551 1029 admodum
583 968 695 1023 ﬁeri
737 975 1018 1037 utrumque
1058 965 1324 1038 potuerit;
1368 964 1719 1019 libentissime
1765 979 1856 1019 re-

263 1065 554 1135 quiescam.
583 1059 696 1114 Non
723 1059 866 1115 enim
892 1056 1207 1113 sententiam
1236 1070 1429 1121 meam,
1460 1055 1553 1111 sed
1579 1054 1856 1125 Evangelii

266 1154 429 1225 diligo
476 1152 777 1207 veritatem.
809 1151 980 1220 Atque
1007 1149 1205 1204 utinam
1237 1148 1396 1203 etiam
1423 1146 1605 1217 plures
1643 1147 1710 1202 ab
1738 1146 1858 1202 aliis

266 1244 609 1301 inveniantur
633 1241 792 1311 hujus
811 1240 984 1296 exitus
1008 1239 1316 1311 quaestionis
1339 1256 1352 1292 :
1376 1238 1517 1309 quod
1546 1239 1719 1295 donec
1742 1237 1854 1306 ﬁat,

265 1344 417 1395 utere
435 1350 642 1392 meeum
662 1335 764 1389 isto
779 1334 824 1389 si
856 1333 1044 1404 placet.
1071 1332 1126 1388 Si
1157 1328 1302 1389 enim
1322 1331 1498 1386 nullus
1518 1331 1653 1387 alius
1681 1331 1859 1387 exitus

264 1427 499 1499 potuerit
526 1423 773 1492 inveniri,
796 1423 944 1479 solus
962 1423 1062 1478 iste
1087 1420 1318 1477 sufﬁciet
1346 1438 1359 1476 :
1391 1422 1626 1476 siautem
1663 1430 1852 1491 potue-

265 1519 358 1587 rit,
389 1532 511 1573 cum
548 1516 944 1572 demonstratus
975 1514 1152 1583 fuerit,
1181 1514 1458 1586 eligemus.
1498 1514 1722 1569 Tantum
1748 1529 1854 1570 non

264 1618 425 1684 putes
447 1621 780 1678 consequens
821 1621 941 1663 esse
987 1614 1045 1662 ut
1071 1605 1299 1681 quilibet
1346 1605 1583 1661 omnium
1633 1613 1859 1676 quatuor

265 1704 727 1775 Evangelistarum
753 1702 1010 1757 mentitus
1033 1701 1123 1768 sit,
1147 1708 1239 1755 aut
1263 1701 1317 1756 in
1350 1707 1498 1756 tanto
1516 1707 1570 1755 et
1600 1707 1707 1755 tam
1735 1714 1862 1754 san-

264 1807 356 1856 eto
377 1797 612 1855 culmine
633 1794 962 1853 auctoritatis
982 1793 1260 1850 erraverit.

336 1892 429 1948 44.
459 1889 519 1947 Si
546 1897 723 1945 autem
757 1887 877 1960 quis
905 1887 1099 1943 dixerit
1122 1902 1182 1942 se
1224 1885 1348 1941 inde
1389 1886 1708 1941 convincere
1756 1899 1861 1940 non

267 1982 431 2039 fuisse
458 1982 646 2037 horam
681 1980 910 2045 tertiam,
947 1993 1068 2034 eum
1107 1978 1232 2033 illud
1272 1976 1438 2033 Judaei
1475 1979 1860 2045 clamaverunt,

266 2075 389 2145 quia
420 2082 765 2145 posteaquam
810 2070 945 2126 dixit
976 2069 1117 2125 idem
1166 2068 1396 2135 Marcus,
1445 2068 1647 2123 Pilatus
1695 2077 1863 2123 autem

267 2167 453 2222 iterum
501 2164 804 2236 respondens
854 2164 925 2217 ait
958 2163 1062 2218 illis
1099 2178 1117 2216 :
1151 2162 1284 2229 Quid
1323 2178 1441 2232 ergo
1495 2162 1642 2215 vultis
1680 2161 1865 2230 faciam

268 2259 378 2331 regi
420 2257 752 2313 Iudicat-um?
793 2256 858 2309 At
895 2254 972 2309 illi
997 2255 1177 2309 iterum
1221 2250 1867 2325 clamaverunt:Cruci/ige

270 2364 419 2414 eum;
452 2363 560 2403 non
605 2346 957 2417 interponitur
998 2344 1195 2415 aliquid
1247 2358 1511 2398 morarum
1559 2343 1629 2398 ab
1672 2344 1862 2399 eodem

270 2441 450 2497 Marco
476 2440 528 2495 in
546 2438 663 2510 ejus
679 2437 1005 2505 narratione,
1029 2444 1083 2490 et
1106 2436 1359 2491 continuo
1376 2434 1442 2489 ad
1458 2434 1510 2489 id
1531 2435 1862 2504 pervenitur,

275 2539 337 2587 ut
360 2530 655 2587 traderetur
677 2529 743 2585 ad
765 2542 981 2583 erucem
999 2527 1253 2583 Dominus
1273 2541 1306 2581 a
1327 2526 1518 2593 Pilato,
1542 2526 1683 2596 quod
1703 2526 1867 2581 Joan-

273 2638 372 2679 nes
399 2621 530 2678 hora
554 2621 703 2692 quasi
725 2629 875 2675 sexta
899 2618 1094 2674 factum
1115 2632 1236 2673 esse
1261 2626 1643 2673 commemorat
1674 2634 1689 2672 :
1715 2617 1869 2672 intel-
1914 2626 1917 2629 '

273 2718 405 2789 ligat
446 2716 536 2787 qui
563 2715 665 2771 hoc
699 2714 849 2781 dicit,
887 2714 1049 2768 multa
1092 2711 1446 2783 prtetermissa
1490 2724 1644 2777 esse,
1671 2726 1790 2779 quae
1814 2710 1868 2765 in

273 2812 452 2869 medio
479 2820 627 2883 gesta
654 2819 798 2878 sunt,
825 2825 945 2866 cum
964 2809 1163 2865 Pilatus
1183 2818 1363 2879 ageret
1382 2822 1625 2877 quaerens
1644 2820 1867 2878 quomo-

273 2903 346 2961 do
371 2918 493 2960 eum
522 2918 551 2958 a
575 2902 772 2958 Judteis
797 2902 1046 2972 eriperet,
1078 2908 1131 2956 et
1157 2899 1413 2955 adversus
1437 2914 1624 2953 eorum
1655 2897 1871 2953 insanis-

272 2996 466 3053 simum
508 2996 835 3051 voluntatem
885 2992 1305 3063 quibuscumque
1346 2989 1517 3045 modis
1558 2988 1747 3060 potuit,
1790 2989 1869 3043 in.

272 3088 601 3144 stantissime
643 3088 921 3141 niteretur.
973 3084 1251 3139 Matthaaus
1296 3081 1439 3137 enim
1471 3080 1564 3145 ait,
1598 3080 1732 3134 Dicit
1767 3079 1871 3134 illis

274 3177 479 3234 Pilatus
505 3196 523 3232 :
552 3177 687 3244 Quid
711 3177 865 3247 igitur
898 3175 1083 3247 faciam
1108 3174 1170 3227 de
1196 3173 1230 3226 Ι
1236 3189 1339 3238 esu,
1367 3172 1453 3243 qui
1497 3171 1681 3225 dicitur
1726 3168 1873 3225 Chri-

272 3281 381 3326 stus
400 3272 426 3325 ?
448 3269 635 3324 Dicunt
660 3285 829 3322 omnes
850 3283 869 3321 :
898 3267 1235 3337 Cruciﬁgatur
1262 3282 1283 3320 :
1310 3275 1434 3320 tune
1458 3264 1619 3319 fuisse
1646 3263 1871 3319 dicimus

275 3364 463 3419 horam
495 3363 722 3417 tertiam.
768 3360 919 3428 Quod
962 3368 1139 3414 autem
1181 3358 1459 3412 Matthzeus
1499 3356 1772 3426 sequitur,
1818 3364 1874 3412 et

275 3463 482 3521 narrat,
553 3452 734 3507 Videns
763 3460 929 3505 atatem
960 3449 1162 3504 Pilatus
1184 3450 1301 3519 quia
1324 3449 1451 3503 nihil
1471 3448 1755 3519 proficeret,
1783 3447 1873 3502 sed

275 3546 441 3618 magis
483 3544 728 3598 tumultus
756 3543 930 3613 ﬁeret;
966 3548 1023 3597 et
1059 3540 1113 3595 in
1142 3539 1419 3595 conatibus
1462 3539 1620 3595 Pilati
1659 3538 1726 3595 ad
1764 3538 1873 3594 eri-

277 3636 529 3708 piendum
560 3634 860 3700 Dominum,
898 3633 1029 3689 etin
1059 3631 1288 3687 tumultu
1332 3630 1640 3686 Judzcorum
1688 3637 1873 3686 contra

278 3728 582 3794 nitentium,
617 3733 993 3794 consumptum
1032 3732 1239 3794 tempus
1258 3722 1481 3777 duarum
1509 3723 1759 3778 horarum
1790 3722 1873 3776 in-

281 3820 588 3890 telligimus,
621 3826 675 3873 et
698 3825 926 3886 emptam
955 3814 1119 3870 fuisse
1145 3823 1371 3881 sextam,
1393 3830 1493 3885 qua
1519 3814 1751 3869 nondum
1770 3823 1876 3869 ter-

278 3914 475 3967 minata
505 3920 653 3981 gesta
681 3919 804 3965 sunt
831 3924 951 3980 quae
979 3909 1046 3964 ab
1070 3923 1136 3963 eo
1159 3918 1395 3979 tempore
1415 3922 1518 3978 quo
1546 3908 1743 3963 Pilatus
1766 3908 1874 3962 Do-

280 4006 482 4060 minum
515 4004 746 4069 tradidit,
776 4018 944 4073 usque
967 4002 1033 4058 ad
1071 4002 1317 4057 tenebras
1356 4001 1520 4055 factas
1571 4010 1870 4055 narrantur.

280 4096 434 4165 Quod
464 4106 637 4151 autem
663 4093 944 4150 Matthteus
984 4108 1141 4163 supra
1187 4102 1607 4160 commemorat,
1660 4092 1876 4148 Sedente

281 4202 450 4245 autem
469 4190 559 4245 illo
584 4206 676 4261 pro
705 4189 960 4255 tribunali,
981 4188 1114 4241 misit
1142 4187 1210 4240 ad
1236 4187 1380 4241 illum
1393 4204 1523 4242 uxor
1540 4189 1650 4259 ejus
1665 4186 1874 4242 dicens:

283 4281 435 4337 Nihil
461 4282 549 4337 tibi
573 4291 619 4337 et
636 4282 778 4351 justo
802 4281 915 4347 illi;
945 4278 1103 4333 multa
1131 4280 1260 4333 enim
1288 4296 1437 4349 passa
1460 4296 1569 4333 sum
1610 4278 1757 4332 hodie
1789 4294 1879 4349 per

281 4373 442 4427 visunt
459 4380 662 4443 propter
678 4387 789 4425 eum
808 4370 1016 4442 (Matth.
1041 4384 1203 4434 xxvu,
1221 4368 1312 4436 22,
1329 4369 1419 4435 ‘25,
1436 4368 1525 4433 2t,
1545 4365 1666 4437 19);
1698 4377 1876 4438 postea

280 4463 493 4519 sederat
516 4478 612 4532 pro
640 4460 889 4518 tribunali
928 4460 1147 4527 Pilatus,
1177 4460 1271 4515 sed
1302 4459 1437 4514 inter
1472 4460 1559 4513 illa
1586 4474 1703 4527 qua:
1734 4458 1878 4527 prius

279 4562 428 4626 gesta
474 4552 740 4618 narrabat,
794 4550 1102 4607 recordatus
1144 4549 1421 4604 Matthzeus
1448 4548 1589 4619 quod
1612 4548 1681 4603 de
1723 4546 1878 4601 Pilati

280 4662 452 4703 uxore
473 4644 627 4713 dixit,
653 4644 820 4700 voluit
839 4643 940 4698 hoe
960 4642 1032 4698 ibi
1053 4642 1413 4713 interponere,
1444 4648 1504 4694 ut
1532 4646 1877 4710 praistrueret

279 4722 391 4811 qua
403 4737 634 4791 maxime
657 4749 817 4790 causa
842 4733 1041 4789 Pilatus
1078 4747 1178 4787 nec
1202 4730 1488 4788 novissime
1512 4730 1724 4787 volebat
1751 4745 1875 4786 eum

281 4830 497 4889 tradere
517 4827 737 4884 Iudaeis.

351 4922 442 4979 45.
460 4919 631 4976 Lucas
651 4927 827 4973 autem
846 4922 1045 4983 narrat,
1067 4929 1187 4970 cum
1213 4913 1435 4970 dixisset
1449 4913 1666 4982 Pilatus,
1690 4912 1879 4969 Emen-

280 5015 460 5069 datum
486 5027 603 5082 ergo
628 5009 774 5063 illum
798 5007 1070 5072 dimittam,
1099 5006 1427 5061 exclamasse
1446 5005 1745 5061 universam
1762 5013 1878 5061 tur-

281 5109 428 5174 bam,
455 5103 601 5160 Tolle
640 5103 789 5169 ltunc,
820 5111 865 5155 et
894 5100 1089 5154 dimitte
1126 5099 1266 5154 nobis
1292 5098 1577 5153 Barabbam
1598 5115 1616 5153 :
1641 5100 1733 5155 sed
1765 5098 1878 5155 for-

281 5208 427 5254 tasse
442 5196 674 5252 nondum
692 5194 954 5261 dixerant,
977 5189 1244 5264 Cruciﬁge.
1267 5190 1461 5246 Iterum
1477 5201 1639 5246 autem
1657 5191 1875 5259 Pilatus,

283 5288 576 5346 secundum
608 5285 854 5342 eumdem
877 5284 1094 5353 Lucam,
1126 5284 1319 5340 locutus
1347 5293 1419 5339 est
1450 5286 1518 5338 ad
1555 5284 1669 5339 illos
1708 5285 1878 5341 volens

287 5383 533 5437 dimittere
545 5377 723 5433 Iesum
744 5393 763 5431 :
785 5384 835 5430 at
859 5374 939 5430 illi
956 5374 1331 5430 succlamabant
1350 5375 1585 5437 dicentes,
1606 5373 1876 5445 Cruci/ige,

288 5474 529 5545 cruciﬁge
545 5472 691 5528 illum
709 5487 727 5525 :
747 5479 872 5525 tunc
887 5467 1369 5539 intelligiturl'uisse
1389 5467 1517 5521 hora
1534 5466 1706 5521 tertia.
1726 5462 1879 5533 Quod

291 5583 419 5639 ergo
434 5564 671 5636 sequitur
682 5562 872 5630 Lucas,
897 5570 951 5616 et
967 5559 1115 5626 dicit,
1132 5559 1158 5612 1
1166 5560 1231 5613 lle
1249 5569 1414 5612 autem
1430 5558 1571 5611 tertio
1587 5557 1711 5611 dixit
1731 5557 1799 5609 ad
1823 5557 1880 5612 il-

292 5662 371 5716 los
392 5674 411 5713 :
433 5657 568 5723 Quid
582 5656 713 5710 enim
729 5654 851 5707 mali
870 5654 985 5725 fecit
998 5652 1129 5706 iste?
1142 5652 1335 5707 nullam
1346 5667 1551 5704 causam
1563 5651 1734 5704 mortis
1746 5650 1882 5705 inue-

293 5752 439 5807 nioin
449 5766 506 5803 eo
520 5765 538 5802 :
550 5748 680 5802 carri
684 5748 817 5818 piam
829 5763 944 5818 ergo
954 5745 1118 5812 illum,
1132 5754 1178 5799 et
1188 5744 1456 5798 dimittam.
1469 5742 1534 5797 At
1546 5742 1622 5796 illi
1631 5743 1883 5798 instabant

293 5842 494 5901 vocibus
506 5840 721 5912 magnis,
740 5839 1045 5911 postulantes
1057 5846 1112 5891 ut
1122 5836 1496 5910 cruciﬁgeretur
1507 5852 1527 5907 ;
1545 5842 1591 5890 et
1616 5834 1884 5895 inualesce-

1643 384 1847 442 LlBER
1884 383 2197 446 TERTIUS.

3404 399 3545 459 1186

1962 501 2080 555 bant
2104 518 2243 557 voces
2278 496 2620 579 eorum(luc.
2654 508 3046 581 xxm,16-25);
3078 513 3205 568 satis
3238 516 3397 569 etiam
3426 518 3539 586 ipse

1960 594 2221 663 signiﬁcat
2232 610 2478 667 magnum
2491 599 2769 655 tumultum
2783 600 2965 668 fuisse;
2978 611 3030 658 et
3042 612 3160 673 post
3170 615 3423 674 quantum
3438 623 3550 664 mo-

1962 699 2017 737 ra
2026 700 2140 739 rum
2155 685 2257 739 illis
2268 687 2423 742 tertio
2432 687 2644 757 dixerit,
2662 690 2796 757 Quid
2806 694 2937 747 enim
2952 694 3072 748 mali
3085 696 3237 765 fecit?
3252 696 3375 752 licet
3387 698 3547 754 intel-

1962 777 2124 846 ligere
2147 787 2398 848 quantum
2429 780 2737 853 indaganda:
2759 785 2965 840 veritati
2983 787 3110 842 satis
3134 798 3217 843 est
3240 807 3254 845 :
3284 797 3337 845 et
3361 800 3543 860 postea

1963 867 2104 937 quod
2124 869 2215 935 ait,
2234 868 2499 925 Instabant
2515 872 2713 928 vocibus
2729 877 2944 945 magnis,
2966 886 3014 931 et
3035 879 3397 935 invalescebant
3408 897 3549 937 voces

1963 974 2155 1028 eorum,
2187 963 2305 1031 quis
2325 979 2432 1018 non
2454 963 2626 1020 videat
2657 966 2776 1022 ideo
2807 969 3019 1035 factum,
3039 971 3159 1040 quia
3189 971 3438 1028 videbant
3458 974 3549 1029 Pi-

1964 1052 2128 1109 latum
2150 1055 2292 1110 nollc
2320 1058 2400 1111 eis
2422 1057 2628 1113 tradere
2650 1060 2963 1115 Dominum?
2983 1063 3047 1117 Et
3062 1064 3182 1133 quia
3206 1063 3307 1121 hoc
3333 1081 3552 1137 magno-

1964 1159 2093 1215 pere
2123 1145 2353 1215 nolebat,
2387 1163 2492 1202 non
2522 1151 2699 1220 utique
2720 1151 2775 1205 in
2791 1162 3061 1209 momento
3083 1158 3334 1226 temporis
3367 1159 3549 1227 cessit,

1965 1236 2060 1292 sed
2086 1237 2299 1293 velduae
2316 1239 2460 1294 liora:
2475 1248 2529 1296 et
2546 1241 2744 1312 aliquid
2771 1244 2997 1315 amplius
3024 1244 3077 1300 in
3104 1246 3192 1301 illa
3217 1249 3551 1305 cunctatione

1968 1327 2307 1383 transierunt.
3192 1360 3195 1361 ν

2037 1419 2124 1475 46.
2155 1420 2415 1476 Joannem
2443 1437 2654 1493 quoque
2674 1424 2960 1496 interroga,
2986 1435 3041 1482 et
3072 1427 3191 1483 vide
3215 1438 3412 1499 quanta
3442 1430 3555 1488 lue-

1966 1509 2036 1563 rit
2061 1509 2213 1565 Pilati
2242 1512 2329 1566 illa
2359 1513 2625 1569 cunctatio
2651 1522 2705 1570 et
2728 1518 2988 1571 recusatio
3018 1525 3123 1572 tam
3152 1517 3275 1574 laedi
3320 1520 3556 1577 ministe-

1966 1599 2031 1654 rii
2077 1618 2092 1656 :
2133 1600 2276 1657 idem
2329 1618 2560 1675 namque
2613 1606 2781 1661 multo
2830 1607 3141 1678 explicatius
3191 1625 3254 1664 ea
3298 1619 3481 1667 narrat
3512 1612 3554 1680 ³,

1967 1695 2208 1764 quamvis
2234 1712 2332 1752 nec
2366 1698 2476 1768 ipse
2506 1699 2688 1769 utique
2711 1699 2851 1755 dicat
2878 1700 3073 1768 omnia,
3120 1702 3173 1756 in
3212 1702 3403 1773 quibus
3436 1703 3557 1760 dua:

1968 1787 2113 1844 hora:
2142 1798 2194 1844 et
2220 1789 2287 1845 de
2314 1798 2463 1846 sexta
2506 1792 2702 1863 aliquid
2744 1792 3105 1865 praeterﬁuxit.
3135 1794 3285 1850 Tunc
3307 1810 3427 1850 cum
3456 1796 3556 1851 ﬁa-

1969 1881 2215 1952 gellasset
2238 1882 2441 1952 Jesum,
2464 1892 2519 1939 et
2542 1900 2572 1938 a
2602 1885 2859 1941 militibus
2879 1896 3026 1941 veste
3062 1887 3314 1955 illusoria,
3346 1890 3558 1944 multis-

1969 1989 2072 2045 que
2100 1974 2434 2031 illusionibus
2474 1977 2612 2032 male
2641 1980 2851 2033 tractari
2891 1980 3217 2049 permisisset
3259 1980 3454 2051 (credo
3500 1988 3560 2037 ut

1970 2065 2073 2121 hoc
2102 2065 2260 2121 modo
2290 2068 2478 2121 saltem
2509 2083 2692 2123 eorum
2724 2068 2955 2123 furorem
2986 2070 3271 2141 mitigaret,
3300 2087 3367 2126 ne
3392 2088 3559 2142 usque

1970 2158 2037 2213 ad
2054 2169 2278 2215 mortem
2308 2160 2501 2215 saevire
2522 2160 2941 2231 pertenderent),
2975 2178 2993 2212 ‹
3031 2162 3170 2215 Exiit
3198 2162 3390 2216 iterum
3416 2163 3556 2217 Pila-

1974 2260 2056 2306 tus
2081 2250 2242 2317 loras,
2274 2260 2327 2306 et
2350 2252 2575 2308 diciteis
2604 2268 2617 2305 :
2647 2252 2784 2308 Ecce
2807 2252 3012 2308 adduco
3039 2268 3160 2307 eum
3202 2253 3352 2308 vobis
3393 2253 3559 2321 foras,

1973 2350 2029 2399 ut
2054 2343 2383 2415 cognoscatis
2411 2343 2531 2414 quia
2551 2344 2602 2398 in
2627 2358 2692 2399 eo
2713 2344 2910 2397 nullam
2930 2358 3145 2399 causam
3167 2344 3395 2398 invenio.
3424 2343 3564 2397 Exiit

1972 2450 2101 2506 ergo
2128 2434 2284 2491 Jesus
2326 2444 2542 2504 portans
2570 2434 2806 2504 spineam
2849 2448 3104 2489 coronam
3148 2444 3202 2490 et
3242 2448 3564 2505 purpureum

1973 2528 2368 2583 vestimentum.
2403 2526 2469 2580 Et
2496 2525 2624 2581 dicit
2643 2525 2721 2581 cis
2746 2543 2758 2581 :
2790 2526 2926 2581 Ecce
2956 2525 3150 2593 homo;
3184 2546 3203 2578 ι
3230 2536 3287 2580 ut
3316 2526 3403 2580 illa
3426 2526 3566 2583 velut

1975 2618 2327 2690 ignominiosa
2359 2617 2536 2687 specie
2568 2618 2680 2671 visa
2707 2617 3062 2688 placarentur.
3092 2616 3198 2674 Sed
3226 2617 3482 2689 adjungit,
3512 2626 3567 2674 et

1976 2708 2106 2764 dicit
2129 2727 2141 2763 :
2172 2728 2191 2761 ι
2222 2708 2357 2764 Cum
2379 2723 2506 2778 ergo
2526 2708 2783 2763 vidissent
2806 2723 2927 2764 eum
2954 2708 3232 2779 pontiﬁces
3246 2717 3300 2765 et
3314 2709 3564 2777 ministri,

1975 2802 2274 2858 clamabant
2302 2800 2541 2857 dicentes
2573 2799 2897 2872 :Cruciﬁge,
2939 2801 3186 2871 cruciﬁge
3220 2819 3232 2855 :
3274 2820 3292 2854 ι
3323 2810 3450 2857 tunc
3477 2802 3566 2858 ho-

1976 2911 2091 2951 ram
2122 2895 2328 2950 tertiam
2355 2892 2519 2949 fuisse
2544 2893 2789 2949 dicimus.
2828 2893 3055 2949 Attende
3080 2909 3199 2964 quae
3226 2903 3517 2964 sequantur
3549 2912 3564 2950 :

1983 3006 2002 3040 ‹
2038 2987 2269 3043 Diciteis
2295 2986 2496 3042 Pilatus
2525 3002 2539 3039 :
2570 2985 2809 3056 Accipite
2846 3000 2967 3040 eum
3010 3000 3123 3051 vos,
3152 2993 3207 3040 et
3233 2985 3522 3056 crucillgite
3550 3002 3564 3053 ;

1976 3095 2075 3151 ego
2101 3079 2244 3135 enim
2270 3093 2375 3134 non
2407 3078 2618 3133 invenio
2639 3079 2689 3131 in
2713 3092 2777 3132 eo
2802 3091 3039 3133 causam.
3086 3077 3493 3148 Responderunt
3518 3078 3569 3134 ei

1976 3175 2145 3231 Judaei
2172 3191 2186 3230 :
2216 3172 2323 3229 Nos
2354 3172 2525 3244 legem
2562 3171 2840 3237 habemus,
2874 3180 2926 3225 et
2951 3170 3242 3225 secundum
3272 3170 3438 3241 legem
3471 3171 3565 3227 de-

1978 3265 2070 3322 bet
2098 3266 2268 3331 mori;
2299 3265 2420 3335 quia
2443 3262 2631 3318 Filium
2663 3262 2755 3317 Dei
2783 3277 2843 3317 se
2872 3260 3015 3317 fecit.
3034 3261 3167 3316 Cum
3195 3276 3321 3331 ergo
3337 3260 3567 3319 audisset

1979 3362 2179 3417 Pilatus
2227 3360 2369 3415 hunc
2412 3372 2737 3422 sermonem,
2771 3356 2938 3426 magis
2967 3355 3144 3410 timuit
3177 3371 3191 3409 :
3222 3363 3269 3409 et
3300 3355 3569 3425 ingressus

1979 3464 2061 3511 est
2084 3452 2390 3524 praetorium
2421 3449 2630 3515 iterum,
2660 3445 2853 3503 etdieit
2875 3444 2942 3500 ad
2967 3444 3149 3501 Iesum
3174 3464 3187 3498 :
3220 3442 3372 3500 Unde
3395 3459 3453 3499 es
3475 3444 3569 3498 tu?

1978 3548 2135 3605 Jesus
2162 3554 2338 3603 autem
2359 3558 2673 3614 responsum
2696 3555 2798 3596 non
2828 3539 2974 3595 dedit
3000 3539 3069 3594 ei.
3104 3537 3241 3593 Dicit
3266 3552 3392 3608 ergo
3412 3538 3460 3593 ei
3486 3537 3573 3592 Pi-

1981 3640 2115 3695 latus
2142 3655 2156 3692 :
2188 3637 2312 3692 Mihi
2340 3650 2448 3691 non
2476 3632 2745 3705 loqueris?
2770 3630 2957 3687 Nescis
2980 3630 3102 3701 quia
3132 3635 3445 3698 potestatem
3471 3626 3570 3681 ha-

1981 3733 2082 3789 beo
2125 3729 2436 3800 cruciﬁgere
2468 3736 2538 3794 te,
2565 3734 2620 3783 et
2646 3732 2961 3797 potestatem
3000 3721 3173 3778 habeo
3197 3721 3465 3778 dimittere
3484 3722 3573 3777 te?

1981 3823 2277 3896 RcSpondit
2305 3822 2461 3879 Jesus
2492 3837 2506 3875 :
2535 3818 2654 3875 Non
2695 3817 2921 3873 haberes
2952 3821 3271 3888 potestatem
3318 3813 3573 3871 adversus

1980 3936 2068 3975 me
2106 3918 2289 3984 ullam,
2317 3915 2419 3971 nisi
2466 3913 2559 3969 tibi
2602 3911 2783 3969 datum
2816 3917 2960 3967 esset
3005 3908 3253 3978 desuper.
3286 3906 3574 3977 Propterea

1982 4012 2072 4082 qui
2101 4008 2317 4066 tradidit
2348 4022 2436 4063 me
2464 4005 2580 4073 tibi,
2613 4003 2784 4074 majus
2823 4008 3100 4072 peccatum
3132 3999 3310 4055 habet.
3366 3997 3573 4054 Exinde

1983 4104 2185 4160 Pilatus
2210 4100 2483 4171 quaerebat
2508 4096 2777 4152 dimittere
2802 4108 2947 4149 eum.
2988 4111 3007 4146 ι
3038 4090 3095 4145 1n
3117 4091 3221 4147 hoc
3248 4090 3405 4163 igitur
3431 4087 3576 4159 quod

1983 4192 2258 4265 quierebat
2302 4189 2504 4245 Pilatus
2532 4187 2801 4243 dimittere
2846 4198 2985 4250 eum,
3015 4191 3270 4254 quantum
3322 4179 3577 4249 temporis

1984 4298 2230 4362 putamus
2260 4284 2423 4340 fuisse
2442 4287 2836 4351 consumptum,
2859 4284 3054 4347 quanta
3074 4272 3430 4344 praetermissa
3459 4286 3577 4342 qua

1985 4361 2069 4437 vel
2105 4396 2137 4435 a
2167 4378 2336 4432 Pilato
2366 4373 2699 4436 dicebantur,
2731 4368 2815 4423 vel
2842 4382 2875 4422 a
2899 4364 3099 4421 Judaais
3140 4361 3577 4418 coutradiceban-

1987 4484 2091 4538 tur,
2113 4481 2388 4541 quousque
2402 4465 2641 4519 dicerent
2657 4458 2827 4517 Judaei
2853 4456 2992 4513 unde
3016 4455 3106 4511 ille
3124 4462 3574 4523 commoveretur,

1985 4572 2042 4619 et
2074 4559 2323 4618 cederet?
2370 4555 2443 4611 Ita
2474 4554 2617 4610 enim
2646 4551 2928 4622 sequitur:
2976 4565 2994 4600 ι
3031 4545 3201 4603 Judaei
3249 4554 3427 4601 autem
3468 4543 3579 4600 ela-

1986 4657 2205 4714 mabant
2254 4654 2533 4709 dicentes:
2562 4649 2621 4706 Si
2656 4648 2798 4704 hunc
2840 4644 3084 4713 dimittis,
3125 4658 3232 4700 non
3271 4657 3331 4699 es
3373 4642 3576 4699 amicus

1985 4748 2242 4814 Caesaris;
2272 4744 2445 4802 omnis
2473 4742 2646 4814 quise
2668 4755 2848 4811 regem
2881 4737 3025 4806 facit,
3056 4735 3375 4793 contradicit
3399 4736 3574 4792 Caesa-

1985 4844 2052 4900 ri.
2092 4841 2293 4897 Pilatus
2321 4852 2449 4908 ergo
2482 4850 2605 4891 cum
2640 4831 2874 4888 audisset
2905 4830 3002 4885 hos
3030 4843 3329 4895 sermones,
3360 4827 3580 4883 adduxit

1986 4934 2130 4990 foras
2159 4931 2364 4995 Jesum,
2393 4936 2446 4983 et
2468 4925 2610 4981 sedit
2636 4940 2732 4996 pro
2760 4922 3006 4979 tribunali
3031 4922 3089 4976 in
3111 4923 3231 4976 loco
3270 4920 3357 4989 qui
3389 4919 3580 4973 dicitur

1986 5025 2365 5088 Lithostrotos,
2398 5017 2648 5075 hebraiee
2696 5022 2870 5069 autem
2897 5010 3191 5068 Gabbatha.
3224 5008 3357 5064 Erat
3395 5018 3575 5063 autem

1989 5127 2273 5190 paraseeve
2294 5108 2530 5174 Paschae,
2550 5106 2679 5161 hora
2699 5104 2851 5175 quasi
2870 5110 3040 5158 sexta.
3062 5121 3081 5153 ι
3108 5100 3189 5155 Ab
3204 5099 3293 5154 illa
3307 5113 3433 5169 ergo
3452 5113 3579 5153 voce

1986 5210 2289 5269 Judteorum
2313 5220 2416 5277 qua
2444 5202 2613 5274 primo
2642 5197 2909 5263 dixerunt,
2940 5192 3189 5265 Cruci/iga
3208 5234 3224 5259 ,
3275 5206 3398 5247 eum
3436 5200 3578 5247 esset

1988 5304 2116 5360 hora
2145 5300 2318 5365 tertia,
2342 5312 2508 5367 usque
2533 5292 2601 5348 ad
2626 5293 2728 5347 hoc
2753 5305 2859 5361 quo
2888 5288 3023 5344 sedit
3053 5303 3149 5357 pro
3182 5284 3450 5350 tribunali,
3487 5301 3580 5354 per

1987 5394 2191 5451 medias
2233 5405 2411 5446 moras
2450 5382 2802 5443 cunctationis
2851 5380 3003 5437 Pilati
3046 5386 3100 5433 et
3145 5376 3579 5433 tumultuantium

1986 5486 2313 5550 Judteorum,
2341 5480 2460 5535 dum
2487 5478 2631 5531 horae
2655 5471 3049 5547 praeterieram,
3084 5478 3137 5525 et
3163 5476 3373 5540 peracta
3396 5466 3580 5540 quinta

1983 5582 2092 5654 jam
2118 5582 2186 5637 de
2214 5588 2360 5635 sexta
2385 5574 2585 5646 aliquid
2609 5580 2861 5643 cmperat.
2890 5569 3026 5625 Dicit
3045 5583 3170 5641 ergo
3184 5565 3222 5621 .1
3226 5566 3384 5622 udteis
3412 5562 3583 5619 :Ecce

2051 5738 2069 5770 ¹
2094 5734 2294 5785 Codices
2324 5730 2510 5793 plures,
2555 5725 2841 5793 explicatius
2860 5730 3077 5783 enarrat,
3358 5726 3414 5793 tit
3426 5718 3575 5793 infra,

1988 5811 2105 5862 pro:
2135 5784 2259 5846 Tunc
2281 5784 2393 5862 etim
2422 5784 2725 5862 flagellasset,
2753 5798 2857 5849 Mss,
2905 5800 3079 5850 magno
3101 5784 3342 5857 consensu
3363 5784 3578 5851 habent:

1993 5853 2166 5914 'Tamen
2188 5869 2298 5908 cum
2320 5853 2614 5910 ﬂaaeluisset-
