4076 6468
518 456 655 515 1187

515 590 611 633 res
629 578 807 630 vester.
835 564 929 625 Illi
953 573 1120 623 autem
1144 559 1464 617 clamabant:
1497 555 1658 623 Tolle,
1687 554 1834 624 tolle,
1859 552 2098 624 crusiﬁgs

516 680 661 721 eun.
674 660 791 720 Sed
800 657 1395 731 nequejamcommotus
1403 644 2109 707 Pilamstimorecalumnize

520 753 671 817 facile
698 750 943 811 cedebat.
966 743 1114 806 Tunc
1139 742 1283 800 enim
1310 756 1442 797 uxor
1469 739 1586 811 ejus
1612 736 1682 794 ad
1719 751 1851 793 eum.
1884 734 2107 793 miseras

518 847 907 916 scdentcmpro
924 836 1207 897 tribunali:
1226 834 1366 909 quod
1394 830 1783 909 praeoccupavit
1805 827 2103 894 Mattbzens,

518 938 737 1011 qui-.lnc
772 934 919 992 solus
962 927 1405 989 commemoravit
1446 934 1728 997 antequam
1764 921 1830 979 ad
1858 937 1983 978 eum
2023 921 2105 976 ιο-

518 1046 651 1091 sum
674 1023 1246 1088 narrationisvenimt,
1279 1030 1341 1079 ut
1364 1020 1435 1079 ibi
1465 1019 1567 1075 hoc
1594 1026 1841 1089 poneret,
1880 1014 1975 1071 ubi
2004 1028 2104 1084 op-

518 1130 801 1190 portunum
825 1116 1101 1188 judicavit.
1132 1113 1368 1170 Tentans
1392 1110 1569 1181 itaque
1589 1108 1765 1165 adhuc
1787 1107 2011 1172 Pilatus,
2038 1120 2113 1162 ne

517 1212 653 1289 quid.
673 1210 983 1282 proliceret.
1016 1206 1151 1265 dixit
1175 1205 1256 1263 eis
1277 1222 1303 1259 :.
1315 1204 1507 1277 Regem
1530 1209 1753 1257 vestrm
1776 1197 2109 1289 cruciﬁgitur?

523 1286 910 1374 Responderunt
937 1299 1199 1371 pontiﬁces
1219 1310 1242 1352 :
1267 1294 1321 1350 Ν
1324 1312 1390 1350 οη
1409 1293 1647 1348 habemus
1681 1306 1851 1363 regem
1869 1289 1971 1344 nisi
1992 1286 2105 1345 Cat-

518 1410 707 1451 sarem.
726 1391 865 1451 Tunc
875 1406 993 1463 ergo
1011 1387 1227 1447 tradidit.
1234 1387 1303 1441 eis
1316 1384 1461 1441 illum
1474 1391 1527 1439 ut
1539 1380 1914 1453 crucifigeretur
1929 1377 2104 1450 (lacn.

520 1502 638 1553 snt,
656 1486 794 1542 446
812 1483 859 1556 ).
902 1482 973 1543 Et
1004 1483 1130 1537 dum
1159 1478 1355 1551 pergit,
1390 1486 1442 1532 et
1478 1472 1606 1531 dum
1633 1471 1958 1542 cruciﬁgitur
1985 1484 2119 1525 eum

520 1574 1067 1639 duobuslatronibus,
1113 1572 1243 1629 dum
1263 1579 1443 1629 vestes
1470 1567 1598 1637 ejus
1630 1563 1954 1629 dividqu,
1976 1569 2031 1617 et
2056 1562 2119 1616 in.

520 1680 731 1733 sortem
774 1668 873 1728 illa.
910 1666 1086 1723 tunica
1136 1660 1433 1728 mittitus‘,
1456 1667 1612 1731 atque
1640 1659 1778 1713 inter
1818 1654 1932 1710 haec
1953 1654 2110 1711 variis

527 1761 781 1824 conviciis
805 1756 1043 1819 illuditur
1082 1753 1269 1829 (simul
1306 1752 1457 1813 enim
1489 1764 1610 1808 cum
1659 1748 1747 1805 illa
1775 1752 2105 1818 gererentur,

523 1852 687 1916 etiam
705 1850 942 1909 convicia
961 1845 1315 1919 ﬁndebantur)
1340 1883 1356 1911 ,
1386 1840 1651 1917 completa
1674 1846 1758 1895 est
1781 1836 1912 1893 liora
1938 1845 2119 1903 sexta,

526 1954 588 2007 et
603 1944 753 2000 factae
776 1948 901 1998 sunt
926 1938 1191 2006 tenebrae,
1207 1950 1339 2007 quas
1359 1933 1659 1998 Mattlueus,
1687 1929 1897 1987 Marcus
1917 1936 1972 1983 et
2001 1927 2108 1985 Lu-

526 2048 621 2097 cas
640 2037 1085 2090 commemorant.

600 2123 690 2179 41.
719 2122 841 2180 Jam
868 2120 1044 2190 itaque
1068 2122 1280 2171 corruat
1308 2113 1471 2185 impia
1496 2110 1783 2183 pertinacia
1798 2151 1816 2179 ,
1855 2116 1915 2166 et
1931 2106 2115 2165 credat

533 2212 821 2269 Dominum
842 2209 1022 2265 Jesum
1059 2205 1353 2273 Christum,
1374 2212 1431 2259 et
1457 2202 1612 2258 tertia
1647 2202 1783 2256 bora
1801 2200 2119 2256 crucilixum

530 2302 709 2376 lingua
736 2301 1064 2368 ludmorum,
1093 2308 1149 2356 et
1169 2308 1318 2355 sexta
1341 2296 1584 2353 manibus
1611 2296 1835 2351 militum
1867 2312 1881 2348 :
1912 2296 2033 2365 quia
2060 2294 2109 2351 in

531 2394 765 2455 tumultu
787 2392 1113 2456 Judteorum,
1140 2399 1195 2447 et
1220 2388 1375 2447 Pilati
1396 2388 1633 2455 restibus,
1654 2385 1772 2443 duae
1796 2397 1953 2459 atque
1995 2402 2111 2443 am-

530 2487 669 2559 plius
701 2485 847 2543 hora:
873 2484 1244 2556 prmterierunt
1269 2496 1303 2541 a
1334 2495 1466 2537 voce
1490 2495 1593 2551 qua
1620 2480 1900 2548 dixerunt,
1933 2478 2112 2535 Cruci-

535 2582 656 2653 ﬁge.
681 2578 924 2649 Sedipsc
950 2576 1189 2643 Marcus,
1207 2573 1296 2646 qui
1324 2576 1558 2631 maxime
1581 2571 1855 2629 brevitatis
1883 2579 2115 2628 sectator

532 2682 650 2742 cit,
682 2671 915 2731 breuiter
944 2669 1110 2727 voluit
1133 2667 1385 2723 intimare
1404 2664 1561 2723 Pilati
1586 2664 1915 2719 voluntatem
1944 2671 2006 2719 ct
2019 2676 2111 2717 co-

532 2772 713 2829 natum
737 2777 833 2839 pro
863 2760 1075 2821 Domini
1097 2758 1221 2815 vita.
1253 2757 1387 2815 Cum
1405 2757 1546 2813 enim
1574 2755 1814 2820 dixisset,
1837 2756 1901 2808 At
1922 2753 1998 2808 illi
2026 2755 2117 2808 ite-

528 2872 644 2913 rum
683 2854 1065 2918 clomatmunt,
1093 2847 1345 2921 Cruciﬁge
1384 2864 1536 2914 eum,
1582 2846 1670 2902 ubi
1702 2844 1932 2903 ostendit
1974 2844 2115 2915 quod

526 2947 642 3020 jam
656 2946 1045 3013 clamaverant,
1062 2957 1184 3000 cum
1209 2941 1409 3001 uellent
1432 2940 1531 2997 sibi
1559 2938 1754 2995 dimitti
1783 2937 2072 2995 Barabbam
2098 2954 2112 2992 :

530 3035 794 3107 adiunxit.
832 3034 1032 3095 Pilatus
1051 3050 1167 3090 vero
1188 3032 1377 3087 dicebat
1404 3031 1495 3098 eis,
1532 3029 1669 3098 Quid
1694 3030 1826 3083 enim
1855 3027 1975 3082 muli
2001 3027 2116 3099 fecit

530 3127 739 3200 (Marc.
780 3143 871 3194 sv,
916 3124 1187 3197 13,14)?
1222 3125 1333 3179 lloc
1370 3122 1532 3178 modo
1572 3122 1809 3178 breviter
1835 3120 2118 3177 insinuavit

532 3220 673 3291 quidi
698 3218 789 3278 diu
826 3227 1035 3290 gestum
1062 3228 1164 3273 est.
1205 3216 1403 3275 Memor
1432 3224 1608 3270 tamen
1648 3214 1806 3269 etiam
1838 3213 1950 3283 ipse
1975 3210 2116 3282 quod

531 3312 699 3373 vellet
735 3310 1009 3381 intelligi,
1040 3323 1150 3366 non
1193 3308 1309 3374 ait,
1335 3306 1534 3363 Pilatus
1568 3320 1695 3361 vero
1724 3303 1865 3360 dixit
1880 3304 1957 3359 eis
1978 3319 1997 3369 -,
2022 3303 2118 3361 sed

530 3401 626 3469 sit,
658 3400 865 3457 Pilatus
885 3417 997 3456 vero
1025 3398 1217 3456 dicebat
1242 3399 1333 3465 eis,
1363 3396 1499 3464 Quid
1517 3396 1647 3451 enim
1668 3392 1790 3449 mali
1814 3392 2115 3465 fecit?Quia

532 3492 583 3547 si
605 3491 828 3560 diceret,
859 3491 1032 3556 dixit;
1058 3490 1209 3561 quasi
1233 3489 1395 3544 semel
1425 3482 1625 3542 dictum
1653 3482 2068 3555 iutelligeremus
2098 3500 2112 3539 :

426 3641 430 3645 4
531 3584 654 3659 Quia
679 3598 807 3639 vero
836 3583 911 3639 ait
927 3623 949 3649 ,
971 3580 1203 3646 dicebat;
1229 3579 1365 3636 satis
1383 3576 1643 3634 intimavit
1670 3575 2081 3647 intelligentibus
2098 3616 2115 3643 ,

530 3676 715 3737 multis
740 3674 913 3732 modis
942 3682 997 3733 et
1020 3688 1165 3744 saepe
1199 3671 1398 3731 dictum
1424 3682 1544 3727 esse
1564 3710 1579 3736 ,
1610 3684 1885 3740 quousque
1912 3667 2117 3740 incipe-

538 3765 783 3832 retbora.
796 3775 965 3824 sexta.
993 3766 1295 3838 Cogitemus
1317 3778 1445 3835 ergo
1473 3778 1630 3834 quam
1651 3761 1883 3817 breviter
1908 3761 2009 3816 hoc
2037 3761 2117 3816 di-

538 3860 680 3924 xerit
701 3860 907 3921 Ilioneus
929 3858 984 3921 in
1007 3859 1407 3929 comparatione
1434 3850 1693 3920 ﬂattluei,
1708 3869 1865 3925 quam
1887 3852 2119 3909 breviter

535 3949 807 4011 Matthazus
837 3951 897 4005 in.
914 3938 1312 4020 comparatione
1348 3945 1507 4003 Luca:
1526 3985 1553 4013 ν
1574 3961 1731 4018 quam
1756 3944 1991 4002 breviter
2011 3944 2119 4000 Lu-

530 4056 623 4103 cas
656 4042 710 4101 in
737 4040 1132 4111 comparatione
1171 4036 1390 4094 Joannis
1412 4079 1433 4105 ,
1460 4052 1580 4091 cum
1623 4045 1796 4093 tamen
1826 4035 1930 4091 alia
1957 4042 2117 4107 atque

532 4136 634 4197 alia
660 4134 884 4211 quisque
923 4138 1403 4195 commemoraret;
1434 4143 1590 4199 quam
1616 4126 1847 4198 denique
1882 4126 2118 4183 breviter

538 4225 654 4305 ipse
675 4226 909 4287 Joannes
936 4224 991 4280 in
1024 4218 1421 4294 comparatione
1441 4234 1618 4274 rerum
1645 4234 1762 4290 quae
1784 4227 1946 4290 gesta:
1971 4226 2114 4288 sunt,

528 4329 587 4376 et
610 4334 885 4383 morarum
920 4332 1047 4375 cum
1072 4315 1162 4371 illa
1189 4320 1540 4386 gererentur:
1566 4319 1620 4368 et
1646 4312 1761 4368 sine
1795 4310 1998 4367 insania
2025 4325 2115 4369 re-

530 4409 750 4473 sistendi
776 4410 1059 4467 credamus
1073 4408 1206 4464 duas
1225 4404 1385 4462 horas
1410 4413 1461 4463 et
1486 4402 1738 4481 quiddam
1761 4402 1816 4459 in
1836 4402 1926 4459 illo
1950 4404 2113 4459 inter-

532 4504 672 4565 vallo
697 4501 924 4565 transire
949 4500 1207 4581 potuisse.

601 4596 691 4653 48.
716 4595 964 4665 Quisquis
992 4601 1168 4650 autem
1195 4590 1389 4647 dixerit
1414 4588 1651 4661 potuisse
1674 4586 1932 4657 Marcum,
1964 4590 2009 4644 si
2044 4589 2115 4645 ita

532 4697 679 4749 esset
698 4728 714 4754 ,
758 4701 835 4743 eo.
867 4696 1107 4758 tempore
1138 4682 1316 4740 dicere
1346 4681 1507 4738 fuisse
1536 4681 1722 4737 horam
1753 4682 1982 4748 tertiam,
2011 4695 2116 4751 quo

534 4787 653 4835 erat
678 4775 810 4832 liora
838 4774 1012 4841 tertia,
1039 4786 1160 4831 cum
1202 4789 1306 4828 vox
1331 4771 1636 4829 Judzeorum
1665 4770 1731 4827 de
1759 4772 2116 4843 crnciligendo

535 4869 761 4926 Domino
801 4867 1103 4932 sonuisset,
1140 4862 1316 4920 dicere
1342 4865 1502 4920 etiam
1532 4862 1672 4935 quod
1712 4879 1832 4919 eum
1866 4872 1989 4919 tunc
2015 4863 2116 4934 ipsi

534 4958 932 5026 cruciﬂxerint;
962 4957 1122 5013 nimis
1148 4955 1377 5027 superbe
1405 4957 1548 5028 leges
1585 4956 1946 5012 narratoribus
1976 4958 2116 5012 veri-

532 5053 657 5109 tatis
682 5049 924 5124 imponit.
957 5048 1046 5106 Sic
1065 5048 1206 5105 enim
1238 5055 1409 5118 potest
1431 5041 1630 5112 dicere,
1659 5045 1704 5102 si
1734 5046 1847 5103 hzec
1867 5045 1978 5118 ipse
1995 5060 2119 5103 nar-

530 5150 697 5208 raret,
726 5156 793 5197 eo
810 5137 969 5195 modo
988 5136 1282 5207 eodemque
1301 5134 1487 5192 ordine
1511 5136 1578 5191 ab
1599 5136 1843 5191 omnibus
1869 5137 2117 5194 debuisse

532 5230 778 5298 narrari,
820 5244 927 5302 quo
973 5230 1087 5300 ipse
1133 5227 1383 5283 narravit.
1434 5224 1687 5299 Dignatur
1723 5238 1852 5297 ergo
1890 5227 2116 5283 consilio

535 5320 701 5378 Marci
738 5318 1077 5393 evangelista.-
1106 5316 1346 5388 superari
1378 5316 1657 5372 consilium
1702 5330 1887 5385 suum,
1929 5316 2019 5387 qui
2051 5332 2116 5373 eo

534 5413 656 5470 loco
692 5406 743 5468 id
773 5411 1076 5489 ponendum
1101 5406 1374 5480 judicavit,
1415 5420 1519 5479 quo
1544 5408 1663 5463 loco
1685 5406 1861 5463 divina
1886 5407 2115 5478 inepira-

530 5504 677 5560 tione
704 5508 1010 5574 suggestum
1037 5508 1139 5555 est.
1176 5497 1590 5555 Recordationes
1618 5498 1762 5554 enim
1794 5512 1976 5554 eorum
2001 5499 2116 5569 ejus

534 5613 692 5653 manu
714 5596 1017 5667 gnbernatm
1038 5600 1180 5659 sunt,
1203 5592 1291 5663 qui
1311 5592 1567 5661 gubernat
1590 5604 1799 5661 aquam,
1827 5591 1963 5648 sicut
1985 5592 2117 5648 scri-

535 5700 685 5761 ptum
707 5688 1065 5762 esng
1092 5687 1169 5744 illi
1196 5685 1473 5758 placuerit.
1502 5684 1700 5740 Fluitat
1722 5686 1864 5741 enim
1887 5685 2115 5743 humana

537 5781 797 5837 annumin
821 5794 919 5851 per
957 5780 1131 5836 varius
1168 5777 1551 5850 cogitationes,
1590 5791 1692 5833 nec
1720 5776 1775 5832 in
1802 5779 2113 5851 csjusquam

598 5894 616 5927 ⁸
643 5898 750 5943 uss.
774 5890 902 5954 duo,
924 5888 1534 5946 etsarsirtillarntimumn
1555 5888 1775 5943 mittitur;

1260 480 1270 484 -
1331 444 1421 500 DE
1456 437 1804 500 CONSENSU
1841 431 2497 501 EVANGELISTARUM,
2536 432 2593 491 8.
2637 433 3008 494 AUGUSTINI

3655 441 3795 499 “88

2209 558 2470 624 potestate
2486 548 2719 623 estquid
2739 548 3023 621 etquando
3046 550 3097 609 ei
3120 551 3296 609 veniat
3310 551 3367 613 in
3381 561 3640 613 mentem.
3663 554 3807 617 Cum.

2207 658 2334 717 ergo
2354 643 2439 698 illi
2460 643 2635 699 sancti
2655 652 2710 700 et
2739 658 2965 701 veraces
2984 645 3093 701 viri
3112 647 3264 717 quasi
3293 647 3510 705 fortuita
3539 650 3796 707 recorda-

2209 738 2409 793 tionum
2438 753 2663 795 suarum
2685 748 2902 811 propter
2941 740 3273 797 errationis
3289 741 3537 798 ordinem
3575 745 3801 801 occulta

2209 829 2311 885 Dei
2335 828 2600 900 potestati,
2645 829 2733 885 cui
2776 829 2911 887 nillil
2936 828 3212 887 fortuitum
3239 839 3349 899 est,
3376 832 3801 903 commisissent,

2208 935 2320 979 non
2344 929 2553 991 oportet
2579 935 2903 993 quamquam
2939 919 3216 978 hominum
3244 920 3430 979 dicere
3454 922 3615 996 longe
3648 923 3798 995 abie-

2208 1022 2354 1068 ctam
2377 1014 2443 1069 ab
2467 1013 2634 1069 oculis
2663 1013 2765 1069 Dei.
2786 1021 2851 1069 et
2868 1014 3029 1087 longe
3062 1014 3516 1086 peregrinantem,
3542 1016 3658 1072 Hoc
3685 1018 3809 1074 ιυω

2209 1104 2337 1174 poni
2355 1103 2567 1172 debuit,
2588 1104 2729 1176 quod
2757 1103 2917 1161 valde
2935 1104 3260 1179 ignoratcur
3282 1121 3353 1163 eo
3370 1106 3657 1164 locoDeus
3676 1108 3809 1178 poni

2208 1197 2456 1253 voluerit.
2487 1197 2622 1263 Quia
2645 1207 2694 1252 et
2709 1197 2758 1253 si
2782 1196 3077 1257 abuelotunt
3102 1208 3185 1257 est
3204 1201 3801 1272 euangelistam,

2209 1289 2292 1349 ait
2308 1291 2617 1360 Apostolus,
2652 1291 2711 1347 is
2741 1292 2919 1365 iistpi
2939 1302 3151 1364 meum
3175 1292 3554 1351 obvdatumest
3575 1293 3659 1368 (ll
3681 1294 3803 1351 Con

2158 1437 2177 1453 ,
2208 1398 2284 1449 tv,
2320 1382 2410 1457 ὃ).
2438 1383 2655 1443 Etcum
2681 1384 3083 1452 dixisset,Aliis
3117 1387 3320 1460 quidem
3344 1403 3519 1443 simul
3539 1387 3669 1442 odos
3692 1387 3819 1444 sita.

2208 1473 2269 1528 iu.
2290 1475 2469 1541 uitam,
2506 1476 2623 1530 aliis
2646 1475 2773 1531 odor
2803 1476 2980 1532 mortis
3002 1477 3057 1532 in
3080 1488 3333 1543 mortem;
3351 1477 3577 1549 subjecit
3594 1478 3804 1545 unum,

2212 1565 2526 1623 Etadluec
2573 1568 3825 1642 quisidom(ﬂ.u,16,)?iim.tytii~

2213 1658 2434 1719 idoneus
2460 1658 2757 1731 intelligere
2776 1661 3105 1731 qusmjuste
3125 1660 3251 1719 iiut?
3271 1661 3425 1730 Quod
3456 1661 3606 1719 idem
3626 1662 3823 1719 Domi-

2214 1766 2316 1807 nus
2345 1751 2474 1805 dicit
2498 1769 2510 1803 :
2541 1750 2654 1823 Ego
2675 1752 2805 1816 veni,
2832 1760 2890 1806 ut
2915 1752 3007 1823 qui.
3031 1769 3143 1807 non
3159 1752 3355 1815 uident...
3378 1752 3699 1818 uideant;et
3717 1752 3823 1824 qui.

2211 1841 2400 1907 vident,
2427 1842 2546 1897 eieci
2564 1842 2692 1910 ﬁant
2733 1839 2927 1915 (Jama.
2950 1842 3116 1910 tx,59
3133 1841 3185 1914 ).
3207 1842 3431 1917 Ipsaest
3459 1841 3611 1899 enim
3627 1842 3812 1899 allian-

2211 1931 2283 1989 do
2312 1932 2613 1988 divitiarum
2638 1932 2876 1989 scientias
2903 1942 2965 1988 et.
2977 1933 3253 2004 sapientia:
3272 1932 3391 1998 Dei,
3414 1948 3525 2003 qua
3546 1932 3699 1991 lites
3718 1948 3825 1988 es.-

2213 2023 2341 2085 dem
2359 2038 2537 2081 massa
2560 2024 2703 2079 aliud
2726 2040 2823 2080 vas
2844 2025 2909 2081 in.
2923 2024 3223 2093 honorem,
3249 2023 3405 2082 aliud.
3435 2025 3491 2081 in
3517 2034 3808 2083 contume-

2215 2114 2375 2182 liam;
2415 2122 2470 2170 et
2503 2115 2701 2172 dicitur
2724 2115 2871 2173 carni
2900 2124 2954 2171 et
2977 2115 3240 2187 sanguini,
3275 2114 3319 2173 Ο
3349 2115 3500 2171 homo
3520 2125 3577 2170 tu
3595 2114 3708 2185 quis
3736 2102 3814 2171 es‘

2212 2209 2303 2279 qui
2335 2209 2639 2279 respondeas
2675 2205 2785 2265 Deo
2813 2209 2999 2279 (Rom.
3036 2224 3112 2276 is,
3154 2209 3253 2276 Si,
3271 2206 3416 2281 20-)?
3445 2208 3583 2276 Quis
3600 2221 3739 2279 ergo.
3758 2216 3829 2267 et.

2216 2300 2392 2359 iubae
2416 2316 2477 2356 re
2504 2302 2780 2373 cognoscit
2806 2302 3134 2359 intellectmn
3165 2301 3518 2369 Doniini,.aut
3539 2302 3660 2372 quis
3682 2316 3816 2356 con-

2215 2393 2446 2450 siliarius
2475 2394 2559 2450 illi.
2583 2393 2682 2449 luit
2705 2392 2827 2465 (Id.
2862 2410 2955 2459 si,
2993 2394 3083 2459 55,
3117 2392 3253 2464 '54.),
3276 2393 3375 2450 ubi.
3392 2394 3475 2450 sic
3495 2393 3825 2466 gubernavit

2216 2484 2377 2541 corda
2403 2484 2858 2541 reminiscentium
2894 2484 3405 2555 Evangelistarunu,
3432 2494 3487 2541 et
3531 2484 3601 2542 in.
3625 2483 3817 2540 Eccle-

2215 2574 2311 2631 siae
2341 2574 2547 2646 fastigio
2581 2584 2728 2631 tanto
2766 2575 3107 2631 auctoritatis
3126 2574 3361 2631 culmine
3398 2572 3726 2639 sublimavit,
3756 2581 3825 2631 ut

2218 2680 2314 2737 per
2334 2665 2449 2721 llaec
2471 2666 2581 2735 ipsa
2605 2681 2724 2737 qua:
2742 2666 2805 2721 in.
2816 2665 2895 2722 eis
2914 2664 3180 2721 contraria
3204 2662 3381 2722 videri
3396 2672 3643 2735 passunt,
3659 2662 3826 2720 multi

2217 2767 2639 2824 excaecarentur,
2670 2756 2829 2830 digne
2855 2754 3036 2811 traditi
3073 2755 3129 2811 in
3153 2755 3609 2826 concupiscentias
3633 2752 3819 2811 cordis

2217 2850 2321 2914 sui,
2348 2861 2400 2905 et
2425 2850 2479 2904 in
2511 2849 2795 2921 reprobuin
2829 2864 3044 2905 sensum
3077 2845 3202 2922 (Id.
3232 2863 3283 2919 ι,
3300 2845 3403 2915 24,
3420 2847 3643 2919 28);et
3659 2847 3823 2907 multi

2218 2948 2592 2997 exercerentur
2617 2938 2685 2995 ad
2726 2938 3050 2995 elimandum
3078 2939 3220 3010 pium
3258 2938 3583 2997 intellectum
3617 2954 3818 2995 secunv

2216 3029 2342 3087 dum
2364 3030 2629 3089 occultam
2648 3028 3039 3100 Omnipotentis
3054 3028 3351 3101 justitiam?
3373 3029 3509 3087 Dicit
3525 3029 3677 3089 enim
3691 3044 3818 3103 pro-

2219 3119 2373 3193 pheta
2397 3120 2622 3177 Domino
2650 3137 2667 3177 :
2695 3117 2867 3176 Nimis
2888 3119 3159 3192 profunda:
3182 3124 3330 3193 facta
3352 3129 3469 3179 sunt
3486 3121 3821 3192 cogitationes

2221 3221 2360 3279 tute;
2382 3212 2457 3269 uir
2483 3213 2775 3283 imprudens
2794 3228 2895 3268 non
2922 3224 3203 3286 cognoscet,
3233 3222 3281 3269 et
3303 3214 3486 3271 stultus
3507 3231 3617 3271 non.
3632 3215 3817 3273 intelli-

2216 3314 2296 3383 get
2326 3306 2434 3360 Iure
2459 3303 2643 3380 (Psal.
2673 3320 2784 3374 xei,
2812 3305 2867 3373 6,
2899 3305 2996 3379 7).

2288 3395 2376 3453 49.
2414 3397 2547 3453 Peto
2578 3408 2757 3455 autem
2777 3440 2791 3467 ,
2823 3406 2879 3455 et
2904 3399 3169 3457 admoneo
3193 3414 3289 3457 eos
3320 3401 3413 3473 qui
3440 3399 3557 3458 hac
3589 3401 3825 3475 legunt,

2222 3504 2316 3560 per
2345 3503 2443 3544 nos
2463 3488 2745 3560 adiuvante
2767 3490 2993 3547 Domino
3014 3490 3307 3560 elaborata,
3334 3501 3392 3548 ut
3418 3491 3577 3563 hujus
3600 3508 3815 3550 sermo-

2218 3580 2303 3641 nis
2322 3596 2480 3652 quem
2509 3580 2612 3636 hoc
2650 3581 2766 3637 loco
2801 3582 3241 3654 interponendum
3277 3585 3561 3641 arbitratus
3584 3601 3729 3654 sum,
3754 3586 3823 3643 in

2218 3672 2364 3727 omni
2399 3672 2562 3729 simili
2594 3674 2950 3744 quaestionum
2978 3674 3286 3731 difﬁcultate
3325 3677 3698 3744 meminerint,
3743 3691 3818 3735 ne

2218 3764 2416 3835 sa'pius
2451 3765 2639 3821 eadem
2684 3766 2974 3836 repetenda
3011 3768 3140 3823 sint.
3174 3767 3355 3825 Facile
3398 3778 3575 3824 autem
3614 3767 3823 3826 videbit

2218 3858 2308 3931 qui
2339 3859 2456 3914 sine
2484 3858 2769 3928 impietatis
2799 3859 2992 3917 duritia
3037 3860 3263 3917 voluerit
3298 3861 3611 3931 attendere,
3649 3879 3820 3934 quam

2220 3956 2520 4020 Opportuno
2545 3948 2665 4004 loco
2687 3948 2893 4008 Marcus
2914 3949 3015 4006 hoc
3040 3949 3107 4006 de
3128 3950 3284 4006 tertia
3309 3951 3437 4008 liora
3465 3953 3726 4023 posuerit,
3755 3963 3820 4013 ut

2220 4037 2291 4097 ibi
2332 4042 2557 4112 quisque
2601 4042 2912 4099 recordetur
2941 4058 3043 4115 qua
3080 4043 3213 4100 liora
3239 4044 3423 4101 Judzei,
3452 4045 3822 4104 cruciﬁxerint

2218 4129 2523 4199 Dominum,
2552 4131 2643 4201 qui
2671 4133 2919 4189 volebant
2948 4134 3001 4189 in
3028 4132 3297 4192 Romanos
3321 4136 3407 4192 vel
3433 4138 3700 4209 principes
3727 4137 3818 4196 vel

2218 4221 2413 4277 milites
2437 4224 2725 4280 transferre
2752 4224 2922 4294 ipsum
2948 4226 3169 4293 facinus,
3199 4226 3289 4282 ubi
3307 4226 3504 4283 factum
3530 4229 3815 4286 ministro-

2219 4327 2338 4368 rum
2362 4312 2585 4368 militum
2613 4298 3086 4372 commemoratnm
3115 4325 3218 4374 est.
3244 4319 3335 4373 Ait
3358 4317 3617 4388 enim,Et
3643 4322 3813 4379 cruci-

2218 4404 2424 4475 ﬁgentes
2448 4421 2560 4458 eum
2584 4406 2858 4462 diviserunt
2888 4407 3177 4462 vestimenta
3197 4409 3335 4480 ejus,
3354 4410 3602 4467 mittentes
3624 4420 3818 4469 sortem

2218 4511 2369 4565 super
2409 4497 2482 4550 eis
2504 4537 2522 4561 ,
2565 4497 2676 4566 quis
2714 4498 2837 4567 quid
2866 4496 3057 4581 tolleret
3083 4515 3105 4555 ε
3131 4500 3221 4569 qui
3249 4499 3349 4557 hoc
3371 4502 3417 4567 ί.
3451 4501 3555 4559 nisi
3590 4502 3821 4572 milites.

2217 4586 2355 4647 sicut
2387 4587 2620 4645 Joannes
2660 4589 2999 4649 manifestat?
3029 4589 3164 4661 Ergo
3191 4605 3261 4647 ne
3298 4594 3585 4663 quisquam
3604 4593 3811 4664 cogita-

2220 4677 2420 4735 tionem
2442 4679 2574 4735 tanti
2604 4680 2864 4748 criminis,
2894 4694 3116 4739 aversus
3141 4695 3172 4736 a
3198 4679 3416 4751 Judaeis,
3447 4683 3502 4738 in
3526 4682 3723 4739 milites
3748 4682 3814 4743 il-

2218 4769 2300 4827 los
2318 4780 2673 4837 converteret,
2702 4770 2828 4826 Erat
2847 4781 3035 4838 autem,
3070 4771 3262 4842 inquit,
3284 4771 3414 4828 liora
3438 4774 3583 4827 tertia
3615 4782 3663 4828 et
3687 4790 3809 4828 cru-

2217 4867 2488 4937 ciﬁusunt
2530 4881 2685 4932 eum;
2717 4874 2775 4921 ut
2814 4865 2890 4923 illi
2918 4881 3042 4927 eum
3083 4865 3260 4937 potius
3295 4863 3827 4925 cruciﬁxisseinve~

2220 4956 2471 5024 niantur,
2517 4971 2651 5026 quos
2690 4953 2822 5012 hora
2865 4957 3021 5013 tertia
3066 4964 3123 5012 ut
3146 4956 3542 5028 crucifigeretur
3577 4957 3811 5013 clamare

2219 5045 2458 5125 potuisse
2487 5087 2502 5112 ,
2527 5045 2750 5119 diligens
2779 5047 3055 5117 inquisitor
3076 5047 3345 5114 inveniet,
3374 5063 3492 5103 cum
3520 5046 3817 5104 adverterit

2218 5138 2321 5195 hoc
2336 5140 2475 5210 quod
2495 5155 2524 5193 a
2543 5141 2793 5197 militibus
2808 5140 3004 5197 factum
3023 5152 3125 5209 est,
3145 5140 3273 5201 hora
3289 5151 3438 5201 sexta
3457 5143 3652 5199 factum
3664 5158 3807 5201 esse.

2289 5232 2377 5287 50.
2423 5232 2734 5303 Quanquam
2772 5250 2878 5291 non
2918 5234 3093 5291 desint
3132 5236 3224 5307 qui
3267 5252 3615 5308 parasceves,
3647 5252 3807 5310 quam

2218 5319 2451 5379 Joannes
2473 5323 2910 5380 commemoravit
2933 5323 3119 5383 dicens
3138 5366 3154 5392 ,
3183 5323 3313 5381 Erat
3348 5337 3513 5382 autem
3542 5345 3804 5398 pararem

2224 5411 2461 5477 Pascitur.
2480 5414 2604 5468 liora
2632 5413 2739 5485 [ere
2764 5425 2926 5482 sexta,
2950 5414 3135 5471 horam
3168 5416 3272 5471 diei
3302 5419 3511 5475 tertiam
3539 5419 3705 5475 velint
3729 5420 3802 5479 in-

2220 5501 2404 5575 telligi,
2436 5520 2537 5576 qua
2567 5506 2706 5561 sedit
2736 5506 2933 5563 Pilatus
2958 5521 3055 5578 pro
3096 5504 3339 5563 tribunali
3370 5526 3385 5563 :
3412 5518 3470 5563 ut
3489 5509 3676 5566 eadem
3708 5521 3802 5567 tcr-

2222 5597 2291 5655 tia
2328 5599 2590 5668 completa
2635 5598 2906 5669 videatur,
2939 5600 3150 5672 quando
3175 5601 3460 5660 cruciﬁxus
3488 5615 3611 5672 est;
3646 5614 3805 5678 atque

2220 5689 2311 5748 illo
2346 5690 2453 5761 jam
2482 5689 2749 5761 pendente
2778 5691 2831 5747 in
2874 5691 3017 5764 ligno
3039 5735 3054 5760 ,
3098 5694 3219 5749 aliae
3248 5702 3357 5751 tres
3387 5694 3531 5752 horae
3575 5707 3807 5769 peractas

2219 5784 2321 5839 sint
2346 5826 2361 5849 ,
2403 5791 2459 5839 et
2494 5783 2780 5840 reddiderit
2810 5786 3053 5856 Spit-imm
3084 5803 3097 5838 :
3129 5795 3185 5841 ut
3225 5785 3292 5841 ab
3321 5802 3380 5843 ea
3422 5788 3546 5844 liora
3585 5805 3691 5862 qua
3712 5789 3808 5847 de-

2288 5896 3538 5964 lmetlitisatkliuu'Jecerurwquodabestatm.
