4076 6516
555 427 690 486 1191

560 556 680 603 runt
717 562 810 602 ora
839 545 1070 610 leonum,
1097 559 1219 602 cum
1246 542 1391 598 solus
1414 542 1598 600 Daniel
1623 542 1908 614 signiﬁcari
1929 543 2128 598 intelli-

557 646 710 708 gatur
731 653 748 702 ;
773 648 829 692 et
850 636 1123 706 pluraliter
1143 635 1338 690 dictum
1358 674 1373 700 ,
1399 633 1537 690 Secti
1562 645 1678 690 sunt
1703 633 1884 706 (Hebr.
1908 651 1960 689 ιι
1979 675 1995 702 ,
2031 635 2130 691 55-

549 730 676 801 57),
722 745 842 786 cum
885 729 952 785 de
986 728 1102 784 solo
1138 727 1273 782 lsaia
1318 728 1574 785 tradatur.
1619 728 1674 784 lu
1722 728 1936 785 Psalmo
1968 728 2130 784 etiam

548 824 690 894 quod
729 823 925 878 dictum
961 830 1075 888 est,
1116 821 1392 876 Astiterunt
1426 838 1564 894 reges
1593 831 1738 876 terra:
1761 861 1776 889 ,
1804 831 1852 876 et
1878 821 2130 893 principes

546 923 880 970 convenerunt
899 915 953 968 in
990 931 1146 968 unum
1167 955 1183 982 ,
1224 923 1326 970 etc.
1354 955 1369 980 ,
1411 914 1667 984 pluralem
1703 929 1983 970 numerum
2032 927 2130 983 pro

545 1007 796 1076 singulari
839 1006 1066 1076 positum
1088 1048 1104 1073 ,
1146 1007 1200 1060 in
1243 1007 1462 1063 Actibus
1497 1007 1872 1077 Apostolorum
1903 1007 2127 1078 exponi-

546 1105 630 1151 tur
661 1113 674 1148 :
709 1110 830 1150 nam
871 1110 1024 1166 reges
1053 1105 1268 1166 propter
1293 1097 1552 1152 Herodem
1577 1138 1590 1163 ,
1618 1097 1884 1168 principes
1909 1107 2126 1170 propter

543 1186 774 1244 Pilatum
791 1187 1183 1254 intellexerunt,
1202 1187 1290 1256 qui
1311 1188 1667 1250 testimonium
1683 1187 1918 1258 ejusdem
1937 1189 2123 1260 psalmi

542 1277 901 1336 adhibuerunt
924 1276 1098 1351 (Psal.
1127 1295 1183 1346 ιι,
1209 1279 1280 1346 2;
1308 1278 1420 1332 Act.
1453 1295 1529 1346 ιγ,
1554 1279 1645 1346 26,
1667 1280 1778 1352 27).
1805 1280 1909 1337 Sed
1926 1282 2049 1354 quia
2069 1290 2126 1338 et

543 1370 742 1441 Pagani
781 1370 956 1426 solent
999 1369 1307 1426 calumniari
1346 1368 1632 1441 Evangelia
1656 1411 1672 1437 ,
1697 1371 1912 1428 videant
1939 1388 2126 1443 quem-

541 1462 828 1520 admodum
893 1462 1057 1518 locuti
1113 1462 1218 1518 sint
1272 1472 1517 1518 auctores
1562 1477 1778 1532 eorum,
1833 1463 2122 1534 Phtedras,

540 1553 756 1610 Medeas
795 1561 851 1608 et
878 1552 1322 1624 Clytemnestras,
1351 1569 1472 1609 cum
1499 1555 1718 1625 singula:
1745 1553 1957 1611 fuerint.
1987 1557 2125 1624 Quid

545 1655 722 1709 autem
757 1645 998 1701 usitatius
1018 1687 1035 1713 ,
1063 1646 1211 1702 verbi
1237 1647 1402 1718 gratia
1424 1688 1438 1713 ,
1462 1661 1617 1718 quam
1648 1656 1704 1703 ut
1732 1648 1874 1703 dicat
1897 1650 2086 1721 aliquis
2104 1690 2121 1718 ,

539 1735 610 1792 Et
627 1737 814 1793 rustici
838 1737 970 1793 mihi
993 1737 1266 1805 insultant;
1289 1739 1447 1795 etiam
1469 1739 1514 1794 si
1538 1756 1673 1794 unus
1699 1739 1954 1797 insultet?
1975 1742 2124 1798 Tunc

541 1827 684 1882 enim
707 1837 854 1883 esset
877 1830 1200 1884 contrarium
1229 1829 1371 1899 quod
1395 1830 1560 1886 Lucas
1581 1830 1649 1886 de
1675 1847 1781 1886 uno
1809 1832 2120 1889 manifesta-

536 1918 647 1986 vit,
685 1919 733 1975 si
769 1919 844 1974 illi
887 1919 1144 1976 dixissent
1179 1921 1362 1976 ambos
1400 1923 1630 1978 latrones
1663 1923 1987 1980 conviciatos
2016 1926 2121 1980 Do-

538 2009 720 2076 mino;
765 2011 838 2066 ita
874 2011 1016 2066 enim
1045 2027 1152 2067 non
1182 2022 1361 2083 posset
1387 2013 1485 2068 sub
1513 2030 1737 2070 numero
1762 2016 1952 2085 plurali
1983 2032 2118 2073 unus

537 2100 763 2172 intelligi
811 2117 824 2155 :
870 2115 990 2156 cum
1028 2117 1157 2157 vero
1194 2101 1391 2157 dictum
1429 2113 1508 2158 est
1536 2145 1550 2168 ,
1603 2105 1854 2172 latrones,
1883 2107 2002 2172 vel,
2031 2108 2117 2180 qui

537 2209 652 2247 cum
689 2209 746 2247 eo
779 2194 1009 2262 cruciﬁxi
1047 2205 1218 2262 erant,
1258 2211 1357 2251 nec
1379 2195 1612 2250 additum
1639 2206 1754 2266 est,
1782 2199 1980 2266 ambo;
2008 2217 2116 2257 non

535 2285 711 2341 solum
749 2286 794 2342 si
824 2285 981 2341 ambo
1010 2285 1293 2354 fecissent,
1324 2297 1502 2358 posset
1533 2289 1632 2343 hoc
1658 2289 1762 2344 dici
1781 2331 1797 2357 ,
1831 2292 1926 2347 sed
1954 2293 2114 2349 etiam

533 2377 657 2448 quia
681 2393 818 2432 unus
839 2377 940 2432 hoc
960 2379 1103 2444 fecit,
1131 2379 1300 2449 potuit
1320 2381 1510 2435 usitato
1534 2380 1815 2438 locutionis
1834 2383 1995 2440 modo
2020 2401 2115 2456 per

533 2467 792 2538 pluralem
820 2476 1097 2524 numerum
1116 2469 1418 2539 signiﬁcari.

531 2559 758 2617 CAPUT
797 2559 960 2616 XVII.
1004 2591 1076 2601 —
1119 2560 1197 2615 De
1243 2570 1364 2632 potu
1405 2563 1569 2630 aceti,
1609 2563 1857 2633 quomodo
1895 2565 2025 2620 inter
2060 2583 2115 2625 se

1059 2669 1227 2708 omnes
1250 2653 1580 2708 consentiant.

603 2742 693 2799 54.
725 2742 1258 2814 SequiturMatlhazus
1278 2753 1331 2800 et
1355 2745 1482 2800 dicit
1509 2762 1523 2799 :
1553 2745 1598 2800 A
1624 2755 1766 2802 sexta
1794 2756 1961 2802 autem
1985 2749 2111 2804 hora

529 2836 742 2890 tenebrae
755 2839 905 2906 facta:
930 2845 1045 2890 sunt
1068 2853 1218 2908 super
1241 2838 1523 2893 universam
1552 2848 1738 2894 terram
1754 2857 1910 2912 usque
1925 2843 1991 2896 ad
2011 2843 2107 2898 Ito-

525 2941 636 2980 ram
664 2942 848 2980 nonam
875 2925 1088 2998 (Matth.
1120 2944 1290 2993 xvaI,
1318 2928 1528 3002 45ο49).
1557 2929 1666 2986 Hoc
1687 2940 1741 2987 et
1755 2931 1861 2987 duo
1879 2933 1965 2988 alii
1982 2949 2110 2990 con-

529 3015 990 3089 testantur(Marc.
1007 3033 1098 3085 xv,
1124 3018 1307 3086 35-56,
1337 3029 1382 3073 et
1410 3018 1537 3074 Luc.
1560 3037 1707 3089 xxm,
1734 3023 1803 3078 44
1821 3063 1837 3090 ,
1865 3024 1956 3094 45)
1977 3039 1989 3077 :
2014 3024 2108 3080 ad-

527 3107 664 3164 didit
687 3117 864 3164 autem
891 3108 1060 3164 Lucas
1088 3110 1249 3165 etiam
1280 3109 1418 3165 unde
1445 3109 1596 3166 factm
1623 3112 1728 3167 sint
1757 3114 1988 3170 tenebrae
2007 3155 2024 3182 ,
2053 3115 2106 3171 id

522 3208 606 3254 est
646 3199 812 3255 solem
857 3201 1214 3256 obscuratum.
1255 3202 1502 3274 Sequitur
1537 3203 1812 3260 Matthaaus
1840 3223 1854 3260 :
1880 3205 1946 3260 Et
1970 3207 2107 3263 circa

523 3292 700 3348 harant
727 3310 913 3348 nonam
931 3294 1163 3349 clamauit
1191 3294 1339 3351 Jesus
1359 3311 1474 3350 voce
1498 3313 1683 3368 magna
1700 3337 1716 3364 ,
1743 3298 1914 3352 dicens
1939 3313 1959 3352 :
1978 3297 2065 3354 Eli
2082 3340 2100 3369 ,

531 3384 640 3452 Eli,
659 3385 845 3442 lamma
871 3387 1161 3443 sabacthani
1179 3388 1206 3443 ?
1224 3388 1320 3442 hoc
1344 3398 1436 3454 est,
1456 3386 1593 3443 Deus
1608 3388 1916 3458 meus,'Deus
1940 3408 2100 3462 meus,

520 3479 696 3551 utquid
751 3479 1058 3552 dereliquisti
1110 3481 1234 3537 me?
1294 3480 1512 3546 Quidam
1564 3489 1731 3535 autent
1773 3481 1879 3536 illic
1912 3491 2100 3539 stantes

521 3579 568 3626 et
619 3571 876 3626 audientes
905 3611 922 3640 ,
977 3571 1205 3628 dicebant
1249 3587 1268 3626 :
1316 3571 1485 3626 Etiam
1532 3582 1674 3626 vocat
1727 3573 1837 3629 iste.
1895 3573 2101 3631 Marcus

519 3679 656 3734 pene
690 3666 758 3720 ad
797 3665 983 3721 eadem
1026 3665 1222 3733 verba,
1276 3665 1342 3720 ad
1386 3665 1627 3720 eamdem
1673 3675 1848 3722 tamen
1875 3677 2095 3723 senten-

519 3755 648 3811 tiam
696 3771 801 3811 non
853 3770 987 3826 pene
1017 3796 1032 3823 ,
1085 3756 1182 3812 sed
1233 3756 1450 3810 omnino
1501 3757 1783 3811 consentit.
1847 3755 2100 3828 Sequitur

515 3848 794 3905 Matthatus
837 3866 852 3903 :
894 3847 962 3902 Et
999 3850 1234 3904 continuo
1275 3865 1480 3903 currens
1512 3865 1640 3903 unus
1665 3865 1728 3902 ea:
1750 3849 1820 3904 eis
1843 3858 2098 3919 acceptant

515 3941 781 4011 spongiam
803 3940 1023 4010 impleuit
1050 3949 1188 3994 aceto
1207 3981 1222 4007 ,
1248 3949 1292 3995 et
1319 3939 1558 4011 imposuit
1583 3939 1818 3994 arundini
1835 3980 1852 4007 ,
1879 3948 1925 3993 et
1946 3939 2097 3994 dabat

513 4032 560 4087 ei
587 4031 766 4087 bibere.
794 4031 882 4088 Sic
905 4040 958 4088 et
982 4030 1188 4088 Marcus
1216 4030 1344 4086 dicit
1374 4049 1387 4084 :
1419 4029 1636 4087 Currens
1665 4041 1828 4085 autent
1857 4048 1986 4086 unus
2004 4072 2019 4098 ,
2047 4041 2097 4086 et

513 4123 727 4194 implens
749 4123 1012 4194 spongiam
1035 4131 1174 4176 aceto
1197 4162 1214 4190 ,
1238 4123 1713 4193 circumponensque
1735 4122 1932 4176 calamo
1955 4163 1970 4187 ,
1999 4139 2094 4192 po-

511 4219 621 4267 tum
659 4211 809 4268 dabat
847 4214 892 4268 ei
933 4213 1146 4268 dicens:
1180 4210 1376 4278 Sinite,
1407 4211 1660 4266 videamus
1686 4213 1731 4265 si
1758 4213 1921 4266 ueniat
1953 4211 2095 4267 Elius

509 4304 578 4358 ad
605 4303 958 4378 deponendum
980 4321 1114 4359 eum.
1149 4303 1303 4370 Quod
1320 4302 1535 4374 quidem
1555 4302 1623 4358 de
1642 4302 1776 4367 Elia,
1796 4318 1903 4357 non
1921 4303 2091 4372 ipsum

506 4396 600 4467 qui
639 4395 834 4469 obtulit,
865 4396 1138 4468 spongiam
1168 4410 1288 4450 cum
1319 4403 1497 4457 aceto,
1529 4394 1620 4448 sed
1647 4402 1868 4449 cancros
1896 4393 2093 4449 dixisse

506 4485 784 4544 Mattheus
829 4486 1062 4542 narravit
1100 4503 1113 4539 ε
1159 4484 1234 4540 ait
1260 4485 1432 4549 enim,
1465 4482 1640 4538 Crateri
1668 4501 1781 4538 vero
1811 4483 2040 4538 dicebant
2069 4500 2091 4540 :

505 4577 632 4634 Sine
657 4617 675 4646 ,
701 4577 957 4633 videamus
982 4594 1050 4631 an
1076 4576 1238 4631 veniat
1265 4575 1407 4631 Elias
1431 4575 1649 4630 liberans
1672 4592 1785 4630 eum
1808 4592 1829 4640 ;
1849 4575 1989 4630 unde
2012 4577 2093 4630 in-

503 4669 788 4740 telligimus
821 4678 874 4726 et
910 4669 1056 4725 illum
1094 4677 1149 4724 et
1171 4677 1393 4725 cancros
1423 4668 1524 4724 hoc
1549 4667 1765 4723 dlxisse.
1794 4667 1963 4723 Lucas
1993 4683 2090 4722 au-

503 4769 612 4818 tem
650 4768 932 4832 antequam
967 4760 1035 4816 de
1065 4760 1285 4816 latronis
1313 4759 1655 4816 insultatione
1682 4767 1953 4825 narraret,
1986 4756 2089 4813 hoc

500 4853 570 4911 de
616 4863 768 4910 aceto
805 4853 877 4909 ita
920 4853 1355 4910 commemoravit
1399 4870 1412 4907 :
1455 4851 1747 4907 Illudebant
1774 4861 1941 4906 autem
1969 4851 2015 4905 ei
2041 4861 2089 4906 et

501 4946 683 5001 milites
718 4945 1094 5014 accedentes,et
1125 4953 1320 5000 acetum
1344 4944 1606 5011 offerentes
1630 4941 1726 5010 illi,
1758 4950 1805 4997 et
1828 4941 2046 4997 dicentes
2066 4957 2088 5000 :

503 5037 566 5095 Si
593 5049 648 5094 tu
671 5056 722 5094 es
747 5055 838 5094 rea:
865 5037 1190 5104 Judteorum,
1221 5038 1416 5093 saluum
1445 5046 1492 5090 te
1514 5036 1595 5105 fac
1625 5034 1774 5107 (Luc.
1807 5051 1963 5100 xxut,
1994 5034 2084 5104 56,

497 5132 610 5207 37).
639 5132 817 5188 Semel
840 5130 1122 5201 complecti
1147 5129 1310 5185 voluit
1333 5127 1472 5197 quod
1494 5141 1524 5180 a
1547 5127 1799 5181 militibus
1817 5124 2013 5182 factum
2031 5135 2087 5182 et

496 5225 697 5280 dictum
739 5231 842 5280 est.
883 5221 985 5279 Ubi
1013 5236 1228 5277 movere
1257 5235 1361 5275 non
1391 5217 1587 5285 debet,
1618 5217 1757 5288 quod
1787 5232 1890 5272 non
1922 5233 2085 5273 unum

498 5331 681 5371 eorum
717 5315 850 5370 dixit
877 5323 1086 5369 acetum
1113 5312 1367 5367 obtulisse
1393 5327 1406 5364 :
1435 5326 1600 5381 genus
1630 5309 1774 5364 enim
1803 5308 2085 5364 locutionis

494 5407 681 5473 enuit,
723 5405 791 5461 de
829 5421 935 5475 quo
961 5419 1120 5474 supra
1152 5403 1497 5459 tractavimus
1517 5442 1532 5467 ,
1567 5401 1819 5470 pluralem
1851 5415 1949 5470 pro
1970 5399 2083 5454 sin-

492 5497 664 5570 stilari
692 5511 893 5568 ponens
921 5495 1209 5571 (Superiori
1233 5512 1348 5566 cap.
1379 5494 1487 5565 16).
1516 5493 1624 5548 [loc
1644 5502 1820 5548 autem
1846 5493 1914 5548 de
1933 5501 2084 5547 aceto

494 5587 654 5643 etiam
679 5587 913 5642 Joannes
941 5585 1418 5650 commemoravit,
1449 5583 1535 5638 ubi
1565 5584 1635 5637 ait
1668 5601 1679 5634 :
1712 5581 1899 5636 Postea
1924 5582 2082 5637 sciens

492 5679 642 5734 Jesus
675 5681 793 5750 quia
817 5681 930 5750 jam
958 5679 1125 5733 omnia
1153 5686 1494 5732 consummata
1519 5686 1653 5742 sunt,
1682 5685 1734 5728 ut
1761 5691 2081 5729 consumma-

493 5780 629 5823 retur
664 5770 966 5843 Scriptura,
994 5769 1120 5824 dixit
1162 5785 1182 5823 :
1222 5769 1374 5824 Sitio.
1413 5766 1513 5822 Vas
1542 5778 1709 5820 autem
1733 5767 1951 5838 positum
1976 5775 2084 5820 erat

491 5870 632 5922 aceto
673 5862 888 5939 plenum
917 5876 938 5918 :
976 5861 1056 5919 illi
1080 5873 1246 5918 autent
1267 5861 1532 5936 spongiam
1561 5861 1760 5930 plenam
1801 5867 1940 5915 aceto
1956 5858 2080 5934 Itys-

1404 423 1494 481 DE
1529 423 1884 484 CONSENSU
1921 424 2562 498 EVANGELISTARUM,
2592 429 2652 488 S.
2674 429 3045 492 AUGUSTlNl

3688 447 3833 507 H92

2234 561 2360 614 sapa
2397 545 2822 616 circumponentes
2847 550 3130 606 obtulerunt
3157 554 3235 609 ori
3261 556 3370 627 ejus
3395 556 3555 626 (Joan
3576 576 3695 631 ιιι,
3717 563 3824 632 28,

2234 633 2348 706 29).
2405 634 2510 690 Sed
2567 637 2707 707 quod
2758 639 2906 709 apud,
2945 641 3192 697 eumdem
3243 645 3503 704 Joannem
3553 650 3823 710 invenitur

2235 725 2455 796 dixisse,
2501 726 2654 797 Sitio,
2685 740 2740 785 et
2762 732 2883 801 quia
2911 747 3004 789 vas
3031 735 3103 789 ibi
3132 744 3246 792 erat
3272 749 3423 795 aceto
3444 741 3687 815 plenum,
3710 761 3821 805 non

2235 819 2428 873 mirum
2458 829 2540 875 est
2569 821 2613 876 si
2643 825 2821 879 caeteri
2849 833 3148 883 tacuerunt.

2233 909 2456 968 CAPUT
2477 912 2738 973 XVlll.—
2759 915 2837 972 De
2855 919 3054 976 vocibus
3073 921 3280 980 Domini
3302 943 3426 997 quas
3447 931 3686 986 continuo
3710 950 3819 990 ma-

2306 1004 2494 1060 riturus
2533 1007 2696 1061 emisit
2714 1049 2730 1075 ,
2763 1011 3013 1080 quomodo
3038 1030 3138 1068 non
3163 1029 3436 1089 repugnent
3463 1018 3742 1080 Mattheus
3770 1038 3819 1082 et

2302 1093 2510 1151 Marcus
2535 1097 2686 1156 Lucae
2702 1141 2717 1166 ,
2748 1111 2795 1155 et
2822 1102 2922 1172 ipsi
2950 1113 3048 1158 tres
3072 1105 3282 1163 Joanni.

2301 1186 2390 1244 55.
2431 1187 2682 1259 Sequitur
2712 1191 2988 1250 Matthzcus
3029 1211 3042 1248 :
3091 1195 3241 1252 Iesus
3288 1209 3458 1255 autem
3493 1211 3677 1258 iterum
3713 1207 3817 1262 cla-

2230 1292 2376 1333 mans
2412 1295 2528 1334 voce
2563 1297 2781 1352 magna,
2820 1285 2984 1339 emisit
3020 1287 3249 1359 spiritum
3275 1289 3489 1360 (Matth.
3513 1309 3676 1360 xxvn,
3701 1298 3813 1367 50).

2231 1368 2436 1424 Marcus
2478 1371 2722 1428 similiter
2763 1392 2778 1429 :
2817 1376 2968 1431 Iesus
3005 1388 3172 1434 autem
3208 1382 3389 1437 emissa
3429 1399 3548 1440 uoce
3584 1403 3774 1460 magna
3796 1431 3814 1459 ,

2228 1461 2499 1531 exspiravit
2537 1461 2727 1536 (Marc.
2762 1481 2851 1536 xv,
2880 1467 2993 1539 57).
3019 1468 3189 1527 Lucas
3212 1481 3391 1529 autem
3409 1476 3532 1545 quid
3547 1477 3662 1549 ipsa
3683 1495 3818 1538 voce

2228 1567 2418 1623 magna
2456 1554 2684 1624 dixerit,
2730 1557 3056 1628 declaravit;
3100 1562 3234 1620 dixit
3271 1563 3414 1622 enim
3440 1586 3455 1622 :
3483 1568 3552 1624 Et
3588 1571 3817 1630 clamans

2228 1658 2345 1696 voce
2390 1661 2574 1717 magna
2618 1647 2805 1716 Jesus,
2845 1652 2950 1706 ait:
2991 1651 3180 1720 Pater,
3221 1656 3273 1710 in
3309 1673 3489 1714 manus
3525 1669 3640 1716 tuas
3675 1680 3817 1718 cont-

2226 1736 2407 1789 mendo
2443 1738 2679 1808 spiritum
2715 1758 2926 1810 meum;
2965 1753 3011 1798 et
3048 1747 3154 1800 Ittec
3174 1747 3344 1804 dicens
3367 1753 3641 1823 exspiravit
3655 1755 3809 1826 (Luc.

2225 1841 2352 1881 xxm
2373 1868 2387 1893 ,
2415 1829 2528 1899 46).
2555 1829 2789 1888 Joannes
2819 1849 2946 1889 vero
2973 1836 3109 1890 sicut
3135 1840 3297 1894 tacuit
3327 1841 3470 1896 illam
3491 1859 3678 1901 vocem
3700 1848 3812 1916 pri-

2224 1933 2388 1985 mam,
2413 1919 2532 1988 Eli,
2564 1922 2668 1990 Eli,
2699 1941 2853 1994 quam
2878 1926 3153 1983 Matthaeus
3174 1939 3228 1985 et
3248 1931 3456 1988 Marcus
3480 1937 3811 2008 retulerunt;

2226 2009 2387 2064 tacuit
2413 2011 2572 2066 etiam
2602 2013 2754 2068 istam
2777 2031 2932 2085 quam
2953 2017 3124 2074 Lucas
3144 2021 3288 2076 solus
3317 2023 3593 2093 indicavit,
3618 2029 3698 2083 illi
3715 2045 3813 2086 au-

2225 2107 2328 2154 tem
2355 2101 2460 2156 duo
2484 2105 2700 2161 nomine
2727 2107 2873 2162 vocis
2898 2123 3103 2180 magna:
3130 2111 3593 2187 signiﬁcavcrunt,
3615 2119 3672 2175 id
3690 2129 3810 2188 est,

2222 2191 2413 2262 Pater,
2465 2196 2517 2248 in
2568 2213 2747 2252 manus
2802 2207 2914 2254 tuas
2968 2204 3259 2258 commendo
3304 2207 3536 2276 spiritum
3581 2227 3749 2266 meum
3785 2226 3811 2269 :

2221 2287 2360 2356 quod
2393 2303 2514 2343 eum
2551 2305 2682 2346 voce
2711 2307 2898 2363 magna
2925 2293 3120 2350 dixisse
3146 2305 3200 2351 et
3223 2296 3338 2367 ipse
3366 2298 3536 2356 Lucas
3559 2304 3811 2362 similiter

2219 2387 2498 2436 attestatus
2535 2391 2650 2449 est,
2697 2391 2755 2438 ut
2788 2384 3198 2456 intelligeremus
3237 2388 3377 2444 hanc
3416 2390 3582 2448 fuisse
3617 2409 3810 2453 vocem

2219 2487 2465 2544 magnam
2485 2515 2498 2541 ,
2538 2490 2694 2545 quam
2737 2476 3015 2534 Matthaeus
3038 2488 3093 2534 et
3115 2480 3323 2538 Marcus
3352 2498 3810 2546 commemorave-

2217 2573 2360 2618 runt.
2403 2564 2508 2620 Sed
2554 2565 2687 2621 dixit
2725 2567 2957 2625 Joannes
2992 2572 3134 2640 quod
3160 2573 3337 2628 nullus
3365 2574 3576 2631 illorum
3607 2579 3766 2635 trium
3787 2621 3806 2650 ,

2218 2667 2341 2708 eum
2383 2654 2614 2720 dixisse,
2661 2656 3068 2714 Consummatum
3105 2671 3208 2728 est,
3251 2679 3373 2719 cum
3411 2674 3620 2722 acetum
3644 2685 3808 2726 acce-

2215 2743 2383 2812 pisset
2411 2763 2424 2799 :
2457 2747 2596 2816 quod
2621 2762 2742 2802 eum
2772 2758 2894 2805 ante
2923 2751 3090 2821 ipsam
3117 2767 3301 2809 vocem
3334 2771 3576 2827 magnam
3603 2759 3808 2820 dixisse

2216 2832 2578 2906 intelligimus.
2604 2837 2728 2893 Htec
2747 2848 2872 2895 sunt
2897 2842 3038 2897 enim
3064 2843 3222 2899 verba
3251 2844 3469 2900 Joannis
3493 2846 3658 2903 :Cum
3679 2867 3804 2921 ergo

2213 2929 2478 2998 accepisset
2514 2929 2664 2986 Jesus
2701 2941 2893 2986 acetum
2911 2974 2924 3000 ,
2965 2934 3112 3002 dixit,
3156 2926 3566 2992 Consummatum
3602 2949 3678 2996 est
3694 2956 3716 3004 ;
3748 2952 3804 2997 et

2211 3019 2450 3074 inclinato
2481 3021 2645 3091 capite
2671 3022 2879 3076 tradidit
2915 3025 3148 3094 spiritum
3185 3024 3362 3097 (Joan.
3386 3043 3494 3093 ιιι,
3517 3028 3628 3100 50).
3657 3030 3803 3086 Inter

2211 3109 2342 3166 illud
2389 3112 2530 3182 quod
2565 3114 2672 3180 ait,
2715 3113 3125 3170 Consummatum
3157 3126 3260 3185 est,
3290 3127 3343 3173 et
3371 3119 3500 3191 illud
3525 3122 3667 3191 quod
3685 3125 3797 3191 ait,

2211 3213 2257 3258 ει
2278 3203 2516 3257 inclinato
2546 3205 2709 3274 capite
2743 3205 2952 3260 tradidit
2980 3207 3245 3275 spiritum,
3268 3189 3461 3265 emiss'a
3480 3189 3561 3265 est
3581 3212 3671 3266 illa
3692 3189 3797 3270 vox

2209 3308 2396 3364 magna
2418 3308 2573 3365 quam
2597 3295 2758 3349 tacuit
2787 3296 2905 3362 iste,
2933 3297 3111 3352 caeteri
3131 3307 3307 3353 autem
3334 3308 3442 3356 tres
3471 3317 3798 3360 commemo-

2208 3393 2478 3440 raverunt.
2511 3385 2620 3441 Hoc
2647 3386 2788 3441 enim
2815 3397 3038 3458 apparet
3064 3403 3183 3444 esse
3209 3389 3412 3446 ordinis
3430 3434 3444 3458 ,
3482 3401 3540 3446 ut
3565 3403 3688 3450 ante
3709 3395 3797 3450 di-

2207 3486 2386 3542 ceret,
2413 3476 2822 3554 Consummatum
2852 3489 2954 3546 est,
2977 3495 3098 3536 cum
3121 3480 3416 3552 perfectum
3439 3484 3492 3538 in
3513 3484 3608 3539 illo
3645 3497 3797 3544 esset

2206 3567 2348 3639 quod
2370 3567 2436 3622 de
2456 3567 2547 3622 illo
2575 3568 2949 3640 pr0phetatum
2972 3580 3108 3639 erat,
3133 3578 3188 3626 et
3214 3579 3462 3643 tanquam
3483 3575 3550 3629 ad
3571 3575 3675 3632 hoc
3693 3593 3792 3633 ex-

2205 3668 2498 3730 Spectaret,
2539 3662 2628 3732 qui
2665 3663 2846 3732 utique
2888 3678 3009 3718 cum
3052 3664 3210 3720 vellet
3238 3674 3563 3734 moreretur,
3594 3669 3790 3727 deinde

2204 3752 2583 3806 commendans
2605 3753 2818 3808 tradidit
2835 3753 3235 3823 spiritum.,Sed
3254 3758 3442 3827 quovis
3463 3758 3653 3816 ordine
3673 3761 3794 3830 qui-

2203 3841 2331 3896 libet
2367 3843 2652 3897 arbitretur
2690 3843 2793 3898 dici
2822 3845 3058 3912 potuisse
3078 3887 3092 3910 ,
3121 3845 3223 3901 hoc
3248 3862 3572 3918 magnopere
3592 3863 3790 3907 caven-

2202 3933 2329 3989 dum
2371 3943 2483 4002 est,
2529 3951 2597 3990 ne
2633 3935 2720 3990 cui
2753 3935 2996 3992 videatur
3033 3938 3308 4008 quisquam
3335 3939 3791 4011 Evangelistarutn

2201 4025 2353 4080 alteri
2400 4041 2716 4098 repugnare,
2735 4027 2778 4082 si
2805 4027 2888 4082 vel
2917 4029 3079 4084 tacuit
3101 4029 3241 4100 quod
3267 4031 3404 4086 alius
3427 4031 3582 4099 dixit,
3607 4034 3688 4090 vel
3708 4035 3794 4090 di-

2203 4116 2278 4170 xit
2302 4117 2441 4186 quod
2469 4117 2604 4172 alius
2627 4118 2805 4174 tacuit.
3785 4160 3788 4163 -

2199 4206 2427 4263 CAPUT
2457 4206 2596 4262 XIX.
2625 4239 2695 4248 —
2718 4208 2796 4262 De
2823 4209 3061 4265 scissione
3084 4211 3179 4265 veli
3195 4215 3446 4282 quomodo
3468 4230 3568 4269 non
3592 4216 3792 4273 dissen-

2272 4297 2398 4350 tiant
2445 4297 2716 4353 Mattheus
2760 4308 2808 4353 et
2837 4298 3042 4355 Marcus
3073 4317 3105 4354 a
3154 4300 3314 4365 Luca,
3362 4321 3460 4373 quo
3495 4306 3676 4362 ordine
3697 4311 3786 4380 fa-

2270 4398 2403 4442 ctum
2426 4391 2509 4444 sit.
3525 4413 3528 4416 θ

2269 4479 2356 4535 56.
2401 4479 2651 4550 Sequitur
2690 4481 2970 4539 Matthaaus
2996 4501 3009 4538 :
3039 4483 3107 4538 Et
3132 4501 3243 4540 ecce
3269 4487 3431 4542 velum
3456 4489 3633 4559 templi
3659 4506 3786 4547 scts-

2196 4587 2309 4626 sum
2338 4581 2409 4626 est
2434 4573 2486 4627 in
2512 4572 2640 4628 duas
2659 4583 2845 4644 partes,
2875 4591 2908 4628 a
2922 4591 3114 4629 summa
3133 4592 3290 4648 usque
3309 4575 3542 4634 deorsum
3561 4580 3781 4649 (Matth.

2195 4680 2338 4719 xxvu
2361 4706 2374 4729 ,
2422 4664 2535 4737 5i).
2578 4666 2644 4720 Et
2681 4665 2887 4721 Marcus
2930 4667 3008 4723 sic
3038 4685 3053 4722 :
3083 4666 3151 4722 Et
3176 4670 3339 4724 uelum
3362 4672 3536 4741 templi
3570 4673 3785 4728 scissum

2195 4765 2266 4809 est
2309 4757 2362 4810 in
2402 4756 2502 4810 duo
2523 4797 2538 4822 ,
2584 4773 2616 4810 a
2655 4774 2854 4812 sursum
2882 4774 3036 4828 usque
3069 4759 3302 4814 deorsum
3328 4760 3518 4834 (Marc.
3545 4779 3636 4830 xv,
3665 4764 3778 4836 58).

2194 4847 2364 4904 Lucas
2387 4857 2563 4903 autem
2585 4849 2828 4905 similiter
2851 4849 2951 4905 hoc
2971 4851 3045 4904 ait
3068 4868 3081 4904 :
3109 4849 3180 4904 Et
3198 4853 3361 4906 velum
3379 4855 3552 4925 templi
3570 4856 3781 4911 scissum

2191 4951 2266 4996 est
2303 4941 2521 4995 medium
2563 4939 2710 5014 (Luc.
2755 4956 2882 4996 xxnt
2901 4983 2916 5008 ,
2945 4942 3072 5014 b5);
3099 4943 3194 4998 sed
3220 4959 3325 4998 non
3355 4944 3542 5000 eodem
3569 4946 3776 5004 ordine.

2190 5033 2392 5090 Volens
2417 5034 2560 5089 enim
2588 5034 2904 5089 miraculum
2927 5035 3184 5090 miraculo
3207 5035 3499 5107 adjungere
3516 5077 3532 5104 ,
3554 5053 3676 5092 cum
3699 5038 3780 5093 di-

2191 5126 2356 5182 xisset
2375 5168 2391 5194 ,
2436 5125 2530 5181 Sol
2574 5125 2865 5180 obscuratus
2910 5135 3011 5191 est,
3057 5127 3311 5182 continuo
3352 5128 3778 5200 subjungendum

2190 5219 2545 5286 existimavit,
2601 5219 2666 5272 Et
2705 5219 2868 5274 velum
2913 5218 3086 5290 templi
3125 5221 3339 5276 scissum
3382 5229 3454 5275 est
3500 5223 3722 5276 medium
3758 5239 3779 5278 :

2189 5325 2564 5382 praeoccupans
2589 5309 2834 5366 videlicet
2857 5310 2998 5380 quod
3011 5311 3314 5381 exspirante
3333 5313 3558 5368 Domino
3577 5313 3774 5370 factum

2188 5411 2270 5457 est
2292 5444 2306 5467 ,
2351 5411 2408 5455 ut
2444 5401 2636 5456 deinde
2670 5400 3026 5471 recapitulans
3061 5411 3444 5472 exsequeretur
3474 5411 3529 5458 et
3552 5404 3622 5460 de
3645 5413 3773 5476 pota

2187 5493 2320 5546 aceti
2338 5535 2352 5556 ,
2399 5502 2452 5547 et
2492 5492 2559 5547 de
2595 5492 2684 5547 illa
2709 5507 2838 5547 voce
2861 5507 3078 5563 magna,
3107 5493 3251 5549 etde
3278 5494 3391 5564 ipsa
3419 5505 3591 5550 morte
3611 5536 3627 5561 ,
3654 5511 3774 5566 quas
3797 5497 3830 5566 ,5'

2187 5592 2310 5638 ante
2338 5583 2650 5638 scissionem
2673 5583 2774 5637 veli
2803 5592 2921 5654 post
2946 5584 3191 5640 tenebras
3217 5582 3355 5638 facta
3377 5585 3767 5658 intelliguntur.

2186 5674 2461 5730 Matthzeus
2489 5676 2630 5729 enim
2653 5716 2669 5742 ,
2695 5675 2786 5746 qui
2810 5690 2929 5729 cum
2948 5676 3201 5743 dixisset,
3229 5675 3378 5731 Iesus
3402 5689 3570 5732 autem
3590 5680 3771 5732 iterum

2187 5769 2410 5821 clamans
2439 5783 2555 5821 voce
2576 5783 2761 5838 magna
2779 5808 2794 5834 ,
2827 5768 2988 5822 emisit
3010 5768 3244 5839 spiritum
3263 5811 3278 5834 ,
3308 5768 3562 5824 continuo
3583 5768 3774 5838 subje-

2185 5860 2290 5929 cit,
2333 5859 2400 5914 Et
2435 5874 2548 5915 ecce
2582 5860 2748 5915 velunt
2779 5860 2953 5931 templi
2976 5860 3185 5918 scissum
3210 5869 3284 5916 est
3303 5898 3320 5929 ,
3350 5861 3479 5916 satis
3503 5859 3775 5931 expressit

3791 5540 3818 5598 ιν
