4076 6524
264 437 397 497 1195

259 562 380 607 tunc
416 564 537 605 esse
576 549 830 615 scissum,
865 561 985 603 eum
1023 546 1176 605 Jesus
1205 540 1470 603 emisisset
1495 546 1760 617 spiritum.
1790 546 1851 603 Si

258 652 432 700 autem
476 658 584 697 non
614 641 933 709 addidisset,
964 640 1030 695 Et
1058 658 1192 708 ecce,
1224 641 1319 697 sed
1344 640 1660 711 simpliciter
1686 640 1852 695 dixis-

259 746 356 801 set.
382 735 453 790 Et
478 735 641 789 velum
661 734 833 805 templi
860 734 1069 789 scissum
1089 744 1190 801 est;
1221 734 1480 789 incertum
1505 741 1649 788 esset
1672 740 1850 787 utrum

258 830 370 900 ipse
414 838 469 883 et
504 827 711 882 Marcus
750 827 853 882 hoc
879 826 1277 898 recapitulaudo
1303 832 1848 893 commemorassent,

258 920 426 977 Lucas
462 930 636 975 autem
683 919 923 974 ordinem
968 920 1260 985 tenuisset;
1296 934 1364 973 au
1391 917 1562 974 Lucas
1588 918 1853 987 recapitu-

258 1014 419 1068 lasset
437 1011 579 1083 quod
603 1010 675 1065 illi
699 1011 885 1066 ordine
907 1011 1225 1081 posuissent.

257 1103 481 1162 CAPUT
520 1103 638 1159 XX.
683 1133 757 1145 —
781 1104 859 1158 De
882 1104 1216 1158 admiratione
1244 1101 1559 1157 Centurionis
1595 1110 1641 1155 et
1679 1117 1851 1156 eorum

327 1196 413 1267 qui
455 1211 572 1249 cum
612 1194 701 1250 illo
742 1204 916 1261 erant,
974 1194 1226 1266 quomodo
1280 1193 1410 1248 inter
1444 1209 1500 1248 se
1540 1193 1853 1248 consentiant

327 1288 621 1354 Mattltteus,
653 1286 861 1342 Marcus
884 1297 931 1342 et
950 1287 1136 1344 Lucas.

326 1380 416 1435 57.
456 1379 708 1450 Sequitur
733 1379 1015 1435 Matthaeus
1043 1398 1056 1434 :
1095 1399 1113 1433 ι
1139 1380 1204 1435 Ει
1224 1388 1367 1436 terra
1394 1389 1537 1437 mota
1563 1387 1667 1447 est,
1689 1386 1745 1435 et
1765 1393 1852 1451 pe-

262 1481 354 1526 tra:
384 1470 565 1525 scissa:
594 1479 738 1538 sunt,
772 1480 826 1525 ct
855 1482 1195 1527 monumenta
1224 1480 1407 1542 aperta
1434 1480 1577 1538 sunt,
1602 1480 1657 1527 et
1686 1472 1851 1526 multa

262 1577 484 1634 corpora
532 1574 838 1620 sanctorum
868 1567 955 1637 qui
984 1567 1312 1624 dormierant
1333 1609 1347 1634 ,
1396 1573 1769 1632 surrexerunt;
1798 1573 1854 1621 et

259 1664 518 1711 exeuntes
529 1655 595 1712 de
612 1658 969 1714 monumentis
999 1668 1117 1729 post
1134 1658 1579 1714 resurrectionem
1595 1657 1732 1727 ejus,
1756 1671 1851 1712 vc-

263 1757 453 1802 nerunt
478 1748 530 1802 in
556 1758 794 1804 sanctam
824 1750 1113 1816 civitatem,
1141 1760 1194 1805 et
1217 1758 1577 1821 apparuerunt
1605 1748 1801 1804 multis.
1826 1767 1845 1801 ι

260 1837 384 1894 Haec
407 1854 527 1910 qua:
550 1840 697 1896 solus
715 1841 868 1907 dixit,
902 1858 1005 1898 non
1029 1852 1111 1897 ρει
1140 1842 1481 1899 metuendum
1511 1858 1578 1900 ne
1604 1842 1851 1914 cuiquam

262 1938 572 1987 cteterorum
605 1948 900 2004 repugnare
921 1934 1222 1989 videantur.
1246 1935 1501 2005 Sequitur
1526 1934 1665 1990 idem
1698 1934 1849 2004 ipse:

268 2040 290 2076 ι
316 2021 566 2079 Centurio
607 2033 781 2079 autem
822 2034 875 2080 ct
917 2025 1007 2095 qui
1051 2041 1172 2081 eum
1204 2040 1268 2082 eo
1297 2035 1452 2081 erant
1488 2024 1853 2082 custodientes

262 2112 464 2179 Iesum,
496 2114 610 2169 viso
640 2122 796 2170 terra:
826 2125 974 2172 motu
1003 2125 1049 2170 et
1082 2117 1144 2171 iis
1167 2131 1286 2186 qua.
1313 2117 1532 2183 hebant,
1564 2116 1855 2172 timuerunt

263 2205 452 2275 valde,
483 2204 718 2261 dicentes
758 2224 771 2260 :
816 2206 951 2263 Vere
984 2206 1148 2261 Filius
1188 2207 1276 2262 Dei
1305 2216 1418 2262 erat
1461 2206 1559 2262 istc
1584 2225 1604 2260 ι
1638 2206 1850 2277 (Matth.

269 2315 449 2366 xxv",
486 2300 700 2371 51-54).
757 2300 963 2355 Marcus
992 2301 1104 2355 sic:
1136 2318 1153 2351 ι
1190 2300 1382 2355 \‘idens
1424 2310 1601 2355 autem
1654 2299 1881 2356 Cenlu—'

266 2391 367 2458 rio,
398 2391 487 2462 qui
516 2406 584 2447 ex
611 2392 837 2447 adverso
886 2392 1098 2457 stabat,
1130 2406 1249 2457 tuna
1291 2392 1367 2446 sic
1406 2392 1646 2447 clamans
1674 2391 1855 2461 exspi-

266 2490 459 2546 rasset,
486 2484 559 2538 ait
584 2501 597 2536 :
630 2482 941 2539 Vcrcliomo
969 2484 1052 2538 hic
1073 2482 1234 2538 l-‘iluts
1257 2484 1347 2538 Dei
1371 2494 1483 2538 crat
1503 2501 1520 2534 ι
1552 2482 1743 2552 (Marc.
1764 2498 1854 2551 xv,

274 2573 387 2644 59).
449 2574 619 2630 Lucas
645 2575 761 2630 sic:
793 2594 811 2628 t
844 2575 1038 2630 \‘idcns
1080 2586 1256 2629 autem
1296 2575 1549 2631 Centurio
1587 2574 1726 2646 quod
1776 2575 1857 2630 la-

268 2676 411 2722 etum
436 2665 628 2735 fuerat,
655 2669 977 2739 glorilieavit
998 2669 1160 2725 Deum
1183 2669 1366 2725 dicens
1391 2688 1404 2722 -.
1434 2668 1564 2726 \‘ere
1592 2668 1675 2725 hic
1699 2668 1860 2726 homo

266 2759 443 2832 justus
490 2770 644 2817 erat)
695 2762 844 2834 (Luc.
891 2778 1057 2827 χχιιι,
1094 2763 1207 2831 .57).
1250 2761 1364 2817 Non
1412 2773 1494 2817 est
1534 2762 1859 2818 contrarium

269 2852 412 2923 quod
439 2852 715 2908 Mattltazus
736 2854 850 2909 viso
877 2862 1032 2909 terrm
1056 2865 1200 2908 motu
1228 2853 1354 2909 dtctt
1379 2854 1697 2909 admiratum
1722 2855 1863 2910 Cen-

272 2944 533 2999 turionem
556 2985 571 3011 ,
593 2959 646 3001 ct
672 2960 765 3001 eos
790 2946 879 3015 qui
906 2961 1025 3001 cum
1057 2946 1146 3000 illo
1167 2957 1318 3001 erant
1342 2987 1357 3011 ,
1380 2961 1500 3001 (uin
1532 2948 1699 3002 Lucas
1721 2946 1863 3001 dicat

272 3034 378 3093 hoc
403 3051 522 3092 eum
544 3035 883 3104 admiratum,
914 3037 1053 3107 quod
1085 3038 1276 3093 emissa
1311 3039 1396 3093 illa
1434 3053 1564 3094 voce
1599 3038 1865 3108 exSpiras-

272 3136 395 3196 set,
429 3130 716 3186 ostendens
757 3146 915 3201 quam
960 3132 1011 3185 iu
1058 3142 1318 3201 potesmte
1364 3132 1604 3187 habuerit
1652 3132 1866 3202 quando

273 3224 687 3278 morereturzin
718 3238 786 3279 eo
811 3222 1005 3293 quippe
1047 3224 1187 3294 quod
1255 3224 1393 3280 idem
1440 3224 1717 3281 Matthmus
1758 3241 1865 3280 non

279 3313 449 3372 mlum
478 3313 630 3384 dixit,
655 3316 758 3369 viso
786 3326 920 3371 terra
962 3326 1097 3370 metu
1121 3356 1134 3380 ,
1158 3314 1250 3370 scd
1282 3316 1441 3371 etiam
1472 3317 1703 3383 addidit,
1732 3329 1777 3371 et
1805 3318 1869 3373 iis

277 3421 390 3478 qua
416 3408 551 3478 facta
580 3416 758 3471 erant;
780 3409 1041 3478 integrum
1086 3408 1259 3463 locum
1291 3408 1451 3464 luisse
1484 3410 1871 3465 demonstravit

275 3496 458 3563 Lucae,
488 3505 547 3552 ut
572 3495 774 3553 diceret
801 3498 1174 3553 Ceuturiunem
1207 3499 1372 3570 ipsam
1407 3501 1611 3555 Domini
1642 3512 1868 3557 mortem

276 3588 447 3645 fuisse
476 3588 763 3655 miratum;
798 3592 917 3660 quia
946 3600 998 3646 et
1040 3588 1151 3645 lia'c
1192 3590 1322 3646 inter
1353 3592 1436 3645 illa
1462 3602 1576 3656 est,
1603 3609 1722 3663 qua:
1748 3604 1872 3650 tunc

278 3680 596 3736 mirabiliter
617 3681 751 3735 facta
779 3696 949 3737 erant.
974 3682 1286 3754 Quanquam
1317 3683 1417 3739 etsi
1440 3684 1715 3742 Mattltteus
1741 3687 1871 3743 illud

279 3786 391 3827 non
415 3770 727 3837 addidisset,
762 3774 1159 3846 intelligendum
1190 3786 1323 3841 erat,
1347 3789 1466 3832 cum
1495 3778 1656 3833 multa
1684 3778 1873 3834 miran-

279 3864 351 3920 da
388 3865 524 3920 facta
566 3866 798 3936 fuerint,
840 3877 895 3924 et
937 3869 1115 3924 omnia
1160 3868 1415 3927 Centurio
1442 3881 1495 3927 et
1522 3871 1612 3942 qui
1644 3887 1767 3927 eum
1806 3887 1875 3929 eo

280 3959 678 4028 erant,mirari
720 3963 1020 4031 potuerint,
1066 3963 1293 4019 liberum
1337 3963 1497 4020 fuisse
1537 3966 1875 4023 narrantibus

284 4051 413 4122 quid
440 4054 663 4124 quisque
691 4055 837 4109 illum
861 4056 1107 4111 miratum
1129 4071 1554 4112 connuemorare
1580 4058 1871 4114 voluisset:

282 4157 388 4198 nec
417 4158 510 4199 eos
552 4144 625 4199 ibi
673 4160 999 4216 repugnare,
1034 4162 1152 4202 cum
1198 4148 1334 4202 alius
1379 4148 1541 4217 illud,
1570 4150 1704 4204 alius
1746 4150 1875 4205 illud

282 4236 491 4293 diceret
516 4237 677 4293 fuisse
711 4240 992 4304 miratum;
1016 4240 1228 4310 quando
1256 4242 1434 4296 omnia
1467 4242 1745 4300 luerat'ille
1771 4246 1874 4299 mi-

281 4337 455 4383 ratus.
502 4329 653 4397 Quod
700 4340 878 4386 autem
922 4332 1059 4386 alius
1102 4333 1174 4386 ait
1212 4331 1589 4390 Centurionem
1630 4335 1873 4402 dixisse,

292 4421 424 4477 Vere
451 4422 618 4480 Filius
643 4423 740 4479 Dei
767 4433 871 4479 erat
905 4426 1025 4493 istc,
1059 4425 1195 4481 alius
1221 4435 1398 4483 autem
1419 4470 1432 4493 ,
1467 4427 1593 4483 Vere
1619 4430 1768 4485 homo
1795 4431 1877 4487 Itic

282 4513 458 4569 Filius
486 4516 581 4572 Dei
609 4527 749 4583 erat;
781 4533 885 4572 non
918 4518 1153 4573 movebit
1173 4534 1292 4575 eum
1321 4521 1405 4576 cui
1438 4537 1543 4576 non
1566 4522 1878 4578 exciderunt

280 4614 395 4663 tam
441 4609 604 4664 multa
653 4610 898 4679 superius
938 4610 1186 4666 similiter
1226 4612 1365 4666 dicta
1408 4621 1463 4668 et
1505 4615 1744 4683 exposita
1772 4632 1785 4667 :
1811 4616 1876 4669 ad

282 4713 446 4754 unam
476 4701 672 4769 quippe
700 4702 1019 4755 sententiam
1062 4710 1288 4771 utraque
1314 4702 1474 4757 verba
1513 4714 1873 4773 concurrunt;

282 4808 390 4849 nec
417 4792 559 4861 quod
582 4793 716 4847 alius
743 4793 937 4858 tacuit,
971 4793 1120 4847 homo
1143 4834 1157 4859 ,
1196 4795 1331 4848 alius
1368 4793 1539 4860 dixit,
1577 4795 1687 4854 ullo
1718 4798 1879 4855 modo

281 4885 614 4942 contrarium
645 4891 744 4939 est.
776 4884 941 4955 Magis
967 4886 1109 4956 quod
1135 4885 1310 4942 Lucas
1351 4903 1455 4942 non
1497 4889 1571 4944 ait
1603 4889 1881 4949 Centurio-

280 4996 410 5037 nem
439 4978 665 5042 dixisse,
694 4976 860 5033 Filius
884 4977 981 5034 Dei
1014 4987 1120 5033 erat
1139 5021 1154 5047 ,
1185 4978 1283 5035 sed
1301 5020 1315 5046 ,
1338 4982 1511 5053 justus
1534 4992 1672 5049 erat,
1706 4992 1882 5055 potest

282 5075 463 5147 putari
498 5073 769 5129 diversum
798 5092 812 5128 :
842 5060 943 5129 sed.
966 5074 1048 5129 vel
1071 5082 1361 5146 utrumque
1385 5074 1584 5131 dictum
1616 5093 1644 5133 a
1674 5078 1878 5135 Centu-

281 5169 442 5224 rione
469 5168 764 5238 intelligere
792 5166 1079 5233 debemus,
1107 5177 1162 5224 et
1183 5168 1325 5224 aliud
1353 5170 1506 5239 illos,
1536 5172 1678 5228 aliud
1718 5173 1877 5230 istum

283 5273 773 5326 commemorasse;
807 5258 887 5314 vel
936 5259 1159 5315 fortasse
1206 5260 1401 5316 Lucam
1441 5263 1741 5333 exprimere
1782 5280 1879 5321 vo-

284 5350 459 5406 luisse
488 5351 804 5406 sententiam
823 5350 1179 5419 Centurionis,
1203 5353 1471 5422 quomodo
1490 5354 1879 5412 dixeritJesum

282 5443 483 5500 Filium
530 5443 642 5499 Dei.
684 5443 844 5500 Forte
880 5445 1023 5501 enim
1054 5462 1159 5503 non
1186 5461 1307 5502 eum
1337 5447 1672 5518 Unigenitum
1700 5465 1879 5521 mqua-

282 5536 398 5592 lem
438 5535 580 5591 Patri
618 5535 872 5593 Centurio
899 5537 1263 5605 intellexerat;
1293 5538 1388 5595 sed
1418 5539 1537 5595 ideo
1564 5540 1755 5597 Filium
1784 5543 1881 5600 Dei

282 5628 524 5695 dixerat,
550 5630 671 5699 quia
697 5629 897 5699 justum
923 5630 1243 5701 crediderat,
1268 5630 1405 5687 sicut
1426 5631 1578 5687 multi
1595 5631 1723 5704 justi
1755 5634 1881 5691 dicti

280 5727 417 5776 sunt
456 5719 548 5773 ﬁlii
578 5720 692 5777 Dei.
720 5720 872 5787 Quod
915 5730 1091 5778 autem
1131 5724 1292 5778 etiam
1340 5722 1455 5793 ipse
1498 5722 1667 5780 Lucas
1713 5724 1876 5795 dixit,

288 5807 488 5865 Videtis
513 5819 679 5865 autem
704 5809 940 5868 Centurio
964 5813 1099 5885 quod
1122 5816 1315 5885 factum
1352 5822 1492 5883 erat,
1515 5813 1571 5869 in
1595 5829 1660 5871 eo
1682 5830 1879 5887 genere

279 5902 506 5961 inclusit
530 5902 708 5957 omnia
733 5918 851 5973 qua:
872 5906 927 5959 in
949 5906 1035 5961 illa
1056 5905 1189 5962 hora
1208 5905 1525 5964 mirabiliter
1541 5906 1680 5965 facta
1701 5916 1875 5978 erant,

486 5995 717 6065 SANGT.
760 5997 1044 6089 Atreum.
1072 5999 1184 6062 III.

1613 431 1820 490 LlBER
1857 428 2178 490 TERTIUS.

3400 434 3547 495 H91

1964 554 2213 615 tanquam
2244 559 2407 599 unum
2435 542 2677 599 mirabile
2703 540 2901 599 factum
2928 544 3375 615 commemorans,
3397 548 3551 619 cujus

1959 638 2110 708 quasi
2156 637 2396 692 membra
2434 646 2489 692 et
2530 645 2710 706 partes
2736 643 2895 691 erant
2921 636 3097 691 omnia
3140 636 3227 691 illa
3270 638 3550 695 miracula.

1958 729 2074 784 Jam
2098 744 2226 785 vero
2251 728 2392 800 quod
2432 727 2707 783 Mattbaeus
2739 725 2943 783 addidit
2973 742 3068 782 eos
3091 727 3179 798 qui
3206 744 3327 783 eum
3353 728 3559 786 Centu-

1958 821 2111 877 rione
2140 831 2312 889 erant,
2336 821 2424 876 alii
2454 828 2631 876 autem
2665 819 2767 875 hoc
2794 828 3102 886 tacuerunt;
3134 820 3219 876 cui
3250 836 3358 878 non
3383 837 3549 895 appa-

1960 924 2076 969 reat
2113 928 2177 969 ex
2218 914 2495 969 notissima
2525 912 2705 983 regula
2748 902 2861 968 non
2880 926 3000 968 esse
3041 913 3395 980 contrarium,
3426 930 3558 971 cum

1958 1010 2095 1064 alius
2120 1009 2247 1064 dicit
2269 1008 2411 1080 quod
2435 1008 2573 1063 alius
2599 1007 2775 1063 tacet?
2806 1006 2873 1062 Et
2898 1006 3039 1077 quod
3078 1006 3360 1064 Matthaeus
3384 1009 3555 1076 dixit,

1960 1104 2227 1158 timuerunt
2247 1103 2426 1169 valde;
2451 1102 2620 1157 Lucas
2645 1110 2822 1157 autem
2854 1116 2959 1157 non
2990 1101 3151 1168 dixit,
3190 1102 3401 1171 timuit,
3421 1103 3550 1171 sed,

1958 1195 2257 1268 gloriﬁcavit
2296 1193 2491 1262 Deum;
2528 1194 2648 1266 quis
2692 1209 2798 1251 non
2848 1209 2970 1251 eum
3012 1193 3268 1265 intelligat
3316 1195 3557 1254 timendo

1956 1288 2319 1360 glorilicasse?

1958 1382 2185 1440 CAPUT
2212 1380 2353 1438 XXI.
2372 1410 2444 1422 --
2460 1379 2536 1436 De
2560 1380 2854 1436 mulieribus
2878 1398 2991 1452 qua:
3014 1380 3081 1436 ibi
3101 1381 3320 1449 stabant,
3342 1400 3562 1456 quomo-

2030 1475 2096 1529 do
2130 1472 2405 1527 Mattlueus
2425 1514 2440 1541 ,
2472 1471 2682 1527 Marcus
2714 1481 2760 1527 et
2788 1471 2983 1541 Lucas,
3026 1475 3111 1544 qui
3147 1474 3383 1531 dixerunt
3408 1493 3497 1533 eas
3522 1495 3565 1533 α

2031 1566 2178 1637 longe
2214 1565 2437 1633 stetisse,
2471 1581 2572 1619 non
2609 1574 2886 1636 repugnent
2912 1564 3137 1634 Joanni,
3169 1568 3256 1637 qui
3281 1569 3563 1625 nominavit

2030 1675 2186 1713 unam
2211 1674 2385 1713 earum
2400 1658 2553 1727 juxta
2581 1673 2783 1712 crucem
2805 1657 3016 1712 stetisse.

2030 1751 2121 1808 58.
2146 1750 2399 1821 Sequitur
2419 1748 2732 1804 Matt-hazus:
2761 1767 2779 1801 t
2801 1749 2967 1805 Erant
2994 1758 3171 1806 autem
3204 1750 3277 1807 ibi
3302 1752 3563 1811 mulieres

1958 1845 2142 1901 multae
2160 1844 2381 1915 alonge,
2399 1858 2517 1914 qua:
2539 1852 2737 1898 secutae
2756 1851 2910 1898 erant
2924 1842 3107 1899 Jesum
3133 1860 3164 1898 a
3193 1843 3433 1914 Galilaea,
3455 1847 3560 1903 mi-

1960 1935 2246 1991 nistrantes
2257 1934 2328 2000 ei;
2348 1933 2487 1989 inter
2498 1949 2629 2003 quas
2642 1941 2756 1989 erat
2780 1933 2944 1990 Maria
2960 1933 3292 2005 Magdalene,
3306 1945 3362 1992 et
3390 1937 3560 1993 Maria

1960 2027 2144 2083 Jacobi
2175 2035 2230 2082 et
2260 2024 2457 2095 Ioseph
2485 2034 2678 2089 mater,
2724 2033 2778 2079 et
2804 2033 2976 2081 mater
3002 2027 3233 2083 ﬁliorum
3262 2028 3508 2085 Zebedaai
3533 2048 3559 2083 ι

1962 2119 2432 2192 (Mattlt.xxvn,55
2446 2128 2491 2172 et
2507 2116 2830 2190 56).Mareus
2844 2118 2919 2173 sic
2940 2137 2951 2171 :
2980 2137 2997 2171 ι
3010 2119 3177 2174 Erant
3188 2131 3367 2177 autem
3383 2130 3437 2177 et
3450 2137 3567 2177 mu-

1962 2214 2123 2270 lieres
2137 2214 2204 2270 dc
2218 2213 2373 2284 longe
2394 2213 2732 2282 aSpieientes;
2749 2212 2889 2268 inter
2901 2228 3030 2283 quas
3045 2225 3159 2269 erat
3176 2215 3336 2269 Maria
3353 2214 3562 2287 Magda-

1962 2307 2104 2371 lene,
2118 2304 2339 2361 ctMaria
2354 2304 2533 2361 Jacobi
2548 2304 2768 2358 minoris
2780 2314 2834 2359 et
2845 2304 3044 2375 Joseph
3062 2315 3310 2374 mater,et
3322 2305 3565 2375 Salome;

1963 2408 2158 2455 etcum
2180 2406 2323 2453 esset
2338 2398 2388 2451 iu
2414 2396 2651 2463 Galilasa,
2670 2397 3028 2467 sequebantur
3049 2413 3193 2465 eum,
3217 2408 3273 2455 et
3287 2399 3564 2455 ministra-

1963 2490 2094 2546 bant
2123 2490 2194 2556 ei,
2214 2498 2268 2544 ct
2287 2488 2407 2543 alite
2433 2488 2615 2543 multae
2635 2504 2755 2557 quae
2785 2488 2943 2543 simul
2965 2504 3084 2543 cum
3114 2504 3179 2544 eo
3209 2490 3568 2548 ascenderant

1965 2580 2353 2653 Jcrosolymam
2380 2597 2400 2631 ι
2436 2578 2626 2651 (Marc.
2676 2594 2767 2646 xv,
2812 2578 2904 2646 40,
2937 2579 3053 2649 41).
3098 2580 3241 2635 Inter
3285 2583 3385 2636 hos
3430 2581 3565 2636 nihil

1967 2676 2123 2732 video
2151 2673 2292 2745 quod
2320 2673 2643 2730 contrarium
2679 2672 2851 2743 possit
2886 2674 3055 2742 putari
3083 2692 3095 2726 :
3124 2673 3251 2744 quid
3290 2675 3433 2730 enim
3476 2674 3566 2730 in-

1970 2776 2132 2824 terest
2159 2766 2224 2823 ad
2252 2766 2529 2822 veritatem
2549 2804 2565 2831 ,
2596 2764 2753 2834 quod.
2778 2764 3033 2833 quasdam
3062 2765 3315 2821 mulieres
3341 2766 3564 2836 pariter,

1968 2857 2222 2929 quasdam
2272 2856 2467 2927 singuli
2515 2855 2974 2910 nominaverunt?
3023 2855 3194 2911 Lucas
3236 2871 3449 2928 quoque
3493 2858 3569 2914 ita

1971 2949 2331 3004 narrationem
2359 2946 2630 3002 contexit:
2658 2943 2725 2999 Et
2750 2946 2915 3000 omnis
2945 2946 3093 3001 turba
3111 2963 3285 3001 eorum
3304 2949 3389 3018 qui
3414 2947 3571 3004 simul

1970 3042 2181 3093 aderant
2209 3038 2277 3091 ad
2305 3038 2647 3107 spectaculum
2676 3035 2811 3089 istud
2832 3077 2847 3104 ,
2877 3046 2922 3090 et
2952 3037 3184 3090 videbant
3209 3054 3322 3109 qnte
3342 3038 3569 3109 ﬁebant,

1974 3133 2301 3206 percutieutes
2342 3140 2545 3202 pectora
2591 3145 2685 3183 sua
2722 3129 3111 3184 revertebantur.
3147 3129 3366 3185 Stabant
3401 3138 3572 3187 autem

1974 3242 2146 3281 omnes
2169 3224 2273 3278 noti
2297 3224 2407 3293 ejus
2430 3238 2462 3276 a
2491 3222 2657 3293 longe,
2684 3230 2731 3275 et
2758 3221 2993 3277 mulieres
3017 3238 3130 3292 quae
3157 3233 3343 3279 secuta:
3366 3228 3574 3297 fuerant

1975 3334 2090 3373 eum
2117 3333 2147 3369 (ι
2170 3313 2405 3379 (inlitam,
2435 3313 2543 3367 haec
2571 3311 2792 3366 videntes
2814 3308 2967 3383 (Luc.
2992 3327 3146 3377 xxut,
3164 3311 3253 3377 48,
3280 3312 3395 3387 49).
3414 3314 3575 3373 Unde

1976 3406 2340 3480 superioribus
2393 3404 2602 3459 duobus
2656 3402 2725 3458 de
2770 3403 3051 3457 mulierum
3099 3405 3384 3471 prtesentia
3437 3406 3575 3463 satis

1976 3498 2274 3564 consentit,
2306 3496 2547 3568 quamvis
2577 3494 2777 3549 nullam
2813 3509 2998 3549 earum
3044 3495 3356 3551 nominatim
3385 3499 3576 3569 expri-

1978 3600 2123 3659 mat;
2161 3590 2229 3646 dc
2272 3589 2425 3643 turba
2468 3588 2628 3643 etiam
2669 3601 2788 3657 quae
2830 3586 2987 3641 simul
3019 3586 3222 3656 aderat,
3249 3597 3303 3652 et
3331 3589 3578 3648 videntes

1979 3701 2097 3757 (pta:
2123 3682 2319 3739 ﬁebant
2344 3680 2639 3736 tundebant
2663 3690 2876 3750 pectora
2904 3694 2999 3734 sua
3017 3722 3032 3747 ,
3064 3688 3120 3735 et
3146 3682 3573 3753 revertebantur,

1980 3778 2244 3835 consentit
2269 3774 2539 3841 Matthaeo,
2562 3774 2803 3845 quamvis
2826 3788 3068 3829 seorsum
3090 3777 3425 3845 annexuerit,
3448 3776 3583 3833 Cen-

1982 3873 2113 3927 turio
2141 3879 2311 3925 autem
2345 3877 2391 3921 et
2428 3867 2515 3939 qui
2554 3883 2667 3921 cum
2691 3882 2751 3920 eo
2778 3875 2960 3920 erant:
2983 3875 3309 3938 quapropter
3340 3876 3579 3926 tantum-

1981 3965 2142 4021 modo
2168 3964 2235 4018 de
2262 3962 2400 4017 notis
2420 3960 2537 4032 ejus
2555 3960 2643 4030 qui
2670 3959 2882 4014 stabant
2907 3974 2937 4012 a
2963 3959 3121 4030 longe
3142 3960 3291 4016 solus
3312 3962 3583 4019 invenitur

1982 4060 2200 4117 dixisse.
2229 4056 2361 4113 Nam
2398 4064 2450 4111 et
2476 4055 2707 4110 Joannes
2736 4054 3174 4109 commemoravit
3196 4054 3264 4110 de
3296 4058 3582 4126 praesentia

1982 4152 2299 4208 feminarum
2343 4158 2628 4218 antequam
2672 4145 2930 4200 Dominus
2976 4145 3246 4203 emisisset
3290 4149 3577 4219 spiritum,
3616 4163 3625 4175 ‘

1984 4244 2055 4299 ita
2085 4257 2307 4297 narrans
2332 4259 2345 4294 :
2369 4238 2583 4295 Stabant
2623 4246 2791 4292 autem
2811 4240 2966 4306 juxta
3012 4255 3211 4291 crucem
3252 4238 3378 4294 Jesu
3419 4251 3584 4298 mater

1984 4338 2123 4407 ejus,
2152 4342 2196 4388 et
2231 4348 2375 4387 soror
2416 4329 2591 4384 matris
2635 4330 2746 4399 ejus
2791 4327 2963 4381 Maria
3006 4328 3274 4398 (Jeep/tte,
3320 4341 3364 4385 et
3405 4330 3580 4389 Maria

1986 4426 2316 4498 Magdaleue.
2349 4422 2476 4478 Cum
2500 4420 2699 4475 vidisset
2727 4436 2846 4491 ergo
2865 4418 3016 4472 Jesus
3041 4429 3252 4474 matrem
3281 4431 3327 4476 et
3355 4424 3581 4493 discipu-

1986 4520 2094 4573 lum
2115 4526 2328 4571 stantem
2356 4530 2504 4581 quem
2529 4510 2796 4584 diligebat,
2840 4510 2959 4564 dicit
3005 4512 3151 4565 matri
3192 4529 3296 4567 sua
3323 4530 3343 4567 :
3365 4515 3576 4587 Mulier,

1985 4627 2097 4665 ecce
2123 4609 2261 4677 ﬁlius
2282 4610 2413 4661 titus.
2448 4604 2645 4660 Deinde
2668 4603 2788 4657 dicit
2812 4602 3103 4673 discipulo:
3132 4603 3263 4659 Ecce
3283 4618 3443 4663 mater
3467 4619 3574 4667 tua.

1986 4702 2055 4757 Et
2074 4700 2240 4756 exitia
2261 4700 2385 4753 hora
2412 4697 2602 4767 accepit
2626 4712 2734 4750 eam
2757 4694 3035 4766 discipulus
3062 4695 3115 4749 in
3142 4713 3234 4750 sua
3255 4696 3434 4769 (Joan.
3452 4718 3575 4771 xrx,

1985 4790 2195 4865 25-27).
2227 4791 2337 4859 Qua
2369 4791 2420 4845 in
2449 4805 2507 4844 re
2536 4788 2636 4842 nisi
2667 4786 3002 4856 apertissime
3038 4786 3321 4845 Mattiacas
3363 4807 3577 4865 quoque

1987 4896 2040 4943 et
2066 4886 2272 4941 Marcus
2306 4882 2523 4937 Mariam
2564 4880 2906 4951 Magdalenen
2954 4878 3355 4950 nominassent,
3385 4899 3577 4953 posse.

1985 4992 2104 5033 mus
2129 4976 2326 5041 dicere,
2356 4974 2489 5028 alias
2517 4988 2546 5026 a
2573 4973 2747 5041 longe,
2778 4971 2910 5026 alias
2935 4969 3084 5040 juxta
3114 4987 3327 5029 crucem
3366 4975 3531 5033 fuiSsc
3557 4996 3575 5047 ;

1986 5071 2165 5127 nullus
2207 5068 2349 5124 enim
2393 5082 2606 5133 eorum,
2641 5073 2834 5135 praeter
2870 5064 3162 5133 Joannem,
3201 5076 3424 5125 matrem
3470 5072 3579 5127 Do-

1985 5167 2116 5223 mini
2155 5165 2628 5222 commemoravit:
2653 5177 2794 5218 nunc
2818 5177 2945 5233 ergo
2972 5162 3239 5234 quomodo
3265 5165 3583 5239 intelligitur

1987 5260 2175 5317 eadem
2206 5258 2367 5313 Maria
2394 5256 2722 5327 lilagdalenc,
2750 5263 2804 5309 et
2832 5270 2861 5309 a
2890 5256 3045 5326 longe
3072 5255 3284 5313 stetisse
3314 5272 3436 5314 cum
3462 5263 3582 5318 aliis

1988 5352 2320 5420 mulieribus,
2350 5351 2488 5407 sicut
2516 5348 2793 5403 Matthreus
2815 5347 3091 5403 etMarcus
3119 5347 3322 5415 dicunt,
3352 5360 3407 5407 et
3425 5350 3583 5423 juxta

1987 5460 2199 5502 crucem
2229 5444 2411 5510 fuisse,
2438 5440 2575 5497 sicut
2597 5439 2828 5497 Joannes
2854 5439 3014 5506 dicit;
3051 5438 3155 5494 nisi
3183 5440 3305 5510 quia
3336 5442 3389 5496 in
3431 5452 3583 5501 tanto

1988 5537 2269 5595 intervallo
2294 5542 2467 5599 erant,
2492 5544 2546 5589 ut
2573 5541 2628 5589 et
2649 5532 2794 5603 juxta
2818 5531 2922 5587 dici
2951 5538 3190 5601 possent,
3219 5532 3341 5603 quia
3366 5532 3420 5589 in
3446 5550 3584 5592 cou-

1987 5640 2176 5703 spectu
2214 5629 2330 5700 ejus
2370 5637 2567 5699 praesto
2610 5625 2856 5689 aderant,
2883 5632 2936 5679 et
2962 5639 2991 5679 a
3028 5624 3185 5695 longe
3214 5624 3267 5679 in
3296 5638 3567 5697 compara.

1991 5725 2136 5781 tione
2187 5721 2352 5778 turbae
2399 5718 2745 5789 propinquius
2788 5714 3184 5771 circumstantis
3231 5729 3354 5771 cum
3382 5715 3582 5776 Centu.

1989 5819 2140 5873 rionc
2168 5826 2223 5871 et
2263 5814 2537 5869 militibus.
2577 5813 2869 5868 Possumus
2893 5810 3051 5867 etiam
3078 5807 3375 5881 intelligere
3393 5852 3407 5877 ,
3432 5814 3578 5885 quod

1987 5908 2094 5968 illae
2118 5922 2237 5980 quae
2259 5906 2419 5964 simul
2441 5906 2664 5964 aderant
2680 5921 2802 5964 cum
2829 5913 2997 5962 matre
3026 5902 3264 5969 Domini,
3291 5913 3574 5980 postquam

2916 5996 3363 6078 (Tanta-ltuit.
3375 6002 3415 6081 Ι
