4042 6358
455 499 574 542 eam
603 483 866 557 discipulo
884 481 1305 553 commendavit,
1336 485 1484 542 abire
1503 485 1615 558 jam
1638 493 1913 558 cmperant
1931 529 1946 556 ,
1971 495 2030 544 ut

411 640 430 655 .
455 591 482 633 a
507 576 768 636 densitate
810 577 979 635 turbae
1021 592 1080 634 se
1117 585 1405 648 exuerent,
1437 586 1492 635 et
1527 587 1718 636 caetera
1745 594 1864 650 quae
1891 577 2029 636 facta

456 679 581 728 sunt
617 669 828 744 longius
857 671 1221 742 intuerentur;
1249 681 1309 728 ut
1332 672 1513 730 caueri
1548 670 1903 743 Evangelistae
1935 672 2026 744 qui

451 773 574 836 post
615 773 844 822 mortem
893 764 1103 821 Domini
1147 780 1241 823 eas
1283 773 1872 834 commemoraverunt,
1914 763 2026 836 jam

449 855 607 929 longe
634 865 832 914 stantes
855 867 1355 916 commemorarent.

446 951 674 1009 CAPUT
709 951 875 1008 XXII.
895 950 1066 1007 —De
1099 951 1293 1024 Ioseph
1323 951 1408 1024 qui
1431 967 1613 1022 corpus
1637 949 1843 1006 Domini
1885 947 2025 1022 petiit

517 1060 552 1098 a
570 1042 745 1099 Pilato
763 1085 779 1099 .
831 1044 1081 1099 auomodo
1108 1061 1280 1099 omnes
1302 1043 1650 1099 consentiant.
1690 1051 1737 1098 et
1773 1040 2023 1099 quomodo

763 1085 779 1113 ,
831 1057 1081 1116 quomodo
1108 1061 1280 1099 omnes
1302 1057 1650 1112 consentiant,
1690 1057 1737 1098 et
1773 1057 2023 1113 quomoao
2129 1057 2349 1098 venerat
2390 1057 2457 1098 au
2484 1057 2665 1100 sesum
2708 1057 2864 1102 nocte
2898 1057 3124 1116 primum
3144 1087 3162 1115 ,
3198 1057 3377 1119 Iereps
3419 1057 3706 1104 mixturam

766 1133 994 1193 Joannes
1023 1154 1125 1193 non
1151 1138 1434 1193 dissentiat.
2129 1131 2360 1204 myrrhm
2385 1143 2438 1190 et
2463 1135 2607 1191 aloes
2629 1136 2778 1206 quasi
2804 1135 2964 1192 libras
2992 1146 3226 1194 centum.
3253 1157 3273 1192 ι
3297 1138 3499 1194 Deinde
3529 1139 3707 1210 sequi-

2074 1211 2078 1216 ’
2127 1230 2216 1278 tur
2255 1224 2549 1296 adjungens
2596 1227 2766 1296 ipsum
2793 1226 2991 1297 Joscph
3011 1268 3026 1292 ,
3056 1237 3111 1284 et
3134 1229 3293 1284 dicit:
3326 1247 3346 1282 ι
3369 1229 3705 1302 Acceperunt

440 1327 604 1386 esset,
629 1320 774 1374 venit
793 1317 1005 1389 quidam
1033 1319 1193 1375 homo
1212 1318 1360 1374 dives
1379 1318 1449 1373 ab
1464 1317 1775 1384 Arimathia,
1801 1317 2018 1373 nomine
2071 1331 2079 1399 ’ἢ

519 1153 550 1190 a
577 1138 742 1208 seipso
766 1133 994 1193 Joannes
1023 1154 1125 1193 non
1151 1138 1434 1193 dissentiat.

513 1227 603 1284 59.
642 1227 889 1298 Sequitur
911 1226 1226 1283 Matthmus:
1259 1245 1280 1280 ς
1308 1227 1438 1283 Cum
1469 1240 1592 1283 sero
1618 1233 1793 1281 autem
1821 1226 2019 1280 factum

436 1408 637 1490 Joseph
656 1450 670 1474 ,
694 1409 785 1481 qui
811 1417 867 1466 et
890 1409 1005 1480 ipse
1031 1409 1323 1479 discipulus
1354 1418 1470 1465 erat
1491 1407 1653 1475 Jesu;
1677 1409 1764 1464 hic
1790 1407 2019 1464 accessit

434 1501 505 1559 ad
538 1502 764 1560 Pilatum
783 1544 798 1567 ,
820 1510 875 1558 et
897 1502 1047 1574 petiit
1079 1516 1273 1574 corpus
1296 1500 1458 1558 Iesu:
1484 1509 1607 1558 tunc
1633 1499 1836 1556 Pilatus
1859 1498 2018 1570 jussit
2067 1573 2076 1590 ς

391 1613 398 1616 ·
432 1593 585 1650 reddi
623 1608 816 1665 corpus
840 1611 860 1645 ι
905 1593 1119 1666 (Matth.
1161 1608 1350 1661 xxvn,
1379 1593 1470 1662 57,
1506 1589 1618 1665 58).
1650 1591 1856 1647 Marcus
1897 1591 2012 1648 sic:
2063 1645 2077 1682 ἰ

438 1706 460 1739 ι
489 1687 556 1742 Et
581 1701 700 1742 cum
723 1687 832 1758 jam
861 1701 980 1742 sero
1006 1693 1149 1742 esset
1174 1684 1391 1751 factum,
1417 1685 1540 1756 quia
1563 1690 1680 1740 erat
1705 1697 2011 1754 parasceve,
2069 1697 2075 1749 ᾖ

430 1779 572 1851 quod
603 1787 683 1835 est
707 1786 830 1834 ante
859 1777 1164 1843 sabbatum,
1198 1777 1345 1834 venit
1366 1775 1565 1848 Joseph
1592 1777 1660 1832 ab
1686 1774 2010 1844 Arimathia,

430 1871 623 1928 nobilis
651 1870 888 1938 decurio,
916 1870 1007 1940 qui
1048 1879 1101 1925 et
1138 1870 1250 1939 ipse
1281 1878 1397 1925 erat
1437 1878 1752 1941 exspectans
1790 1882 2010 1938 regnum

423 2418 512 2474 vir
549 2417 767 2474 nomine
790 2415 1026 2488 Ioseph,
1052 2416 1142 2487 qui
1171 2424 1285 2472 erat
1324 2415 1572 2484 decurio,
1613 2416 1695 2471 vir
1737 2417 1908 2472 bonus
1948 2426 2004 2473 et

417 2509 595 2582 iustus
615 2507 726 2582 (hic
743 2522 846 2564 non
869 2513 1214 2563 consenserat
1223 2507 1442 2566 consilio
1462 2515 1517 2564 et
1534 2508 1738 2564 actibus
1763 2511 1994 2580 eorum),

419 2599 491 2656 ab
509 2599 806 2656 Arimathia
829 2598 1041 2655 civitate
1068 2598 1265 2654 Iudaeae
1284 2640 1298 2666 ,
1325 2599 1413 2670 qui
1441 2601 1780 2670 exspectabat
1802 2609 1857 2656 et
1885 2602 2000 2672 ipse

415 2707 642 2764 regnum
663 2691 794 2759 Dei;
821 2691 908 2748 hic
933 2692 1156 2749 accessit
1179 2691 1244 2748 ad
1267 2691 1513 2761 Pilatum,
1545 2701 1599 2748 et
1627 2693 1780 2764 petiit
1804 2709 1999 2765 corpus

417 2784 548 2841 Jesu
571 2803 592 2838 ι
618 2781 766 2855 (an.
794 2799 943 2854 xxm,
968 2783 1182 2857 50-52).
1203 2783 1434 2844 Joannes
1453 2795 1630 2842 autem
1655 2796 1998 2859 posteaquam

415 2878 659 2934 narravit
680 2877 747 2934 de
769 2877 1015 2934 cruribus
1053 2878 1231 2933 fractis
1271 2892 1456 2934 eorum
1498 2879 1587 2950 qui
1629 2895 1748 2936 cum
1775 2881 1999 2936 Domino

417 2967 656 3024 cruciﬁxi
683 2976 856 3036 erant,
885 2975 942 3024 et
977 2967 1044 3023 de
1077 2967 1243 3023 latere
1271 2968 1481 3024 Domini
1506 2969 1687 3026 lancea
1716 2986 1992 3043 percusso,

415 3061 560 3134 quod
587 3070 752 3116 totum
782 3060 926 3116 solus
948 3059 1114 3128 dixit,
1142 3060 1410 3130 subjungit
1447 3063 1786 3118 consentiens
1829 3058 1994 3120 crete-

415 3153 522 3220 ris,
560 3152 632 3208 ita
671 3166 896 3208 namus
918 3168 932 3206 :
958 3149 1086 3207 Post
1112 3151 1218 3207 lucc
1244 3158 1408 3207 autem
1436 3153 1626 3226 rogavit
1652 3152 1879 3210 Pilatum
1901 3153 1995 3210 Jo-
2045 3138 2076 3212 ἶ

413 3244 538 3317 seph
563 3243 626 3299 ab
650 3243 951 3311 Arimathia,
976 3259 1034 3298 eo
1056 3242 1190 3313 quod
1218 3253 1339 3299 esset
1363 3243 1638 3316 discipulus
1660 3244 1804 3315 .lesu,
1831 3249 1998 3303 occul-
2049 3239 2092 3299 εἶν

2073 3346 2076 3349 ’
2172 3331 2261 3388 ϐι.
2312 3331 2561 3404 Sequitur
2601 3331 2916 3388 Matthaeus:
2951 3350 2972 3385 ι
3023 3331 3153 3388 Erat
3193 3340 3371 3390 autem
3393 3333 3466 3390 ibi
3514 3331 3684 3392 Maria

415 3344 502 3392 tua
523 3344 692 3390 autem
717 3343 921 3407 propter
949 3342 1134 3388 metum
1152 3331 1450 3389 Judteorum
1465 3375 1484 3404 ,
1511 3343 1567 3390 ut
1591 3335 1786 3392 tolleret
1811 3355 1995 3411 corpus

413 3423 576 3483 Iesu:
603 3433 651 3480 et
684 3424 908 3496 permisit
947 3422 1168 3479 Pilatus.
1210 3423 1352 3479 Venit
1382 3441 1536 3498 ergo,
1575 3433 1625 3482 et
1662 3428 1776 3484 tulit
1810 3447 1993 3501 corpus

412 3515 540 3575 Iesu
557 3515 736 3590 (Joan.
758 3529 874 3583 xrx,
902 3512 1013 3588 '58).
1032 3514 1091 3570 In
1119 3514 1222 3570 hoc
1245 3515 1374 3570 nihil
1400 3523 1575 3571 exstat
1598 3517 1650 3572 in
1677 3532 1780 3588 quo
1800 3519 1992 3590 aliquis

414 3622 602 3665 eorum
630 3606 787 3663 alicui
813 3619 1108 3678 repugnare
1133 3604 1392 3662 videatur.
1422 3605 1529 3663 Sed
1550 3606 1740 3678 aliquis
1768 3607 1991 3666 forsitan

411 3706 620 3772 quierat
642 3697 910 3771 quomodo
935 3711 966 3752 a
992 3698 1281 3768 semetipso
1312 3696 1543 3754 Ioannes
1583 3699 1697 3770 ipse
1738 3716 1846 3756 non
1882 3701 1994 3758 dis-

411 3796 627 3862 crepet,
647 3797 954 3846 contestans
991 3803 1113 3845 cum
1149 3789 1358 3846 caeteris
1391 3789 1533 3861 quod
1557 3789 1755 3863 Joseph
1781 3793 1991 3864 petierit

413 3895 610 3952 corpus
644 3880 803 3948 Jesu,
835 3889 890 3935 et
925 3879 1072 3936 solus
1110 3878 1296 3936 dicens
1338 3880 1479 3950 quod
1525 3883 1763 3939 occultus
1806 3884 1989 3940 fuisset

414 3973 705 4044 discipulus
730 3971 937 4028 Domini
965 3979 1184 4043 propter
1209 3978 1408 4027 metum
1429 3971 1732 4030 Iudaeorum
1755 3989 1771 4030 :
1795 3976 1988 4032 merito

411 4066 554 4122 enim
585 4071 764 4121 movet
779 4103 796 4132 ,
829 4076 928 4119 cur
963 4061 1056 4118 ille
1088 4061 1180 4134 qui
1215 4069 1430 4133 propter
1469 4062 1711 4119 timorem
1749 4064 1986 4122 occultus

413 4155 704 4228 discipulus
730 4160 882 4222 erat,
916 4165 1079 4209 ausus
1109 4152 1180 4208 sit
1216 4159 1402 4224 petere
1435 4165 1630 4224 corpus
1665 4153 1809 4224 ejus,
1843 4155 1986 4227 quod

411 4249 592 4306 nullus
626 4261 814 4304 eorum
839 4246 932 4318 qui
959 4257 1080 4301 eum
1107 4244 1282 4316 palam
1324 4245 1702 4314 sequebantur,
1744 4245 1980 4304 auderet.

411 4340 520 4398 Sed
565 4337 967 4410 intelligendum
1011 4345 1124 4404 est,
1165 4335 1324 4394 istum
1355 4334 1548 4392 ﬁducia
1572 4335 1841 4409 dignitatis
1882 4343 1986 4397 hoc

407 4431 620 4500 fecisse,
646 4446 749 4504 qua
784 4430 1038 4502 praeditus
1065 4436 1277 4500 poterat
1315 4427 1649 4485 familiariter
1689 4431 1889 4489 intrare
1917 4432 1983 4488 ad

407 4520 638 4578 Pilatum
661 4538 676 4576 :
698 4521 753 4577 in
778 4529 1018 4579 extremo
1055 4527 1233 4575 autem
1270 4518 1364 4576 illo
1404 4517 1582 4575 ofﬁcio
1619 4519 1790 4577 funeri
1828 4521 1980 4578 exhi-

409 4612 587 4670 bendo
614 4611 789 4668 minus
821 4625 1034 4668 curasse
1057 4609 1128 4666 de
1150 4609 1349 4666 Judteis
1365 4651 1383 4680 ,
1415 4611 1658 4683 quamvis
1692 4611 1890 4668 soleret
1925 4611 1979 4670 in

406 4703 640 4761 Domino
663 4700 926 4759 audiendo
949 4715 1134 4757 eorum
1158 4699 1462 4756 inimicitias
1480 4699 1740 4759 devitarc.

402 4789 634 4854 SAPUT
667 4789 1044 4852 HDL—Ds
1072 4790 1332 4862 sepultura
1364 4791 1508 4864 ejus,
1541 4795 1789 4866 quomodo
1813 4803 1912 4852 tres
1945 4813 1980 4852 a

864 4883 1069 4942 Joanne
1083 4899 1188 4940 non
1205 4883 1520 4941 dissentiant.

475 4978 573 5040 ω.
598 4977 854 5053 Sequitur
875 4977 1193 5034 Matthaeus:
1223 4994 1246 5030 ι
1272 4976 1340 5033 Et
1367 4986 1586 5052 accepto
1610 4992 1852 5049 corpore,
1880 4980 1978 5040 Jo-

405 5070 543 5148 seph
571 5069 795 5130 involvit
821 5068 952 5127 illud
975 5069 1030 5124 in
1053 5066 1280 5124 sindone
1303 5067 1500 5124 munda
1517 5110 1533 5136 ,
1564 5078 1620 5126 et
1645 5071 1820 5140 posuit
1847 5073 1975 5130 illud

403 5165 458 5222 in
485 5170 836 5221 mento
856 5174 956 5218 suo
983 5173 1148 5225 novo,
1175 5158 1317 5230 quod
1341 5159 1612 5216 exciderat
1636 5159 1691 5215 in
1719 5172 1867 5232 petra
1887 5181 1901 5220 :
1921 5172 1977 5221 et

403 5255 642 5315 advolvit
674 5268 863 5313 sanun
902 5264 1152 5324 magnum
1187 5253 1254 5308 ad
1294 5252 1490 5310 ostium
1532 5256 1860 5313 monumenti
1877 5299 1894 5326 ,
1921 5266 1978 5316 et

401 5349 536 5408 abiit
555 5367 579 5405 s
617 5345 832 5420 (latth.
859 5360 1040 5412 nm,
1073 5345 1162 5413 59,
1197 5343 1310 5418 60).
1342 5343 1554 5404 Marcus
1585 5348 1700 5405 sic:
1729 5365 1751 5402 ι
1775 5347 1976 5422 Ioseph

401 5453 582 5500 autem
608 5446 875 5497 mercatus
898 5438 1198 5507 sindonem,
1227 5447 1282 5493 et
1304 5437 1582 5509 deponens
1607 5455 1730 5497 sum
1755 5442 1975 5502 involvit

401 5532 649 5600 sindone,
676 5539 734 5589 et
755 5530 930 5602 posuit
947 5544 1068 5586 eum
1089 5530 1142 5585 in
1161 5537 1504 5586 monumento
1530 5531 1672 5601 quod
1694 5541 1810 5589 erat
1833 5537 1979 5592 exci-

403 5637 525 5681 sum
547 5623 620 5681 de
641 5631 821 5696 petra;
850 5629 906 5678 et
925 5620 1163 5677 advolvit
1200 5620 1429 5691 lapidem
1461 5619 1528 5676 ad
1553 5621 1748 5679 ostium
1779 5638 1973 5683 monu-

401 5713 572 5771 menti
593 5731 615 5768 s
643 5710 836 5788 (lare.
853 5726 948 5781 xv,
967 5710 1083 5784 ιθ).
1108 5708 1280 5767 Lucas
1303 5711 1414 5767 sic:
1437 5729 1458 5764 ι
1484 5711 1550 5766 Et
1575 5710 1874 5782 depositum
1893 5716 1975 5772 in-

401 5803 567 5861 volvit
591 5802 646 5862 iu
667 5801 912 5874 sindone,
927 5801 1174 5876 etposuit
1199 5814 1324 5860 eum
1341 5801 1396 5859 iu
1411 5813 1756 5863 mnummto
1773 5809 1972 5881 exciso,

1259 359 1352 422 DE
1387 359 1737 422 CONSENSU
1776 357 2421 442 EVANGELISTARUM,
2460 369 2522 429 S.
2561 367 2932 433 AUGUS'I‘INI

3570 383 3714 445 H98

2136 490 2192 545 in
2207 506 2313 563 quo
2341 491 2576 548 nondum
2601 493 2878 566 quisquam
2900 493 3102 565 positus
3127 492 3302 553 fuerat
3318 513 3342 550 ›
3368 495 3520 570 (Luc.
3547 515 3712 572 xxm,

2135 583 2248 654 55).
2285 583 2366 639 Ex
2411 583 2495 639 his
2539 585 2706 641 tribus
2753 586 2900 641 nulla
2934 587 3157 658 quaestio
3195 588 3546 645 dissensionis
3578 592 3712 648 oriri

2133 683 2344 744 potest:
2372 673 2604 732 Joannes
2641 686 2817 732 autem
2861 678 3186 748 sepulturam
3227 675 3481 750 Domini,
3525 697 3637 740 non
3676 697 3716 740 ι

2134 765 2247 822 solo
2284 765 2479 838 .loseph
2500 809 2516 836 ,
2548 767 2642 823 sed
2671 783 2700 822 a
2729 767 3015 826 Nicodemo
3045 784 3254 842 quoque
3279 780 3520 827 curatam
3544 771 3715 829 fuisse

2131 867 2534 913 commemorat.
2575 854 2976 932 Consequenter
3019 862 3161 918 enim
3189 877 3220 918 a
3243 861 3533 919 Nicodemo
3575 863 3716 920 inci-

2129 951 2311 1020 piens,
2353 951 2425 1006 ita
2470 962 2683 1008 narrat:
2710 972 2729 1005 ι
2750 952 2908 1010 Venit
2947 964 3123 1012 autem
3151 964 3207 1013 et
3228 955 3583 1025 Nicodamus,
3615 957 3711 1027 qui

2129 1052 2349 1098 venerat
2390 1042 2457 1098 ad
2484 1043 2665 1100 Jesum
2708 1053 2864 1102 nocte
2898 1045 3124 1116 primum
3144 1087 3162 1115 ,
3198 1045 3377 1119 fereps
3419 1048 3706 1104 mixturam

2127 1328 2254 1385 ergo
2276 1330 2471 1386 corpus
2490 1315 2614 1372 Iesu
2636 1356 2652 1384 ,
2676 1326 2728 1372 et
2759 1317 3051 1387 ligaverunt
3079 1334 3201 1374 eum
3227 1319 3406 1377 linteis
3428 1335 3548 1376 cum
3578 1336 3706 1378 aro-

2125 1407 2386 1474 matibus,
2426 1409 2562 1465 sicut
2602 1423 2720 1466 mos
2760 1408 2959 1465 Judzeis
2983 1419 3066 1467 est
3090 1411 3338 1483 sepelire.
3367 1412 3497 1468 Erat
3523 1419 3705 1470 autem

2125 1496 2179 1552 in
2210 1495 2328 1553 Ioco
2351 1495 2442 1554 ubi
2455 1497 2738 1555 cruciﬁxus
2775 1506 2886 1568 est,
2913 1485 3139 1569 hortus;
3168 1507 3222 1556 et
3247 1501 3299 1556 in
3327 1500 3481 1558 horto
3510 1517 3707 1559 monu-

2124 1597 2362 1644 mentum
2395 1604 2589 1645 novum
2614 1631 2630 1657 ,
2672 1590 2725 1645 in
2767 1606 2873 1661 quo
2911 1592 3145 1648 nondum
3190 1593 3466 1664 quisquam
3496 1595 3704 1665 positus

2121 1687 2239 1737 erat
2266 1697 2280 1734 :
2312 1679 2383 1736 ibi
2420 1696 2546 1752 ergo
2588 1689 2805 1752 propter
2841 1697 3162 1754 parasceven
3199 1681 3536 1752 Iudaeorum,
3575 1685 3702 1756 quia

2115 1771 2267 1842 juxta
2294 1779 2407 1827 erat
2433 1781 2866 1840 monumentum,
2908 1780 3196 1842 posuerunt
3238 1771 3421 1828 Iesum
3451 1791 3471 1825 ι
3517 1769 3695 1845 (locis.

2118 1875 2216 1916 ιιι
2239 1903 2255 1929 ,
2287 1859 2492 1934 5942).
2551 1861 2733 1934 Neque
2770 1861 2856 1917 hic
2894 1861 3092 1934 aliquid
3132 1873 3390 1935 repugnat
3428 1871 3576 1920 recte
3611 1859 3698 1920 in-

427 1963 561 2030 Dei;
585 1973 640 2021 et
662 1963 912 2019 audacter
942 1963 1142 2018 introiit
1168 1961 1235 2016 ad
1259 1961 1515 2029 Pilatum,
1555 1969 1608 2016 et
1644 1961 1793 2031 petiit
1815 1975 2009 2030 corpus
2063 1961 2071 2030 ξ
2117 1951 2494 2023 telligentibus.
2520 1951 2700 2026 Neque
2725 1955 2867 2011 enim
2888 1953 2960 2011 illi
2985 1955 3075 2027 qui
3111 1956 3178 2012 de
3207 1954 3496 2013 Nicodemo
3517 1967 3700 2014 tacue~

428 2053 584 2110 Jesu.
607 2053 805 2109 Pilatus
833 2061 1006 2108 autem
1040 2050 1330 2106 mirabatur
1352 2051 1396 2106 si
1421 2051 1530 2120 jam
1555 2050 1774 2106 obiisset
1797 2066 1813 2104 :
1837 2057 1892 2105 et
1915 2065 2008 2104 ac-
2116 2046 2262 2109 runt,
2284 2043 2682 2101 afﬁrmaverunt
2700 2062 2730 2102 a
2749 2047 2866 2102 solo
2885 2046 3080 2118 Ioseph
3101 2047 3381 2104 Dominum
3405 2049 3700 2119 sepultum,

429 2145 627 2200 cersito
662 2143 981 2199 Centurione
1007 2143 1344 2212 interrogavit
1371 2155 1494 2197 eum
1530 2141 1577 2198 si
1612 2141 1722 2212 jam
1765 2151 2007 2197 mortuus
2063 2143 2068 2198 ῗ

425 2245 607 2304 esset;
634 2247 688 2292 et
713 2251 832 2292 cum
859 2235 1192 2308 cognovisset
1217 2249 1248 2290 a
1274 2234 1615 2303 Centurione,
1641 2235 1857 2290 donavit
1884 2249 2008 2290 cor-

423 2343 530 2400 pus
557 2325 793 2397 Iosephi
827 2325 1015 2399 (Marc.
1047 2341 1135 2394 xv,
1162 2325 1370 2398 4245).
1397 2325 1566 2382 Lucas
1593 2327 1706 2382 sic:
1738 2345 1757 2378 ‹
1786 2325 1852 2382 Et
1876 2341 2004 2382 ecce

2089 2413 2287 2470 *Πριοιί
2315 2430 2345 2469 a
2369 2413 2658 2472 Nicodemo
2682 2425 2737 2472 et
2760 2416 3040 2488 superaddi
3059 2459 3074 2485 ,
3114 2426 3175 2473 ut
3219 2433 3405 2473 verum
3449 2427 3696 2475 narraret

2115 2137 2358 2207 quamvis
2378 2139 2543 2196 solius
2571 2141 3133 2197 commemorationem
3159 2141 3412 2210 fecerint;
3449 2152 3541 2199 aut
3568 2147 3698 2216 quia

2113 2226 2190 2282 illi
2218 2243 2317 2282 una
2345 2229 2566 2286 sindone
2607 2246 2639 2286 a
2671 2230 2870 2303 Ioseph
2911 2233 3205 2290 involutum
3253 2233 3536 2304 dixerunt,
3568 2250 3698 2306 pro-

2113 2327 2295 2390 pterea
2337 2320 2719 2392 prohibuerunt
2765 2323 2983 2395 intelligi
3025 2333 3081 2380 et
3124 2324 3225 2379 alia
3264 2323 3423 2381 lintea
3453 2326 3697 2396 potuisse

2109 2505 2364 2575 Joannes,
2386 2507 2526 2579 quod
2564 2523 2670 2563 non
2700 2524 2806 2565 uno
2842 2509 3038 2574 linteo,
3068 2508 3161 2564 sed
3201 2510 3382 2566 linteis
3421 2509 3694 2570 involutus

2108 2599 2217 2655 sit:
2241 2598 2480 2668 quamvis
2517 2607 2572 2656 et
2611 2608 2827 2671 propter
2851 2599 3121 2656 sudarium
3154 2601 3297 2672 quod
3338 2603 3500 2672 capiti
3533 2603 3693 2660 adhi-

2107 2688 2351 2755 bebatur,
2391 2697 2446 2745 et
2485 2689 2689 2746 institas
2733 2690 2924 2761 quibus
2967 2705 3159 2762 corpus
3202 2699 3370 2746 totum
3412 2691 3691 2764 alligatum

2107 2788 2211 2848 est,
2243 2781 2363 2852 quia
2388 2780 2568 2835 omnia
2595 2780 2663 2836 de
2692 2781 2803 2838 Iino
2830 2787 3000 2848 erant,
3027 2781 3236 2838 etiamsi
3262 2798 3368 2838 una
3396 2781 3588 2839 sindon
3614 2783 3690 2840 ibi

2104 2869 2224 2940 fuit,
2247 2872 2524 2928 verissime
2545 2871 2650 2928 dici
2676 2873 2876 2944 potuit,
2904 2873 3179 2944 ligaverunt
3204 2875 3316 2928 eitm
3340 2871 3525 2930 linteis.
3556 2873 3691 2930 Lin-

2104 2969 2190 3018 tea
2210 2963 2402 3033 quippe
2427 2963 2746 3034 generaliter
2770 2963 3018 3020 dicuntur
3041 2979 3162 3035 qua:
3190 2963 3300 3020 Iino
3324 2972 3598 3022 texuntur.

2105 3051 2328 3110 CAPUT
2343 3051 2530 3109 XXIV.
2547 3053 2708 3110 -οε
2734 3055 2812 3110 his
2838 3070 2950 3126 quae
2974 3055 3108 3110 circa
3136 3064 3330 3126 tempus
3359 3057 3690 3113 resurrectio-

2173 3147 2254 3202 nis
2297 3145 2506 3201 Domini
2541 3151 2676 3221 facta
2720 3157 2875 3214 sunt,
2912 3149 3330 3219 quemadmodum
3366 3165 3536 3206 omnes
3579 3167 3688 3206 non

2170 3237 2302 3294 inter
2323 3253 2377 3293 se
2400 3238 2715 3294 dissentiant.

2099 3421 2406 3493 Magdalene
2421 3431 2474 3478 et
2497 3423 2661 3478 altera
2687 3422 2845 3478 Maria
2867 3422 3111 3479 sedentes
3129 3433 3313 3480 contra
3333 3424 3631 3496 sepulcrum
3653 3441 3677 3477 ι

2099 3512 2322 3585 (Matth.
2358 3527 2530 3580 xxvn,
2561 3513 2688 3584 61).
2735 3511 2886 3582 Quod
2911 3513 3115 3571 Marcus
3154 3513 3225 3570 ita
3254 3513 3382 3571 dicit
3409 3533 3423 3572 :
3459 3534 3479 3568 ι
3512 3513 3681 3572 Maria

2096 3613 2275 3662 autem
2300 3605 2609 3676 Magdalene
2637 3615 2690 3662 et
2713 3604 2877 3662 Maria
2903 3605 3102 3679 Ioseph
3125 3607 3449 3680 aspiciebant
3472 3606 3562 3665 ubi
3582 3623 3681 3679 po-

2095 3708 2310 3755 neretur
2341 3715 2362 3752 »
2399 3698 2586 3767 (Marc.
2613 3713 2701 3766 xv,
2731 3697 2846 3771 47).
2873 3698 3024 3758 Unde
3049 3701 3179 3756 nihil
3218 3716 3312 3759 eos
3343 3717 3410 3778 ex
3439 3701 3543 3759 hoc
3567 3701 3680 3758 di6~

2093 3789 2294 3846 sentire
2314 3789 2650 3846 manifestum
2679 3799 2780 3847 est.

2165 3882 2254 3940 62.
2294 3881 2543 3952 Sequitur
2579 3880 2854 3940 Matthteus
2883 3900 2898 3940 :
2927 3902 2950 3939 ι
2979 3887 3160 3942 Altera
3188 3893 3365 3942 autem
3409 3883 3520 3955 die,
3549 3899 3674 3958 quas

2091 3983 2174 4032 est
2199 3984 2319 4047 post
2354 3989 2702 4046 parasceven,
2741 3984 3104 4032 convenerunt
3128 3976 3394 4048 principes
3416 3973 3672 4035 sacerdo-

2090 4073 2204 4124 tum
2227 4074 2282 4122 et
2327 4065 2577 4122 Pharisaei
2603 4065 2669 4121 ad
2697 4065 2946 4135 Pilatum,
2987 4065 3225 4123 dicentes
3257 4083 3271 4121 :
3299 4067 3544 4136 Domine,
3583 4082 3672 4125 re-

2089 4157 2293 4214 cordati
2331 4171 2514 4215 sumus
2540 4158 2663 4229 quia
2692 4157 2943 4213 seductor
2982 4157 3074 4214 ille
3096 4157 3230 4214 dixit
3257 4158 3431 4216 adhuc
3455 4158 3667 4228 vivens,

2089 4248 2219 4308 Post
2251 4256 2360 4305 tres
2384 4248 2498 4305 dies
2539 4263 2811 4319 resurgam
2842 4247 3006 4320 :jube
3041 4263 3168 4321 ergo
3194 4247 3452 4307 custodiri
3491 4249 3670 4322 sepul-

2088 4354 2242 4398 crum
2269 4354 2438 4412 usque
2475 4340 2530 4396 in
2567 4339 2708 4396 diem
2731 4339 2985 4406 tertium;
3013 4354 3081 4396 ne
3105 4339 3240 4396 forte
3268 4340 3486 4397 veniant
3508 4339 3668 4397 disci-

2086 4432 2196 4504 puli
2230 4431 2366 4503 ejus,
2393 4437 2450 4488 et
2473 4429 2718 4488 furentur
2739 4444 2884 4499 eum,
2927 4437 2981 4487 et
3013 4430 3192 4488 dicant
3229 4431 3392 4502 plebi,
3423 4431 3668 4488 Surrexit

2083 4538 2117 4582 a
2146 4525 2410 4592 mortuis;
2437 4531 2494 4581 et
2517 4523 2960 4580 eritnovissimus
2989 4538 3139 4580 error
3167 4524 3317 4595 pejor
3343 4522 3540 4594 priore.
3575 4525 3664 4580 Ait

2083 4615 2194 4673 illis
2228 4615 2472 4671 Pilatus:
2503 4613 2716 4684 Habetis
2745 4599 3061 4682 custodiam,
3101 4613 3192 4682 ite,
3236 4613 3498 4671 custodite
3525 4615 3662 4672 sicut

2082 4707 2248 4765 scitis.
2305 4705 2390 4764 Ilii
2431 4715 2608 4763 autem
2649 4705 2905 4762 abeuntes
2961 4705 3263 4762 munierunt
3305 4705 3616 4777 sepulcrum
3635 4746 3653 4774 ,

2083 4803 2351 4874 signantes
2400 4797 2652 4870 lapidem,
2685 4811 2807 4854 cum
2848 4796 3156 4854 custodibus
3190 4815 3210 4852 ι
3237 4795 3461 4870 (Matth.
3490 4805 3657 4865 xxvn,

2082 4889 2296 4963 62—06).
2349 4887 2465 4947 Hoc
2495 4887 2642 4944 solus
2677 4887 2952 4944 Ilatthaeus
2976 4893 3190 4952 narrat,
3232 4887 3379 4944 nullo
3427 4886 3654 4944 aliorum

2082 4989 2334 5041 narrante
2381 4979 2579 5052 aliquid
2631 4978 2776 5052 quod
2825 4977 2950 5036 huic
2993 4977 3238 5036 videatur
3277 4993 3397 5036 esse
3439 4987 3656 5036 contra-

2080 5089 2242 5132 rium.

2153 5166 2244 5223 63.
2297 5161 2500 5221 Deinde
2557 5161 2799 5235 sequitur
2845 5161 2986 5220 idem
3029 5162 3340 5232 Matthteus,
3387 5171 3446 5221 et
3487 5162 3660 5224 dicit:

2086 5277 2108 5314 ‹
2153 5257 2384 5328 Vespere
2423 5263 2606 5312 autem
2645 5255 2868 5322 sabbati,
2913 5269 3031 5345 quis
3073 5255 3294 5313 lucescit
3336 5254 3390 5313 in
3431 5256 3656 5328 primam

2081 5351 2288 5412 sabbati
2315 5351 2358 5420 ⁸,
2385 5350 2533 5406 venit
2559 5349 2721 5406 Maria
2755 5348 3062 5420 Magdalene
3083 5357 3140 5406 et
3177 5349 3343 5407 altera
3381 5347 3545 5406 Maria
3577 5347 3656 5406 vi-

2079 5446 2211 5504 dere
2274 5443 2593 5515 sepulcrum.
2651 5439 2716 5496 Et
2771 5453 2896 5497 ecce
2943 5447 3106 5498 terra
3147 5445 3326 5498 motus
3366 5438 3536 5497 Iactus
3579 5450 3662 5497 est

2080 5551 2321 5612 magnus.
2353 5533 2588 5606 Angelus
2613 5533 2756 5590 enim
2785 5532 2995 5590 Domini
3018 5530 3295 5590 descendit
3328 5530 3398 5588 de
3419 5531 3579 5602 celo,
3605 5542 3654 5588 et

2143 5687 3358 5757 smmmmuwwu

2079 5759 2165 5820 sis.
3493 5741 3652 5798 “de!
