4076 6526
226 548 349 614 H97

225 668 466 730 accedens
488 660 978 736 revolvlthpldem,
997 668 1054 722 et
1066 658 1285 719 sedebat
1302 670 1462 731 super
1482 670 1626 714 eum.
1651 655 1787 715 Erat

224 773 389 822 autem
430 768 677 832 aspectus
716 758 833 830 eius
856 759 994 817 sicut
1020 756 1213 827 fulgur,
1242 761 1298 810 et
1321 752 1639 809 vestimenta
1666 748 1790 819 ejus

226 856 351 912 sicut
374 852 485 910 nix.
514 852 632 907 Pr:
658 851 852 906 umore
872 858 1047 905 autem
1070 846 1187 919 ejus
1206 844 1445 902 exterriti
1468 850 1593 900 sunt
1609 848 1789 897 custo-

226 946 334 1013 des,
374 952 428 1001 et
457 943 581 999 iacti
623 949 748 999 sunt
785 942 930 997 velut
956 939 1171 996 mortui.
1222 934 1568 1006 Respondeas
1608 940 1789 989 autem

225 1038 430 1109 angelus
469 1036 602 1091 dixit
646 1034 957 1090 mulieribus
988 1050 1002 1088 :
1031 1032 1207 1088 Nolite
1250 1029 1462 1093 timere,
1506 1039 1603 1082 vos
1633 1042 1648 1079 :
1675 1022 1791 1080 scio

222 1131 354 1185 enim
371 1128 510 1200 quod
527 1127 712 1184 Jesum
726 1129 813 1199 qui
844 1125 1124 1181 crucilixus
1151 1131 1253 1188 est,
1266 1119 1502 1191 queritis
1524 1135 1541 1185 ;
1571 1132 1677 1173 non
1706 1122 1791 1173 est

226 1223 323 1293 hic,
345 1221 574 1278 surrexit
588 1220 731 1277 enim
753 1220 889 1275 sicut
908 1218 1041 1274 dixit
1070 1232 1087 1272 :
1114 1215 1311 1282 venite,
1327 1220 1382 1271 et
1399 1212 1574 1267 videte
1610 1209 1787 1264 locum

226 1315 306 1373 ubi
321 1315 523 1386 positus
538 1323 653 1369 erat
670 1312 943 1367 Dominus.
970 1310 1036 1367 Et
1049 1308 1156 1364 cito
1176 1316 1363 1365 euntes
1381 1304 1540 1360 dicite
1556 1301 1787 1371 discipu-

223 1408 285 1464 lis
296 1407 409 1477 ejus
419 1407 537 1477 quia
553 1405 800 1469 surrexit;
818 1413 1008 1459 etecce
1020 1398 1271 1471 praecedit
1284 1399 1300 1429 ί
1314 1412 1407 1452 vos
1424 1396 1481 1451 in
1492 1393 1783 1459 Galilmam;

224 1501 290 1558 ibi
326 1516 447 1558 eum
492 1499 777 1554 videbitis:
808 1511 934 1553 ecce
973 1494 1087 1550 dixi
1129 1488 1563 1561 vobissUlattlt.
1600 1500 1785 1553 xxvrn,

225 1590 377 1665 Mli).
402 1590 747 1647 Huiclarcns
764 1584 1227 1657 eonsonat(Mars.
1246 1596 1359 1647 xvi,
1374 1578 1545 1651 l-ii).
1566 1577 1671 1635 Sed
1694 1591 1788 1646 po-

224 1691 321 1741 test
338 1698 551 1739 movere
558 1680 822 1753 quomodo
836 1677 1129 1735 secundum
1143 1673 1447 1731 Manlianum
1462 1669 1683 1742 angelus
1695 1682 1788 1724 su—

224 1792 314 1851 per
338 1776 564 1847 lapidem
577 1775 794 1831 sedebat
810 1771 1113 1829 revolutum
1132 1784 1164 1823 a
1191 1772 1533 1824 monumento
1550 1781 1563 1817 :
1578 1762 1787 1818 nereus

224 1870 357 1927 enim
385 1870 712 1924 inuocantes
754 1880 847 1921 eas
874 1866 929 1919 in
977 1868 1377 1918 monumentum
1420 1856 1550 1913 dicit
1590 1854 1789 1910 vidisse

222 1960 457 2034 juvenem
477 1958 749 2014 sedentem
765 1957 821 2010 in
836 1955 1040 2011 dextris
1058 1960 1365 2022 coopertum
1385 1948 1521 2004 stola
1541 1944 1787 2011 candida,

225 2062 277 2109 et
310 2050 639 2121 ohstnpuisse
669 2066 683 2103 :
715 2049 816 2103 nisi
843 2046 1195 2116 intelligamus
1231 2049 1324 2099 aut
1356 2040 1666 2096 Mattlimum
1706 2044 1785 2091 ta-

224 2146 393 2203 cuisse
418 2144 491 2201 de
506 2145 601 2200 ille
621 2142 829 2214 angelo,
859 2155 1019 2211 quem
1045 2140 1309 2194 intrantes
1331 2134 1617 2198 viderunt;
1640 2131 1785 2185 Mar-

224 2251 339 2293 cum
362 2250 493 2291 vero
510 2236 577 2291 de
600 2235 689 2289 illo
713 2234 959 2300 tacuisse,
989 2244 1146 2301 quem
1175 2228 1305 2283 loris
1327 2225 1574 2281 viderunt
1597 2221 1787 2278 seden-

224 2336 328 2384 tem
367 2342 525 2398 supcr
563 2326 789 2395 lapidem
817 2341 833 2379 :
861 2331 922 2378 ut
958 2321 1093 2377 duos
1132 2318 1381 2384 viderint,
1421 2323 1477 2371 et
1512 2329 1546 2370 a
1580 2311 1791 2368 duobus

224 2418 518 2488 singillatim
560 2415 824 2471 audierint
865 2427 984 2484 quae
1028 2411 1279 2467 dixerunt
1322 2406 1493 2478 angeli
1520 2405 1589 2461 de
1622 2403 1789 2471 leas,

225 2508 364 2581 prius
389 2508 457 2562 ab
484 2506 577 2562 illo
611 2520 766 2576 quem
805 2504 937 2560 toris
962 2501 1209 2558 viderunt
1230 2498 1505 2556 sedentem
1531 2510 1690 2566 super
1712 2493 1789 2549 la-

224 2599 415 2671 pidem,
443 2597 633 2654 deinde
655 2598 722 2653 ab
746 2596 839 2651 illo
860 2608 1017 2665 quem
1041 2592 1288 2649 viderunt
1310 2590 1568 2645 intrantes
1595 2585 1651 2641 in
1675 2599 1789 2640 mo-

224 2697 563 2755 numentum,
607 2688 879 2745 sedentem
908 2700 939 2741 a
962 2684 1203 2749 dextris;
1242 2696 1349 2752 quo
1395 2687 1454 2735 ut
1493 2679 1787 2745 intrarent,

224 2781 364 2840 illius
386 2782 475 2852 qui
493 2780 624 2836 foris
646 2779 865 2836 sedebat
887 2777 1065 2835 verbis
1085 2776 1378 2833 exhortata:
1402 2781 1527 2830 sunt
1543 2769 1789 2836 dicentis,

237 2871 420 2939 Venite,
445 2884 490 2929 et
517 2873 677 2929 uidete
712 2872 879 2927 locum
901 2870 988 2926 ubi
1026 2870 1215 2940 positus
1238 2877 1344 2923 erat
1366 2865 1615 2921 Dominus
1639 2878 1659 2919 ε
1683 2876 1791 2933 quo

222 2965 513 3031 venientes,
541 2972 602 3022 ut
639 2964 838 3020 dictum
874 2971 977 3030 est,
1003 2969 1059 3017 et
1098 2961 1357 3016 intrantes
1399 2956 1644 3012 viderunt
1668 2969 1791 3010 eum

223 3056 290 3114 de
316 3072 423 3128 quo
459 3055 737 3115 Mattheus
775 3062 934 3122 tacet,
978 3054 1182 3108 Marcus
1209 3058 1387 3107 autem
1423 3049 1676 3119 loquitur,
1703 3061 1791 3104 se-

220 3145 429 3202 dentem
452 3161 483 3202 a
505 3145 725 3211 dextris,
748 3158 779 3199 a
806 3159 914 3215 quo
941 3143 1063 3198 talia
1085 3139 1327 3197 similiter
1345 3138 1646 3195 audierunt.
1687 3137 1794 3193 Aut

220 3245 369 3294 certe
392 3238 650 3293 intrantes
684 3236 737 3291 in
764 3243 1163 3291 monumentum
1191 3232 1245 3289 in
1274 3232 1444 3301 aliqua
1486 3239 1634 3299 septa
1675 3243 1792 3283 ma-

219 3334 377 3391 ceriae
396 3333 650 3389 debemus
668 3333 933 3402 accipere,
950 3346 1053 3402 qua
1072 3329 1452 3387 communitum
1474 3328 1649 3384 locum
1669 3335 1794 3381 tunc

216 3421 383 3481 fuisse
410 3423 661 3478 credibile
694 3431 778 3478 est
802 3424 853 3477 in
882 3423 1061 3492 aliquo
1087 3420 1258 3491 spatio
1284 3426 1411 3476 ante
1434 3428 1660 3489 petram,
1691 3431 1794 3488 qua

216 3516 398 3571 excisa
424 3513 572 3570 locus
598 3513 768 3569 iactus
792 3512 962 3569 fuerat
991 3513 1279 3583 sepultura:
1310 3529 1324 3566 :
1357 3520 1413 3566 ut
1442 3512 1614 3582 ipsum
1642 3509 1790 3565 vide—

214 3606 329 3663 rint
364 3608 417 3662 in
443 3606 633 3663 eodem
656 3606 826 3676 spatio
851 3605 1125 3663 sedentem
1150 3620 1181 3659 a
1209 3603 1431 3673 dextris,
1470 3618 1628 3674 quem
1668 3602 1797 3659 dicit

215 3695 502 3755 Matthmus
524 3695 796 3753 sedentem
822 3710 981 3766 super
1010 3694 1260 3766 lapidem,
1287 3709 1442 3765 quem
1466 3702 1623 3749 terrae
1647 3701 1795 3749 motu

211 3790 289 3847 ah
316 3789 455 3845 ostio
479 3788 804 3845 monumenti
825 3788 1141 3856 revolverat,
1180 3787 1235 3844 id
1252 3795 1336 3844 est
1353 3801 1383 3842 a
1403 3787 1523 3844 loco
1542 3785 1793 3856 sepulcri,

211 3882 363 3955 quod
389 3881 637 3937 ell‘ossum
665 3889 783 3936 erat
803 3880 858 3935 in
882 3888 1049 3951 petra.

288 3974 382 4029 64.
422 3973 551 4028 ltem
589 3974 753 4045 quaeri
791 3980 983 4044 potest,
1011 3971 1457 4043 quemadmodum
1486 3970 1695 4028 Marcus
1715 3968 1796 4026 di-

209 4072 325 4131 cat,
353 4064 417 4119 At
441 4065 543 4119 illae
570 4074 803 4120 exeuntes
828 4065 1065 4134 fugerunt
1090 4063 1151 4119 de
1170 4072 1524 4127 monumento;
1546 4064 1794 4117 invaserat

212 4158 355 4213 enim
383 4174 465 4212 eas
487 4167 670 4212 tremor
691 4166 738 4213 et
763 4172 915 4227 pauor
937 4172 955 4210 :
975 4166 1021 4212 et
1039 4156 1227 4211 nemini
1244 4156 1518 4227 quidquam
1537 4156 1793 4220 dixerunt;

215 4248 459 4303 timebant
485 4249 654 4314 enim;
683 4263 805 4303 cum
839 4248 981 4303 dicat
1006 4247 1301 4315 Mattheuus,
1340 4246 1407 4301 Et
1432 4247 1659 4302 ea‘t'eruttt
1696 4247 1794 4301 cito

210 4340 280 4395 de
317 4348 637 4394 monumento
665 4356 778 4394 cum
818 4340 993 4395 timore
1018 4347 1066 4394 et
1098 4338 1284 4410 gaudio
1309 4353 1512 4408 mgna,
1542 4344 1794 4392 currentes

209 4431 453 4485 nuntiare
498 4431 759 4502 discipulis
802 4430 911 4499 ejus
951 4445 971 4483 :
1013 4429 1114 4483 nisi
1157 4428 1510 4499 intelligamus
1558 4427 1792 4497 ipsorum

209 4520 527 4593 angelorum
556 4521 754 4576 nemini
782 4535 939 4577 ausas
976 4520 1136 4575 fuisse
1164 4519 1360 4590 aliquid
1386 4519 1584 4586 dicere,
1610 4519 1663 4574 id
1688 4526 1791 4587 est,

206 4612 543 4683 respondere
584 4613 651 4669 ad
692 4628 755 4671 ca
797 4628 917 4684 qua:
955 4613 1022 4669 ab
1068 4612 1173 4667 illis
1200 4612 1494 4678 audierant,
1534 4620 1624 4667 aut
1650 4619 1796 4667 certe

202 4703 525 4760 custodibus
543 4719 676 4774 quos
692 4705 929 4774 jacentes
954 4703 1219 4759 viderunt.
1242 4702 1372 4757 Nam
1393 4703 1521 4758 illud
1546 4702 1792 4777 gaudium

202 4786 358 4859 quod
388 4787 664 4842 Matthmus
690 4796 1087 4854 commemorat,
1114 4802 1220 4842 non
1250 4796 1505 4856 repugnat
1532 4787 1704 4841 timori
1728 4786 1796 4843 de

200 4886 317 4942 quo
349 4871 557 4926 Marcus
584 4870 709 4926 dicit
738 4889 748 4923 :
778 4870 1057 4925 debuimus
1100 4870 1240 4925 enim
1270 4879 1549 4942 utrumque
1588 4872 1643 4927 in
1675 4872 1794 4927 illa-

197 4976 333 5021 rum
362 4960 541 5017 animo
569 4962 760 5016 factum
802 4961 1115 5033 intelligere,
1146 4962 1349 5018 etiamsi
1381 4964 1493 5033 ipse
1520 4962 1796 5021 Matthacus

199 5052 278 5109 de
307 5054 503 5109 timore
536 5069 643 5108 non
669 5052 903 5119 diceret;
930 5068 1049 5109 cum
1071 5069 1197 5110 vero
1222 5064 1276 5111 et
1314 5056 1428 5126 ipse
1450 5056 1609 5123 dicat,
1636 5054 1796 5112 Exie-

197 5153 334 5198 runt
368 5144 464 5197 cito
503 5144 564 5198 de
594 5154 911 5200 monumento
936 5162 1051 5199 cum
1094 5147 1268 5201 timore
1292 5156 1337 5201 et
1362 5148 1547 5218 gaudio
1576 5164 1791 5220 magno,

197 5233 351 5289 nihil
382 5248 447 5290 ex
476 5232 575 5289 hac
610 5250 669 5291 re
693 5235 998 5306 quaestionis
1028 5252 1301 5292 remanere
1338 5240 1613 5308 permittit.

282 5326 382 5383 65.
424 5326 501 5383 Dc
529 5327 656 5383 hora
686 5344 895 5401 quoque
917 5330 1029 5400 ipsa
1056 5345 1156 5400 qua
1185 5339 1441 5385 venerunt
1466 5333 1713 5390 mulieres
1727 5334 1793 5390 ad

198 5432 661 5492 monumentum,
705 5440 811 5479 non
847 5423 1232 5480 contemnenda
1268 5426 1504 5481 exoritur
1548 5427 1793 5496 quaestio.

196 5517 350 5574 Cum
376 5516 515 5573 enim
536 5516 810 5572 Matthmus
833 5516 994 5585 dicat,
1028 5515 1239 5587 Vespere
1257 5526 1421 5571 autem
1446 5518 1660 5588 sabbati,
1681 5536 1797 5592 qua:

194 5609 423 5664 lucescit
460 5610 512 5664 in
540 5612 753 5681 primam
779 5610 995 5676 sabbati,
1034 5611 1164 5666 venit
1208 5609 1377 5665 Maria
1418 5611 1722 5684 Magdalene
1748 5624 1795 5671 et

191 5702 382 5758 altera
421 5701 590 5757 Maria
630 5702 796 5757 videre
836 5702 1121 5771 sepulcrum
1150 5718 1168 5756 :
1193 5702 1319 5772 quid
1361 5712 1443 5759 est
1485 5705 1625 5775 quod
1669 5706 1796 5763 dicit

243 5815 749 5929 divt‘blbiiﬂle’esli’c
777 5816 1796 5929 ἔῖίῗῗὲἐαοέαξῗὲθὲὣῗιεμέῗὲηῗᾶτῗηῗ

529 5886 591 5953 ,Αι
635 5876 828 5953 θάἓιῖ.ἐδι
850 5876 1195 5953 .δ¹ἓὲ;ίὲοίὲἓοε³
1216 5876 1393 5953 ﬁll-iui.
1408 5879 1585 5953 oreris.
1600 5876 1793 5953 ῖθέιωιο

186 5939 456 6011 prtecedit
484 5952 501 5990 :
528 5946 630 5989 tum
652 5952 715 6011 ex
737 5939 1041 6011 iisplerique
1072 5948 1175 5991 Mss.
1200 5939 1309 5991 ecce
1338 5939 1454 5993 dixi
1482 5939 1793 6007 vobis;)uxta

1557 537 1763 601 LIBER
1794 534 2113 605 TERTIUS.

3334 545 3473 605 1198

1886 652 2114 722 Marcus,
2146 649 2213 709 Et
2237 651 2383 711 valde
2408 668 2559 713 mus
2577 669 2683 711 una
2707 652 3242 714 sabbatorumuniunt
3267 660 3333 714 ad
3362 677 3469 715 mo-

1888 754 2199 813 numentum,
2224 746 2412 801 oriente
2427 746 2542 819 jam
2567 748 2712 803 sole?
2750 746 2807 803 in
2834 762 2941 819 quo
2961 748 3172 819 quidem
3200 764 3230 806 a
3253 754 3467 810 caeteris

1888 838 2111 903 duobus,
2144 839 2196 893 id
2232 851 2335 907 est,
2362 840 2505 896 Luca
2527 851 2581 897 et
2606 839 2812 898 Joanne
2837 858 2943 899 non
2980 843 3267 915 discrepat.
3309 846 3466 916 Quod

1890 930 2033 987 enim
2070 930 2197 986 dicit
2224 931 2413 998 Lucas,
2460 932 2606 986 ualde
2648 931 2915 999 diluculo;
2941 944 2997 990 et
3022 936 3274 1004 Joannes,
3320 954 3471 997 manu

1890 1036 2006 1075 cum
2031 1021 2197 1075 adhuc
2225 1022 2436 1077 tenebrae
2463 1032 2623 1078 essent
2649 1039 2669 1078 :
2693 1023 2796 1080 hoc
2818 1024 3129 1097 intelligitur
3154 1027 3365 1087 Marcus
3387 1031 3467 1088 di—

1888 1125 2034 1179 cere,
2063 1112 2208 1168 valde
2234 1130 2403 1183 mane,
2428 1116 2617 1171 oriente
2635 1117 2743 1187 iam
2780 1117 2905 1187 sole,
2934 1118 2987 1174 id
3012 1130 3095 1176 est
3121 1136 3245 1178 cum
3269 1125 3465 1182 cmlum

1888 1202 1956 1258 ab
1981 1204 2202 1260 orientis
2228 1215 2376 1277 parte
2399 1207 2510 1278 jam
2536 1208 2872 1276 albesceret;
2901 1213 3043 1282 quod
3069 1229 3172 1271 non
3201 1216 3259 1272 tit
3282 1218 3466 1289 utique

1888 1295 1991 1352 nisi
2018 1298 2146 1355 solis
2175 1300 2395 1357 orientis
2407 1301 2677 1359 vicinitate
2713 1319 2727 1358 :
2759 1304 2876 1374 ejus
2895 1305 3041 1362 enim
3067 1316 3144 1363 est
3174 1308 3266 1365 ille
3293 1308 3469 1382 fulgor

1886 1389 1978 1458 qui
2006 1392 2220 1447 nomine
2245 1407 2451 1451 aurorae
2464 1395 2716 1466 appellari
2734 1396 2890 1454 solet.
2931 1398 3056 1456 ideo
3074 1416 3179 1455 non
3207 1414 3470 1475 repugnat

1886 1478 1965 1534 illi
1988 1481 2081 1553 qui
2097 1482 2195 1550 ait,
2215 1500 2329 1538 cum
2355 1486 2522 1540 adhuc
2550 1487 2763 1545 tenebris
2786 1500 2968 1547 essent.
2998 1491 3098 1549 Die
3119 1494 3318 1565 quippe
3345 1510 3467 1555 sur.

1885 1578 2063 1641 gente,
2106 1572 2295 1645 aliqum
2322 1576 2558 1647 reliquias
2586 1579 2927 1637 tenebrarum
2955 1590 3105 1641 tants
3124 1586 3291 1657 magis
3318 1598 3468 1646 exto-

1886 1672 2137 1733 nuantsr,
2159 1675 2357 1735 quanto
2371 1669 2537 1738 magis
2555 1670 2723 1726 oritur
2740 1671 2850 1727 lux.
2871 1672 2982 1729 Nec
2999 1674 3078 1731 sic
3095 1675 3465 1746 accipiendum

1886 1760 1973 1810 est
1992 1754 2134 1825 quod
2161 1756 2257 1826 ait,
2295 1757 2443 1813 valde
2477 1776 2643 1828 omne,
2674 1770 2921 1833 tanquam
2948 1764 3029 1821 sol
3058 1766 3172 1837 ipse
3196 1767 3468 1828 videretur

1882 1842 1997 1914 jam
2024 1860 2184 1916 super
2208 1856 2377 1904 terras
2408 1866 2422 1905 :
2449 1850 2542 1906 sed
2558 1852 2740 1921 potius
2765 1854 2904 1912 sicut
2921 1853 3104 1915 dicere
3127 1858 3359 1917 solemus
3382 1861 3467 1920 eis

1886 1938 2082 2008 quibus
2105 1942 2350 1997 volumus
2377 1942 2674 2013 signiﬁcare
2702 1947 2995 2016 temperius
3022 1949 3221 2020 aliquid
3266 1952 3467 2011 facien-

1887 2028 2037 2086 dum.
2063 2030 2193 2088 Cum
2222 2033 2363 2089 enim
2391 2034 2700 2103 dixerimus,
2726 2037 2898 2107 Iane,
2924 2055 2996 2097 ne
3020 2050 3206 2109 putent
3223 2042 3329 2113 iam
3354 2044 3470 2103 sole

1887 2133 2047 2192 supra
2068 2132 2262 2179 terram
2287 2125 2575 2195 conSpieuo
2603 2142 2702 2184 nos
2720 2128 2919 2197 dicere,
2940 2130 3009 2187 ad
3027 2129 3129 2187 hoc
3156 2132 3471 2205 plerumque

1888 2211 2153 2281 addimus,
2185 2213 2346 2271 Valde
2360 2230 2553 2283 mane;
2584 2225 2642 2273 ut
2668 2218 2797 2275 illud
2818 2219 2961 2290 quod
2984 2221 3143 2279 etiam
3164 2223 3472 2283 albescente

1887 2311 2126 2372 vocatur,
2165 2305 2457 2376 intelligant
2487 2324 2500 2363 :
2533 2323 2835 2380 quanquam
2872 2320 2931 2368 et
2961 2312 3065 2370 hoc
3086 2314 3337 2371 usitatum
3376 2316 3469 2385 sit,

1888 2405 1948 2451 ut
1975 2407 2096 2466 post
2117 2396 2239 2466 galli
2260 2407 2473 2453 cantum
2501 2413 2645 2470 saepe
2670 2402 2975 2471 repetitum,
3014 2419 3137 2460 eum
3164 2406 3468 2477 conjectare

1888 2484 2133 2543 homines
2152 2488 2413 2559 coeperint
2433 2488 2573 2545 diem
2592 2489 2703 2560 jam
2727 2492 3102 2565 propinquare,
3124 2495 3324 2564 dicant,
3350 2497 3471 2555 lam

1889 2591 2046 2633 mane
2065 2586 2175 2644 est;
2198 2588 2251 2634 et
2276 2594 2397 2635 cum
2414 2589 2535 2650 post
2554 2581 2655 2639 hoc
2674 2583 2895 2640 verbum
2913 2585 3256 2657 attenderint,
3282 2597 3335 2644 et
3354 2589 3469 2660 jam

1890 2668 2117 2738 oriente,
2142 2668 2196 2725 id
2220 2678 2302 2726 est
2323 2670 2434 2740 jam
2460 2670 2526 2726 de
2544 2673 2786 2742 proximo
2809 2674 3129 2734 adveniente
3150 2679 3205 2735 in
3230 2680 3325 2736 has
3349 2695 3473 2751 par-

1892 2764 1972 2814 tes
1997 2759 2133 2827 sole,
2160 2761 2355 2816 emtum
2380 2761 2665 2819 rubescere
2690 2764 2775 2820 vel
2802 2766 3076 2825 albescere
3098 2769 3346 2838 viderint,
3376 2771 3472 2830 ad-
3523 2813 3526 2817 .

1891 2852 2021 2910 dant
2061 2854 2153 2924 qui
2175 2854 2440 2923 dicebant,
2469 2856 2623 2915 Mane
2646 2865 2753 2924 est,
2794 2868 2850 2916 et
2874 2860 3071 2930 dicant,
3108 2863 3273 2921 Valde
3310 2880 3473 2925 manu

1892 2953 1994 3000 est.
2023 2944 2157 3014 Quid
2185 2956 2361 3005 autem
2386 2949 2628 3019 interest,
2651 2951 2776 3010 dum
2802 2954 2916 3011 sive
2941 2954 3032 3013 illo
3056 2957 3167 3015 sive
3188 2958 3291 3015 isto
3308 2959 3470 3018 modo

1893 3035 2027 3091 nihil
2047 3037 2191 3093 aliud
2213 3038 2566 3111 intelligamus
2586 3057 2616 3096 a
2631 3042 2809 3100 Marco
2824 3047 3147 3116 appellatum
3176 3067 3345 3121 inane,
3366 3054 3471 3110 nisi

1893 3127 2037 3198 quod
2073 3127 2245 3185 Lucas
2284 3133 2571 3201 appellavit
2598 3135 2861 3203 diluculo;
2902 3147 2958 3195 et
2983 3140 3086 3197 hoc
3113 3142 3258 3199 valde
3285 3162 3434 3202 mane
3454 3187 3471 3215 ,

1895 3218 2039 3289 quod
2064 3220 2154 3276 ille
2177 3223 2323 3278 valde
2360 3224 2609 3294 diluculo,
2651 3236 2707 3283 et
2731 3228 2875 3298 quod
2914 3229 3148 3290 Joannes
3171 3251 3319 3293 etans
3355 3254 3471 3294 cum

1896 3312 2061 3368 adhuc
2089 3315 2303 3370 tenebraz
2329 3328 2526 3385 essent;
2562 3319 2667 3375 sole
2691 3330 2869 3377 autem
2886 3324 3003 3393 jam
3030 3328 3236 3395 oriente,
3268 3330 3321 3385 id
3348 3340 3472 3402 est;

1896 3415 2017 3462 ortu
2043 3420 2141 3463 suo
2164 3408 2272 3476 jam
2301 3410 2493 3466 coelum
2519 3411 2818 3470 illuminare
2844 3415 3167 3487 incipiente?
3192 3421 3473 3490 Quomodo

1897 3509 2025 3567 ergo
2051 3496 2137 3552 his
2167 3499 2334 3555 tribus
2362 3512 2616 3572 congruat
2644 3502 2942 3574 Matthaeus,
2971 3509 3061 3579 qui
3090 3526 3188 3566 nec
3216 3512 3471 3583 diluculo,

1896 3601 1998 3644 nec
2020 3602 2197 3654 mane,
2227 3591 2321 3647 sed
2349 3606 2547 3662 uespere
2574 3594 2648 3648 ait
2674 3594 2887 3663 sabbati,
2920 3615 3033 3669 qua
3056 3600 3258 3657 lucescit
3294 3604 3346 3658 in
3370 3607 3476 3676 pri-

1896 3696 2031 3737 mam
2043 3681 2255 3749 sabbati,
2278 3686 2529 3742 attentius
2548 3686 2902 3759 indagandum
2921 3700 3022 3748 est.
3045 3694 3089 3749 A
3110 3704 3259 3763 parte
3276 3697 3474 3769 quippe

1894 3774 2066 3846 prima
2096 3777 2283 3843 noctis,
2302 3778 2440 3847 quod
2457 3787 2539 3835 est
2563 3794 2773 3851 vesper,
2797 3780 2967 3853 ipsam
2989 3794 3195 3843 noctem
3209 3788 3376 3846 voluit
3397 3792 3475 3846 si-

1894 3868 2148 3937 gniﬁcare
2168 3867 2468 3936 Mattiacas,
2495 3872 2645 3941 cujus
2668 3874 2839 3931 noctis
2864 3874 2968 3932 line
2991 3890 3251 3934 venerunt
3278 3881 3471 3937 mulie-

1895 3974 1985 4015 res
2009 3959 2075 4015 ad
2107 3970 2527 4017 monumentum.
2556 3963 2632 4019 Ea
2656 3978 2783 4021 vero
2808 3979 2965 4023 causa
2990 3967 3299 4039 intelligitur
3323 3985 3472 4026 eam-

1896 4051 2017 4107 dem
2039 4062 2248 4109 noctem
2277 4054 2353 4109 sic
2369 4056 2689 4125 appellasse,
2714 4057 2836 4127 quia
2865 4058 2974 4128 jam
2990 4074 3021 4114 a
3036 4074 3262 4132 veSpere
3282 4062 3476 4126 licebat

1896 4143 2089 4201 aliene
2099 4154 2625 4213 aromata,transacto
2636 4148 2816 4218 utique
2830 4149 3065 4208 sabbato.
3075 4151 3215 4224 Ergo
3226 4155 3475 4224 quoniam
3490 4198 3493 4201 ι

1895 4239 2117 4297 sabbato
2132 4239 2575 4310 impediebantur,
2588 4248 2765 4297 utnon
2785 4250 2910 4300 ante
2925 4242 3251 4312 facerent,ab
3265 4261 3331 4304 eo
3346 4256 3476 4304 tem-

1894 4345 2026 4402 pore
2052 4332 2343 4387 nominavit
2365 4339 2597 4399 noctem,
2624 4348 2687 4388 ex
2708 4349 2812 4404 quo
2833 4336 2910 4391 eis
2935 4335 3096 4394 licere
3123 4339 3285 4410 cmpit
3308 4350 3367 4396 ut
3394 4342 3473 4399 la-

1894 4430 2098 4488 cerent,
2111 4438 2439 4493 quocumque
2456 4423 2651 4478 vellent
2668 4433 2906 4495 tempore
2924 4428 3161 4498 ejusdem
3175 4433 3366 4489 noctis.
3389 4433 3479 4491 Sic

1896 4512 2072 4583 itaque
2091 4512 2287 4567 dictum
2305 4521 2406 4581 est,
2424 4530 2623 4586 vespere
2636 4516 2848 4581 sabbati,
2867 4534 2931 4575 ac
2946 4520 2989 4575 si
3006 4520 3293 4592 diceretur,
3318 4534 3477 4584 nocte

1897 4603 2123 4672 sabbati,
2146 4603 2199 4658 id
2224 4614 2305 4659 est
2329 4615 2482 4660 nocte
2506 4621 2625 4677 qua:
2645 4608 2881 4678 sequitur
2908 4609 3046 4665 diem
3068 4614 3270 4670 sabbati
3294 4633 3308 4669 :
3328 4618 3472 4688 quod

1897 4692 2010 4763 ipsa
2040 4693 2201 4749 verba
2228 4695 2344 4765 ejus
2369 4696 2497 4751 satis
2527 4696 2778 4754 indicant.
2820 4699 2909 4756 Sic
2935 4703 3076 4757 enim
3102 4705 3176 4759 ait
3206 4723 3219 4759 :
3262 4705 3477 4779 Vespere

1897 4794 2064 4839 autem
2104 4786 2313 4854 sabbati,
2364 4804 2474 4853 quw
2501 4790 2703 4844 lucescit
2740 4792 2793 4846 in
2829 4794 3045 4864 primam
3073 4797 3264 4853 sabbati
3289 4815 3311 4856 .'
3334 4804 3474 4872 quod

1898 4877 2011 4934 ﬁeri
2039 4894 2145 4935 non
2173 4890 2365 4951 potest,
2393 4883 2436 4938 si
2462 4885 2822 4941 tantummodo
2851 4888 3073 4956 primam
3109 4894 3282 4950 noctis
3309 4899 3474 4966 parti-

1898 4972 2092 5041 culam,
2134 4973 2188 5027 id
2230 4982 2310 5028 cst
2349 4974 2518 5029 solum
2565 4976 2773 5033 initium
2816 4981 3006 5048 noctis,
3054 4982 3475 5045 intellexerimus

1898 5061 2041 5118 dicto
2065 5078 2289 5134 vespere
2308 5065 2682 5137 signiﬁcatam;
2713 5084 2884 5141 neque
2903 5074 3046 5129 enim
3066 5075 3239 5145 ipsum
3265 5078 3472 5138 initium

1898 5153 2121 5210 lucescit
2149 5157 2200 5210 in
2242 5158 2466 5227 primam
2510 5159 2734 5227 sabbati,
2776 5162 2869 5218 sed
2914 5165 3025 5235 ipsa
3068 5182 3173 5224 nox
3199 5185 3319 5241 qua:
3359 5172 3477 5230 luce

1898 5244 2080 5315 incipit
2113 5247 2401 5302 terminari.
2433 5248 2564 5304 Nam
2596 5253 2853 5309 terminus
2879 5256 3063 5325 prima:
3090 5262 3253 5329 partis
3278 5266 3475 5333 noctis,

1897 5338 2145 5393 secundae
2166 5340 2327 5410 partis
2349 5340 2557 5397 initium
2582 5351 2665 5399 est
2684 5360 2701 5410 ;
2728 5344 2819 5400 lux
2836 5355 3014 5404 autem
3037 5354 3291 5411 terminus
3313 5359 3476 5416 totius

1897 5433 2068 5487 noctis
2094 5441 2175 5487 est
2198 5451 2210 5487 :
2236 5433 2375 5489 unde
2405 5450 2510 5489 non
2554 5446 2726 5505 potest
2764 5438 2868 5494 dici
2892 5457 3083 5512 vesper
3108 5446 3385 5509 lucescens
3421 5454 3475 5508 in

1896 5527 2123 5595 primam
2154 5526 2379 5591 sabbati,
2406 5528 2506 5583 nisi
2538 5531 2750 5586 nomine
2778 5536 2988 5606 vesperi
3009 5552 3115 5593 nox
3140 5540 3254 5610 ipsa
3280 5542 3477 5600 intelli-

1896 5625 2050 5686 gatur
2078 5631 2234 5686 quam
2261 5618 2349 5672 lux
2371 5620 2637 5675 terminat.
2670 5622 2735 5676 Et
2760 5623 2983 5682 usitatus
3009 5628 3259 5700 loquendi
3282 5634 3473 5689 modus

1899 5707 2089 5763 divina:
2132 5708 2416 5779 Scripturae
2445 5721 2545 5775 est,
2578 5727 2607 5765 a
2635 5722 2785 5782 parte
2830 5725 2999 5773 totum
3027 5721 3326 5793 signiﬁcare
3349 5725 3366 5757 ⁸
3396 5744 3411 5782 :
3442 5742 3471 5784 a

1899 5812 2120 5869 vespere
2145 5813 2275 5870 ergo
2294 5807 2499 5855 noctem
2530 5803 2863 5873 signiﬁcavit,
2892 5809 3045 5881 cujus
3069 5821 3363 5872 extremum
3390 5833 3475 5877 est

1899 5890 2207 5949 diluculum.
2255 5892 2492 5949 Diluculo
2517 5896 2660 5953 enim
2697 5912 2958 5959 venerunt
2997 5904 3101 5961 ille
3126 5904 3378 5970 mulieres
3404 5915 3473 5972 ad

1963 6008 1982 6042 ι
1996 6012 2047 6056 tu
2061 6011 2109 6055 Β.
2122 6004 2266 6057 deest
2277 6018 2390 6065 vox,
2405 6006 2692 6069 siqniﬁcare.
2716 6018 2789 6065 Kr.
2812 6022 2867 6067 et
2883 6022 2993 6068 nov.
3008 6020 3167 6072 secuti
3181 6033 3354 6073 atauus
