4076 6548
559 449 696 510 H99

555 570 998 629 monumentum;
1040 576 1102 618 ac
1145 576 1241 632 per
1265 559 1370 617 hoc
1403 575 1465 617 ea
1509 569 1665 618 nocte
1701 568 1985 627 venerunt,
2015 573 2137 631 quas

550 657 845 728 signiﬁcata
874 666 956 712 est
987 654 1200 711 nomine
1240 654 1469 726 vesperi.
1499 653 1632 710 Tota
1670 654 1813 711 enim
1843 652 2137 725 signiﬁcata

549 759 637 808 est
658 764 726 806 eo
755 749 992 816 nomine,
1021 755 1082 803 ut
1105 747 1254 816 dixi;
1301 756 1359 804 et
1383 747 1504 804 ideo
1531 762 1866 819 quacumque
1889 749 2006 817 ejus
2033 761 2136 804 no-

544 845 652 902 ctis
678 852 829 916 parte
854 841 1145 907 venissent,
1185 856 1248 898 ea
1274 839 1454 912 utique
1492 848 1648 898 nocte
1673 843 1945 897 venissent
1974 855 2134 896 :cum

545 949 679 1007 ergo
706 944 965 990 venerunt
1005 941 1154 1004 parte
1195 932 1310 1004 ejus
1335 931 1506 988 noctis
1532 941 1792 999 extrema,
1840 946 1903 988 ea
1951 931 2134 1002 procul

545 1026 711 1084 dubio
740 1035 895 1082 nocte
936 1033 1214 1082 venerunt.
1267 1025 1497 1095 Vespere
1538 1032 1716 1079 autem
1746 1039 1866 1094 qua:
1913 1023 2135 1080 lucescit

543 1117 601 1176 in
630 1118 855 1189 primam
886 1117 1111 1183 sabbati,
1149 1131 1257 1173 non
1281 1125 1457 1186 potest
1495 1117 1595 1171 nisi
1624 1122 1734 1170 tota
1773 1116 1888 1184 ipsa
1919 1130 2025 1170 nox
2053 1114 2134 1169 in-

543 1208 710 1279 telligi
740 1225 756 1262 :
787 1222 855 1265 eo
901 1207 1060 1279 igitur
1100 1222 1324 1277 vespere
1347 1214 1626 1273 venerunt,
1659 1221 1777 1277 quae
1822 1206 1934 1276 ipsa
1974 1213 2132 1261 nocte

540 1308 843 1367 venerunt;
892 1301 1004 1370 ipsa
1045 1307 1223 1354 autem
1271 1306 1428 1354 nocte
1467 1305 1747 1364 venerunt,
1793 1312 1913 1368 quae
1955 1297 2130 1352 noctis

541 1393 712 1466 ipsius
748 1393 989 1464 quamvis
1013 1400 1250 1448 extrema
1275 1399 1426 1460 parte
1453 1398 1734 1446 venerunt.

611 1483 702 1540 66.
743 1483 876 1540 Nam
906 1491 962 1538 et
988 1482 1162 1554 ipsum
1193 1481 1444 1547 triduum,
1476 1496 1581 1552 quo
1607 1480 1861 1534 Dominus
1886 1487 2129 1564 mortuus

537 1586 624 1635 est
648 1586 705 1633 et
730 1576 1042 1644 resurrexit,
1072 1574 1175 1629 nisi
1200 1576 1301 1630 isto
1317 1573 1567 1644 loquendi
1590 1573 1768 1638 modo,
1794 1589 1899 1643 quo
1925 1588 1957 1628 a
1978 1582 2129 1644 parte

536 1677 711 1724 totum
739 1668 844 1722 dici
887 1667 1047 1734 solet,
1097 1673 1242 1721 recte
1284 1665 1504 1736 intelligi
1549 1679 1654 1719 non
1703 1673 1879 1735 potest
1919 1665 1958 1718 ί.
2010 1663 2128 1733 ipse

537 1763 734 1834 quippe
757 1763 851 1828 ait,
894 1761 1039 1816 Sicut
1067 1761 1200 1814 enim
1226 1758 1390 1814 Jonas
1426 1759 1524 1832 fuit
1549 1759 1604 1811 in
1638 1767 1807 1811 ventre
1835 1757 1930 1811 ceti
1969 1756 2127 1810 tribus

535 1856 708 1912 diebus
734 1865 779 1910 et
805 1855 960 1909 tribus
979 1853 1236 1918 noctibus;
1264 1852 1338 1906 sic
1362 1851 1455 1906 erit
1475 1849 1645 1905 Filius
1667 1850 1883 1904 hominis
1903 1850 1955 1902 in
1976 1849 2128 1903 corde

535 1959 682 2005 terra:
711 1949 867 2003 tribus
894 1945 1065 2000 diebus
1095 1955 1140 2000 et
1169 1943 1326 1998 tribus
1351 1943 1576 1997 noctibus
1609 1941 1830 2013 (Matth.
1866 1957 1964 2006 xu,
1995 1940 2065 1995 40

533 2019 918 2112 Computantur
945 2039 966 2070 ²
994 2046 1172 2093 autem
1210 2045 1470 2104 tempora,
1519 2034 1633 2088 sive
1660 2047 1728 2087 ex
1768 2048 1873 2103 quo
1912 2031 2126 2086 tradidit

532 2134 799 2205 spiritum,
829 2132 940 2187 sive
966 2144 1034 2186 ex
1059 2144 1164 2200 quo
1191 2127 1432 2197 sepultus
1457 2136 1557 2190 est,
1585 2135 1640 2181 et
1664 2140 1770 2180 non
1797 2125 2028 2179 occurrit
2054 2123 2124 2178 ad

532 2224 790 2298 liquidum
816 2239 832 2290 ;
860 2223 961 2278 nisi
983 2220 1218 2276 medium
1237 2219 1399 2285 diem,
1428 2218 1530 2272 hoc
1548 2225 1631 2272 est
1650 2216 1925 2270 sabbatum
1956 2221 2122 2268 totum

529 2316 673 2372 diem
718 2315 1059 2384 accipiamus,
1108 2311 1162 2366 id
1191 2318 1279 2366 est
1301 2324 1420 2364 cum
1449 2323 1546 2363 sua
1575 2317 1750 2374 nocte,
1784 2306 1902 2360 illos
1943 2313 2121 2360 autem

527 2411 617 2480 qui
645 2422 768 2464 eum
817 2407 873 2460 in
901 2404 1078 2460 medio
1121 2409 1434 2472 posuerunt,
1488 2400 1541 2454 id
1583 2409 1664 2454 est
1703 2412 2023 2468 parasceven
2065 2403 2123 2451 et

530 2500 757 2571 primam
798 2495 1024 2562 sabbati,
1071 2508 1229 2563 quem
1275 2491 1417 2546 diem
1460 2491 1784 2547 dominicum
1823 2490 2119 2556 dicimus,a

524 2597 679 2662 parte
706 2597 873 2644 totum
903 2586 1278 2655 intelligamus.
1311 2581 1447 2650 Quid
1473 2583 1615 2637 enim
1637 2583 1786 2651 juvat
1834 2582 1975 2651 quod
2001 2582 2120 2652 qui-

523 2682 649 2737 dam
661 2681 743 2735 his
759 2677 1016 2749 angustiis
1029 2675 1302 2738 coarctati,
1327 2684 1379 2728 et
1396 2678 1554 2727 istum
1575 2673 1854 2727 locutionis
1872 2672 2114 2738 modum,

521 2775 577 2830 id
601 2785 686 2829 est
715 2788 746 2826 a
772 2778 922 2842 parte
953 2778 1141 2834 totum,
1173 2768 1225 2822 in
1253 2776 1554 2821 sanctarum
1595 2765 1986 2833 Scripturarum
2008 2764 2116 2819 sol-

523 2865 711 2921 vendis
771 2859 1156 2933 quaestionibus
1208 2857 1494 2927 plurimum
1542 2855 1721 2910 valere
1768 2855 2068 2910 nescientes
2096 2894 2113 2920 ,

521 2967 737 3012 noctem
762 2954 1049 3009 voluerunt
1072 2962 1426 3005 annumerare
1455 2957 1564 3002 tres
1590 2947 1707 3002 illas
1737 2946 1896 3001 horas
1915 2961 1945 3000 a
1966 2955 2115 3002 sexta

521 3061 692 3118 usque
732 3045 800 3100 ad
830 3058 1024 3099 nonam
1055 3042 1245 3111 quibus
1273 3039 1356 3094 sol
1396 3038 1710 3093 obscuratus
1742 3046 1843 3103 est,
1890 3046 1945 3092 et
1971 3037 2114 3092 diem

521 3149 631 3194 tres
660 3139 820 3192 horas
853 3136 985 3190 alias
1021 3133 1213 3204 quibus
1240 3131 1434 3186 iterum
1476 3129 1630 3184 terris
1660 3139 1742 3183 est
1769 3129 2028 3194 redditus,
2060 3128 2114 3182 id

519 3241 605 3289 est
627 3248 659 3286 a
679 3246 818 3286 nona
841 3243 1010 3298 usque
1030 3227 1096 3282 ad
1117 3226 1234 3297 ejus
1257 3223 1544 3280 occasum?
1571 3223 1818 3292 Sequitur
1837 3223 1977 3278 enim
2006 3236 2113 3277 nox

519 3325 682 3380 futuri
710 3322 934 3387 sabbati,
959 3335 1065 3391 qua
1087 3335 1211 3374 cum
1241 3331 1339 3372 suo
1358 3316 1444 3372 die
1468 3324 1790 3385 computata,
1820 3323 1977 3370 erunt
1999 3314 2112 3385 jam

517 3415 638 3470 duae
681 3423 868 3470 noctes
904 3421 959 3466 et
983 3411 1088 3466 duo
1116 3409 1263 3475 dies;
1296 3421 1456 3478 porro
1482 3415 1658 3460 autem
1689 3414 1811 3475 post
1834 3405 2110 3460 sabbatum

517 3507 762 3578 sequitur
786 3520 891 3559 nox
920 3503 1106 3572 primae
1131 3499 1338 3556 sabbati
1364 3498 1407 3566 ⁸,
1436 3498 1489 3554 id
1518 3508 1600 3553 est
1624 3497 1983 3553 illucescentis
2005 3497 2112 3554 diei

518 3599 794 3665 dominici,
819 3597 871 3650 in
894 3610 997 3665 qua
1025 3603 1151 3649 tunc
1173 3591 1428 3647 Dominus
1451 3591 1747 3647 resurrexit
1770 3609 1784 3646 :
1806 3598 1963 3646 erunt
1983 3604 2111 3661 ergo

517 3694 639 3749 duae
661 3699 844 3747 noctes
873 3697 928 3744 et
951 3689 1055 3744 duo
1083 3687 1218 3755 dies,
1246 3695 1300 3742 et
1324 3699 1428 3740 una
1453 3700 1579 3753 nox,
1611 3684 1820 3741 etiamsi
1852 3693 1961 3740 tota
1987 3701 2113 3755 pos-

516 3793 601 3842 set
634 3783 880 3854 intelligi,
913 3797 1012 3837 nec
1053 3779 1456 3836 ostenderemus
1481 3779 1624 3850 quod
1649 3778 1778 3834 illud
1816 3778 2110 3835 diluculum

513 3890 643 3948 pars
680 3875 796 3945 ejus
824 3882 1062 3929 extrema
1106 3872 1212 3938 sit;
1243 3879 1564 3942 quapropter
1607 3887 1706 3928 nec
1745 3873 2110 3928 annumeratis

515 3970 630 4025 illis
661 3983 758 4024 sex
788 3969 955 4033 horis,
999 3980 1224 4036 quarum
1258 3965 1424 4019 tribus
1449 3965 1528 4020 soi
1557 3966 1966 4022 contonebratus
1990 3975 2106 4036 est,

517 4067 575 4117 et
599 4060 767 4115 tribus
787 4059 973 4123 eluxit,
1001 4057 1266 4112 constabit
1294 4057 1430 4110 ratio
1452 4057 1611 4111 trium
1637 4057 1844 4112 dierum
1872 4067 1928 4114 et
1951 4060 2108 4114 trium

515 4154 772 4208 noctium.
806 4151 994 4204 Restat
1020 4163 1148 4219 ergo
1185 4155 1245 4202 ut
1270 4146 1361 4202 illo
1390 4147 1777 4216 Scripturarum
1824 4149 2107 4203 usitatissi-

514 4261 606 4304 mo
634 4243 886 4315 loquendi
915 4241 1096 4308 modo,
1143 4255 1251 4311 quo
1277 4255 1309 4294 a
1352 4248 1504 4310 parte
1530 4249 1696 4295 totum
1741 4241 2057 4312 intelligitur
2087 4284 2104 4310 ,

514 4339 848 4396 inveniamus
867 4346 1164 4393 extremum
1188 4334 1330 4390 diem
1358 4333 1380 4365 ⁸
1409 4343 1617 4404 tempus
1647 4349 1977 4404 parasceves,
2001 4351 2108 4407 quo

512 4421 802 4492 crucifixus
817 4439 872 4488 et
891 4430 1130 4502 sepultus
1153 4437 1237 4484 est
1262 4426 1536 4491 Dominus,
1565 4437 1619 4483 et
1639 4444 1704 4484 ex
1727 4430 1838 4498 ipsa
1868 4437 2105 4485 extrema

513 4533 666 4597 parte
709 4535 876 4580 totum
920 4522 1060 4577 diem
1092 4536 1211 4576 cum
1251 4535 1344 4574 sua
1375 4529 1548 4585 nocte,
1581 4521 1670 4589 qui
1706 4521 1814 4589 jam
1861 4531 2106 4590 peractus

513 4617 720 4682 fuerat,
766 4615 1089 4684 accipiamus
1123 4632 1136 4666 :
1169 4613 1403 4668 medium
1451 4627 1610 4680 vero,
1659 4612 1709 4666 id
1761 4623 1844 4668 est
1901 4613 2106 4670 sabbati

514 4710 678 4774 diem,
711 4724 816 4764 non
848 4725 876 4762 a
906 4717 1074 4777 parte,
1110 4705 1205 4762 sed
1235 4708 1437 4777 integre
1484 4716 1647 4761 totum
1678 4725 1691 4762 :
1726 4708 1937 4762 tertium
1982 4725 2103 4763 rur-

515 4818 610 4860 sus
637 4819 667 4858 a
695 4811 844 4873 parte
869 4815 964 4855 sua
989 4802 1178 4870 prima,
1227 4797 1279 4853 id
1309 4808 1390 4854 est
1417 4815 1447 4854 a
1468 4809 1622 4855 nocte
1651 4808 1819 4855 totum
1847 4815 1968 4854 cum
2008 4815 2106 4856 suo

512 4894 707 4949 diurno
735 4901 973 4962 tempore
999 4908 1011 4955 ;
1046 4907 1107 4945 ac
1132 4891 1207 4945 sic
1233 4891 1335 4945 erit
1363 4891 1592 4944 triduum
1622 4909 1634 4945 :
1657 4891 2104 4961 quemadmodum

511 4987 588 5043 illi
618 4994 740 5041 octo
784 4984 897 5039 dies
923 4994 1042 5053 post
1084 4997 1218 5054 quos
1248 4982 1488 5038 ascendit
1512 4985 1562 5036 in
1595 4994 1852 5052 montem,
1879 5001 2103 5056 quorum

509 5081 718 5136 medios
761 5079 997 5148 integros
1026 5076 1360 5132 attendentes
1395 5076 1672 5132 Matthmus
1701 5087 1752 5132 ει
1780 5077 1986 5134 Marcus
2023 5079 2105 5134 di-

511 5180 724 5239 xerunt,
760 5170 885 5226 Post
931 5187 1020 5226 sea:
1062 5171 1210 5235 dies;
1252 5170 1392 5239 quod
1419 5168 1589 5224 Lucas
1633 5170 1784 5239 dixit,
1838 5170 1964 5226 Post
1993 5182 2104 5227 octo

510 5265 618 5320 dies
641 5264 739 5337 (a).
1591 5254 1599 5263 '
2034 5334 2038 5338 ἱ

583 5358 674 5414 67.
721 5356 871 5413 Nunc
908 5357 1017 5426 jam
1064 5365 1256 5411 ctetera
1304 5355 1604 5425 videamus,
1655 5358 2102 5428 quemadmodum

574 5515 592 5547 ³
618 5515 702 5576 Hic
723 5516 772 5564 in
788 5514 932 5576 editis
947 5513 1382 5576 interponebatur:
1407 5514 1531 5566 Hinc

509 5575 643 5630 verbi
659 5575 847 5628 Domini
876 5591 892 5627 :
916 5577 1044 5641 quod
1068 5575 1209 5626 abest
1229 5588 1258 5625 a
1282 5584 1384 5629 Mss.

574 5641 594 5671 ²
619 5646 936 5704 Ειηειιλονέ,
983 5644 1312 5704 computentur
1353 5651 1372 5691 :

510 5699 651 5754 titan
670 5701 819 5753 diem.
865 5709 922 5750 ili.

575 5765 597 5838 ξ
619 5764 755 5838 mliti,
781 5762 927 5838 primi
941 5762 1124 5838 sabbati
1145 5775 1164 5814 :
1189 5770 1242 5834 et
1261 5764 1553 5838 paulopost,
1582 5767 1680 5821 diei

572 5825 747 5875 ‘Unus
768 5825 798 5876 ε
824 5828 965 5876 Vatic.
994 5825 1347 5890 Mss.,primum
1369 5825 1513 5879 diem.

571 5911 648 5976 (α)
683 5918 850 5975 Supra,
875 5910 958 5961 lib.
983 5911 1032 5973 2,
1053 5923 1159 5974 cap.
1181 5911 1262 5974 56,
1287 5925 1336 5964 ιι.
1364 5913 1476 5966 113-

1551 5529 1727 5582 magna
1740 5517 1965 5570 redditur
1980 5521 2106 5574 ratio

1418 5646 1471 5691 et
1511 5640 1748 5706 inferius,
1787 5642 1883 5696 nisi
1918 5646 1984 5698 ad
2006 5661 2104 5702 me-

1310 440 1397 501 DE
1433 444 1786 504 CONSENSU
1833 437 2480 513 EVANGELISTARUM,
2518 440 2577 500 S.
2615 440 2986 502 AUGUSTINI

3692 447 3832 505 1200

2247 556 2493 612 Matthaeo
2517 567 2829 628 congruant.
2858 557 3028 616 Lucas
3053 557 3198 616 enim
3223 559 3558 632 apertissime
3574 560 3710 618 duos
3735 572 3833 619 an-

2241 650 2389 722 gelos
2409 650 2536 707 dicit
2561 651 2704 707 visos
2731 651 2893 709 fuisse
2917 668 2949 708 a
2975 653 3307 723 mulieribus,
3331 669 3453 726 quae
3475 664 3741 713 venerunt
3759 656 3831 713 ad

2242 751 2669 810 monumentum,
2699 759 2923 815 quorum
2949 745 3185 816 singulos
3212 746 3649 804 intellexeramus
3677 763 3826 805 com-

2241 846 2568 891 memoratos
2595 851 2625 891 a
2651 837 2891 905 duobus;
2921 853 3085 893 unum
3108 853 3138 892 a
3174 838 3441 908 Matthaeo,
3468 840 3520 896 id
3545 849 3648 907 est,
3677 841 3830 897 illum

2239 926 2328 997 qui
2352 935 2501 982 extra
2535 939 2936 984 monumentum
2977 930 3198 986 sedebat
3220 932 3274 986 in
3303 932 3511 1003 lapide;
3542 933 3769 990 alterum
3800 951 3832 989 a

2237 1015 2437 1085 Marco,
2469 1018 2519 1074 id
2545 1028 2629 1074 est
2652 1020 2796 1074 illum
2823 1020 2912 1092 qui
2938 1021 3075 1076 intra
3115 1031 3518 1079 monumentum
3547 1024 3768 1080 sedebat
3797 1038 3829 1079 a

2237 1106 2460 1164 dextris.
2489 1108 2594 1165 Sed
2615 1110 2786 1173 Lucas
2812 1111 2885 1166 ita
2916 1121 3099 1168 narrat
3125 1130 3138 1167 :
3165 1112 3235 1167 Et
3254 1114 3359 1168 dies
3382 1124 3487 1169 erat
3513 1131 3826 1186 parasceves,

2236 1211 2285 1257 et
2301 1204 2562 1259 sabbatum
2580 1207 2914 1263 illucescebat.
2940 1207 3236 1264 Subsecuta:
3251 1220 3418 1264 autent
3433 1209 3688 1273 mulieres,
3712 1225 3828 1278 quae

2234 1311 2351 1350 cum
2378 1298 2487 1369 ipso
2525 1310 2758 1354 venerant
2787 1301 2848 1354 de
2875 1300 3120 1368 Galilaza,
3152 1302 3383 1357 viderunt
3410 1312 3820 1372 monumentum,

2233 1395 2284 1442 et
2310 1389 2729 1459 quemadmodum
2766 1393 2984 1462 positum
3025 1403 3132 1447 erat
3174 1409 3358 1464 corpus
3385 1395 3529 1464 ejus;
3567 1404 3616 1448 et
3652 1410 3821 1448 rever-

2235 1484 2391 1532 tentes
2417 1490 2720 1550 paraverunt
2753 1491 2981 1535 aromata
3007 1492 3054 1537 et
3093 1493 3347 1554 unguenta
3369 1499 3388 1538 :
3411 1492 3456 1539 et
3481 1483 3685 1539 sabbato
3706 1484 3826 1554 qui-

2235 1568 2350 1623 dem
2376 1570 2620 1625 siluerunt
2639 1571 2914 1626 seCundum
2933 1573 3227 1628 mandatum
3252 1589 3272 1628 :
3301 1573 3418 1630 Una
3443 1585 3611 1629 autem
3632 1575 3828 1632 sabbati

2233 1660 2381 1714 valde
2405 1661 2630 1718 diluculo
2652 1674 2890 1718 venerunt
2909 1665 2977 1718 ad
2998 1675 3397 1733 monumentum,
3428 1676 3682 1738 portantes
3711 1685 3825 1738 qua

2233 1763 2534 1822 paraverant
2559 1765 2823 1823 aromata;
2852 1767 2898 1811 et
2923 1759 3212 1813 invenerunt
3237 1759 3459 1831 lapidem
3484 1762 3766 1816 revolutum
3790 1779 3826 1816 ιι

2233 1856 2555 1900 monumento
2571 1863 2593 1912 ;
2621 1857 2666 1901 et
2695 1848 2934 1920 ingressa:
2959 1867 3061 1905 non
3083 1852 3375 1906 invenerunt
3399 1870 3583 1925 corpus
3615 1853 3825 1911 Domini

2229 1931 2269 1987 Ι
2270 1951 2358 1989 esu
2379 1952 2401 1990 :
2427 1945 2473 1990 et
2511 1937 2701 2007 factum
2727 1949 2802 1994 est
2843 1940 2966 1994 dum
3003 1953 3166 1997 mente
3202 1952 3532 1999 consternata
3556 1955 3718 2000 essent
3755 1946 3822 2001 de

2230 2025 2348 2092 isto,
2379 2037 2426 2081 et
2451 2044 2566 2083 ecce
2591 2029 2692 2084 duo
2720 2031 2814 2084 viri
2844 2033 2860 2062 ’
2888 2040 3129 2087 steterunt
3154 2047 3296 2088 secus
3329 2034 3447 2088 illas
3473 2035 3528 2089 in
3554 2044 3686 2091 veste
3709 2037 3821 2108 [ul-

2229 2119 2383 2187 genti.
2412 2117 2538 2174 Cum
2574 2121 2802 2176 timerent
2823 2132 2991 2176 autem
3019 2132 3065 2178 et
3089 2125 3396 2180 declinarent
3421 2126 3613 2180 vultum
3636 2127 3691 2181 in
3716 2137 3823 2182 ter-

2227 2227 2341 2265 ram
2359 2254 2375 2280 ,
2417 2213 2652 2268 dixerunt
2687 2216 2755 2270 ad
2796 2217 2914 2272 illas
2936 2233 2956 2270 :
2998 2217 3134 2282 Quid
3173 2219 3394 2290 quaeritis
3433 2219 3675 2275 viventem
3703 2237 3822 2276 cum

2227 2304 2474 2358 mortuis?
2497 2321 2599 2359 non
2625 2315 2697 2360 est
2723 2307 2823 2374 hic,
2855 2309 2944 2363 sed
2965 2309 3222 2365 surrexit:
3250 2311 3583 2367 recordamini
3605 2314 3824 2382 qualiter

2229 2394 2426 2451 locutus
2458 2407 2531 2452 est
2557 2398 2693 2453 vobis
2708 2439 2724 2466 ,
2758 2417 2871 2454 cum
2895 2401 3062 2455 adhuc
3086 2404 3140 2456 in
3170 2401 3384 2459 Galiltea
3418 2413 3574 2472 esset,
3602 2406 3774 2460 dicens
3799 2421 3823 2461 :

2230 2487 2363 2553 Quia
2390 2501 2583 2562 oportet
2613 2491 2806 2546 Filium
2840 2495 3056 2550 hominis
3099 2496 3234 2550 tradi
3258 2497 3313 2552 in
3348 2514 3527 2553 manus
3552 2499 3818 2554 hominum

2226 2590 2546 2650 peccatorum
2563 2625 2578 2650 ,
2611 2593 2656 2637 et
2683 2586 2910 2656 cruciﬁgi
2929 2628 2944 2654 ,
2985 2596 3032 2642 et
3059 2587 3142 2641 die
3169 2590 3315 2642 tertia
3337 2606 3615 2662 resurgere.
3645 2590 3715 2645 Et
3737 2609 3822 2645 re-

2225 2673 2448 2729 cordata
2473 2687 2589 2730 sunt
2623 2679 2884 2733 verborum
2912 2681 3022 2750 ejus
3041 2723 3057 2749 ,
3100 2689 3148 2736 et
3171 2697 3408 2754 regressa
3433 2699 3466 2738 a
3491 2693 3818 2738 monumento

2224 2766 2577 2821 nuntiaverunt
2603 2768 2711 2823 haec
2749 2771 2919 2824 omnia
2942 2772 3044 2826 illis
3068 2773 3328 2841 undecim,
3361 2783 3409 2828 et
3430 2776 3622 2830 caeteris
3649 2776 3816 2830 omni-

2224 2855 2316 2910 bus
2341 2857 2488 2928 (Luc.
2519 2876 2674 2928 xxnt,
2707 2863 2812 2929 54;
2837 2878 2985 2930 xxiv,
3024 2863 3137 2936 12).
3166 2866 3443 2933 Quomodo
3468 2883 3596 2940 ergo
3618 2870 3817 2941 singuli

2223 2951 2322 3005 visi
2351 2960 2475 3006 sunt
2501 2953 2785 3023 sedentes,
2824 2972 2963 3013 unus
3002 2961 3295 3015 secundum
3337 2961 3644 3018 Matthmum
3683 2964 3816 3021 foris

2221 3056 2386 3112 super
2427 3043 2687 3114 lapidem;
2732 3053 2790 3102 et
2827 3047 2962 3103 alter
3003 3051 3295 3106 secundum
3331 3051 3566 3109 Marcum
3610 3055 3752 3111 intus
3779 3071 3818 3112 a

2221 3132 2454 3200 dextris;
2501 3151 2623 3191 cum
2655 3139 2945 3195 secundum
2990 3141 3186 3197 Lucam
3234 3144 3341 3199 duo
3369 3147 3615 3202 steterint
3654 3163 3816 3206 secus

2220 3223 2360 3290 illas,
2383 3229 2624 3296 quamvis
2649 3229 2840 3285 similia
2867 3230 3135 3288 dixerint?
3162 3234 3452 3292 Possumus
3477 3239 3691 3309 quidem
3710 3241 3815 3296 ad-

2219 3316 2326 3374 huc
2352 3319 2646 3391 intelligere
2671 3337 2836 3377 unum
2861 3325 3106 3396 angelum
3133 3326 3304 3383 visum
3325 3343 3356 3383 a
3380 3330 3690 3387 mulieribus
3706 3374 3722 3400 ,
3751 3341 3814 3389 et

2219 3411 2510 3466 secundum
2536 3413 2860 3482 Matthaeum,
2890 3425 2945 3471 et
2963 3419 3256 3475 secundum
3276 3419 3531 3490 Marcum,
3560 3423 3698 3479 sicut
3718 3438 3815 3480 su-

2222 3517 2312 3570 pra
2342 3501 2610 3559 diximus:
2643 3513 2702 3559 ut
2739 3521 2831 3562 eas
2873 3507 3139 3579 ingressas
3186 3511 3239 3565 in
3282 3520 3683 3569 monumentum
3727 3516 3814 3573 sic

2217 3595 2563 3665 accipiamus,
2596 3597 2648 3652 in
2673 3598 2890 3668 aliquod
2919 3601 3122 3656 scilicet
3141 3602 3370 3672 spatium
3395 3604 3536 3674 quod
3560 3616 3676 3662 erat
3703 3606 3810 3660 ali-

2217 3702 2319 3757 qua
2345 3691 2577 3744 maceria
2597 3692 3004 3758 communitum,
3027 3701 3086 3748 ut
3106 3693 3291 3750 intrari
3314 3707 3495 3766 posset
3511 3707 3633 3753 ante
3653 3697 3814 3755 illum

2216 3793 2434 3835 saxeum
2463 3783 2691 3852 sepulcri
2717 3783 2914 3850 locum,
2945 3794 3104 3857 atque
3132 3787 3204 3842 ibi
3229 3788 3425 3845 vidisse
3443 3792 3688 3861 angelum
3713 3806 3810 3847 se-

2215 3872 2430 3929 dentem
2453 3888 2612 3944 supra
2638 3876 2865 3947 lapidem
2890 3881 3188 3936 revolutum
3215 3896 3245 3936 a
3274 3892 3638 3950 monumento,
3665 3885 3815 3942 sicut

2215 3963 2346 4019 dicit
2374 3964 2668 4034 Matthaeus,
2715 3979 2774 4024 ut
2802 3969 2904 4026 hoc
2929 3973 2998 4027 sit
3022 3972 3296 4030 sedentem
3339 3991 3370 4031 a
3396 3976 3628 4044 dextris,
3660 3978 3812 4049 quod

2215 4055 2343 4111 dicit
2382 4056 2624 4125 Marcus;
2657 4059 2850 4116 deinde
2886 4063 3028 4118 intus
3066 4064 3134 4119 al)
3171 4066 3280 4134 eis,
3326 4067 3452 4122 dum
3481 4068 3812 4139 inspicerent

2213 4147 2388 4202 locum
2439 4150 2492 4203 in
2537 4164 2643 4220 quo
2682 4151 2894 4221 jacebat
2943 4168 3138 4226 corpus
3186 4156 3427 4225 Domini,
3476 4159 3622 4216 visos
3666 4160 3811 4217 alios

2212 4239 2348 4294 duos
2371 4241 2590 4311 angelos
2627 4251 2864 4309 stantes,
2904 4245 3040 4301 sicut
3080 4246 3209 4303 dicit
3245 4247 3452 4319 Lucas,
3497 4252 3687 4307 similia
3716 4253 3807 4309 lo-

2213 4341 2366 4388 cutos
2387 4335 2453 4389 ad
2475 4351 2657 4392 earum
2686 4337 3077 4396 exhortandum
3096 4342 3333 4398 animum
3353 4351 3409 4401 et
3431 4344 3809 4405 aediﬁcandam

2213 4423 2395 4479 iidem.

2283 4517 2373 4574 68.
2404 4518 2505 4574 Sed
2535 4519 2808 4577 videamus
2834 4530 2892 4578 et
2913 4523 3001 4579 illa
3027 4539 3146 4596 quae
3173 4526 3407 4586 Joannes
3435 4529 3585 4599 dicit,
3619 4539 3806 4590 utrum

2212 4609 2295 4664 vel
2339 4613 2785 4682 quemadmodum
2835 4613 2920 4670 liis
2959 4628 3271 4688 congruant.
3315 4620 3406 4676 Sic
3448 4637 3576 4693 ergo
3618 4633 3806 4680 narrat

2210 4701 2444 4759 Joannes
2470 4724 2484 4760 :
2521 4724 2539 4757 ι
2569 4705 2684 4761 Una
2712 4716 2890 4764 autem
2921 4709 3124 4766 sabbati
3146 4711 3308 4767 Maria
3327 4713 3634 4785 Magdalene
3653 4717 3807 4772 venit

2212 4811 2397 4861 mane,
2426 4812 2545 4852 cum
2574 4800 2747 4855 adhuc
2774 4802 3008 4858 tenebrae
3036 4813 3248 4870 essent,
3279 4805 3345 4860 ad
3370 4819 3798 4880 monumentum,

2211 4895 2266 4944 et
2282 4889 2410 4943 vidit
2427 4889 2655 4959 lapidem
2673 4892 2937 4948 sublatum
2954 4910 2984 4949 a
3002 4898 3628 4956 monumento.Cucurrit
3645 4918 3800 4973 ergo,

2211 4989 2266 5036 et
2290 4981 2433 5036 venit
2462 4983 2527 5036 ad
2553 4983 2822 5040 Simonem
2855 4986 3090 5055 Petrum,
3120 4999 3175 5044 et
3195 4990 3261 5045 ad
3299 4992 3460 5048 alium
3481 4994 3804 5064 discipulum

2209 5087 2366 5143 quem
2405 5074 2617 5129 amabat
2641 5074 2814 5143 Jesus,
2857 5088 2909 5132 et
2935 5079 3060 5134 dicit
3086 5080 3203 5135 eis:
3229 5080 3488 5138 Tulernnt
3513 5085 3802 5144 Dominum

2210 5163 2276 5218 de
2295 5177 2664 5235 monumento,
2690 5178 2742 5222 et
2759 5171 3027 5225 nescimus
3053 5171 3141 5226 ubi
3163 5183 3454 5242 posuerunt
3477 5191 3622 5231 eum.
3655 5177 3805 5235 Exiit

2209 5269 2337 5326 ergo
2361 5256 2552 5313 Petrus
2594 5267 2651 5314 et
2688 5258 2779 5316 ille
2809 5261 2942 5316 alius
2971 5261 3297 5334 discipulus,
3344 5275 3399 5322 et
3435 5278 3696 5324 venerunt
3729 5270 3804 5326 ad

2208 5359 2628 5406 monumentum.
2649 5353 2944 5410 Currcbant
2963 5365 3138 5411 autem
3160 5356 3266 5412 duo
3285 5359 3460 5426 simul,
3480 5369 3533 5415 et
3556 5363 3641 5417 ille
3662 5365 3804 5420 alius

2208 5443 2499 5516 discipulus
2538 5451 2883 5515 przecucurrit
2925 5450 3080 5506 citius
3109 5451 3298 5519 Petro,
3329 5463 3383 5508 et
3406 5454 3552 5510 venit
3593 5458 3801 5525 primus

2208 5537 2274 5592 ad
2298 5547 2739 5593 monumentum:
2778 5550 2832 5595 et
2859 5556 2979 5597 cum
3007 5559 3065 5598 se
3090 5544 3428 5613 inclinasset,
3460 5546 3593 5602 vidit
3628 5549 3800 5617 posita

2209 5631 2550 5699 linteamina,
2591 5648 2701 5688 non
2746 5644 2924 5690 tamen
2976 5636 3199 5693 introiit.
3243 5636 3399 5691 Venit
3443 5652 3571 5709 ergo
3611 5640 3803 5699 Simon

2208 5722 2396 5781 Petrus
2421 5740 2648 5796 sequens
2688 5742 2807 5782 eum
2827 5770 2841 5798 ,
2875 5737 2928 5784 et
2965 5730 3166 5787 introiit
3193 5733 3243 5787 in
3273 5741 3713 5803 monumentum;
3743 5740 3806 5792 et

2274 5923 2290 5956 ί
2318 5923 2392 5974 sic
2413 5923 2548 5975 ΕΔΜ.
2594 5932 2650 5977 At
2672 5935 2796 5992 Mss,
2821 5934 2866 5981 et
2886 5942 3032 5995 ecce;
3059 5932 3197 5996 juxta
3218 5945 3449 5998 mentm.
