4076 6464
1910 326 2007 340 ’κέη-

1705 416 1911 475 LIBER
1951 413 2270 478 TERTIUS.

346 434 483 493 i201

343 549 476 607 vidit
501 545 805 611 linteamina
826 542 1018 615 posita,
1042 550 1095 598 et
1114 540 1383 597 sudarium
1408 538 1548 610 quod
1574 536 1745 593 fuerat
1768 550 1929 604 super

294 654 297 657 '
343 650 504 713 caput
523 641 658 711 ejus,
682 654 787 693 non
812 653 934 693 cum
961 634 1353 691 linteaminibus
1375 632 1624 703 positum,
1654 629 1746 685 sed
1776 645 1929 698 sepa-

343 736 502 792 ratim
547 732 841 788 involutum
878 731 931 785 in
971 744 1131 783 unum
1162 728 1358 781 locum.
1400 724 1551 779 Tunc
1576 737 1702 793 ergo
1730 721 1931 775 introiit

344 838 399 883 et
425 828 516 883 ille
555 826 845 897 discipulus
865 866 879 891 ,
926 824 1013 894 qui
1044 829 1263 877 venerat
1292 818 1492 889 primus
1521 816 1587 871 ad
1617 829 1932 870 monumen-

346 930 476 985 tum,
506 929 561 976 et
582 919 732 983 vidit,
754 928 807 973 et
830 915 1069 972 credidit.
1099 912 1344 968 Nondum
1364 910 1507 966 enim
1530 908 1769 964 sciebant
1790 905 1934 961 Scri-

345 1023 585 1084 pturam,
635 1011 757 1082 quia
801 1016 1071 1080 oporteret
1118 1022 1238 1061 eum
1287 1022 1317 1059 a
1368 1002 1591 1058 mortuis
1629 1015 1929 1070 resurgere.

344 1106 607 1164 Abierant
636 1120 763 1176 ergo
795 1104 985 1158 iterum
1016 1101 1081 1155 ad
1127 1099 1444 1168 semetipsos
1470 1095 1736 1164 discipuli.
1771 1093 1931 1147 Maria

342 1205 519 1254 autem
549 1196 724 1254 stabat
766 1194 832 1249 ad
879 1200 1278 1247 monumentum
1330 1188 1456 1243 foris
1501 1187 1759 1257 plorans:
1806 1183 1933 1237 dum

342 1304 474 1360 ergo
503 1289 687 1353 fleret,
723 1285 997 1341 inclinavit
1022 1299 1111 1349 se,
1145 1291 1198 1336 et
1241 1279 1509 1351 prospexit
1536 1279 1587 1333 in
1614 1292 1931 1333 monumen-

343 1388 489 1447 tum;
519 1389 573 1437 et
599 1378 727 1434 vidit
748 1378 881 1433 duos
906 1376 1121 1446 angelos
1147 1374 1198 1427 in
1226 1372 1359 1427 albis
1384 1371 1649 1439 sedentes,
1679 1384 1839 1423 unum
1867 1366 1933 1422 ad

343 1482 503 1543 caput
533 1483 588 1527 et
613 1488 779 1527 unum
807 1470 872 1524 ad
916 1470 1110 1540 pedes,
1157 1467 1245 1522 ubi
1278 1466 1505 1537 positum
1536 1463 1706 1519 fuerat
1742 1476 1935 1533 corpus

342 1567 488 1622 Jesu.
524 1566 713 1630 Dicunt
756 1565 806 1621 ei
836 1564 947 1618 illi:
985 1562 1189 1628 Mulier,
1226 1560 1352 1632 quid
1392 1559 1602 1630 ploras?
1646 1559 1781 1613 Dicit
1805 1558 1885 1614 eis
1918 1577 1931 1613 :

341 1657 475 1723 Quia
504 1657 739 1712 tulerunt
780 1655 1059 1709 Dominum
1096 1669 1302 1720 meum,
1335 1661 1390 1708 et
1415 1652 1594 1707 nescio
1620 1651 1707 1705 ubi
1738 1666 1933 1722 posue-

342 1757 468 1804 runt
494 1766 637 1804 eum.
668 1750 792 1805 Haec
812 1764 933 1803 cum
962 1748 1201 1813 dixisset,
1227 1762 1481 1802 conversa
1509 1757 1591 1801 est
1618 1755 1932 1811 retrorsum,

340 1848 399 1895 et
426 1840 558 1894 vidit
582 1840 763 1895 Jesum
793 1849 1038 1903 stantem,
1074 1848 1127 1893 et
1156 1855 1261 1893 non
1285 1837 1486 1894 sciebat
1510 1839 1630 1908 quia
1657 1836 1811 1891 Jesus
1831 1846 1931 1892 est.

342 1930 481 1985 Dicit
510 1932 557 1987 ei
586 1930 742 1986 Jesus
772 1950 784 1984 :
818 1931 1023 1997 Mulier,
1068 1930 1193 2000 quid
1245 1930 1458 1999 ploras?
1502 1945 1659 2001 quem
1702 1928 1934 1999 quaeris?

343 2025 437 2081 llla
467 2027 777 2083 existimans
803 2026 923 2097 quia
948 2024 1260 2079 hortulanus
1287 2032 1389 2091 est,
1418 2024 1546 2078 dicit
1568 2024 1616 2079 ei
1642 2041 1654 2076 :
1686 2023 1931 2087 Domine,

341 2120 388 2173 si
421 2127 474 2173 tu
503 2119 755 2173 sustulisti
788 2134 931 2185 eum,
965 2117 1125 2171 dicito
1156 2116 1285 2171 mihi
1323 2116 1407 2169 ubi
1437 2115 1657 2184 posuisti
1693 2131 1814 2169 eum
1838 2155 1850 2178 ,
1881 2123 1934 2168 et

341 2224 443 2280 ego
467 2226 585 2265 eum
618 2211 815 2263 tollam.
853 2210 989 2263 Dicit
1014 2209 1063 2266 ei
1102 2208 1259 2263 Jesus
1287 2224 1301 2261 :
1334 2206 1513 2261 Maria.
1542 2206 1815 2261 Conversa
1846 2205 1933 2259 illa

344 2301 473 2356 dicit
495 2303 541 2356 ei
569 2320 581 2354 :
614 2302 885 2367 Itabboni,
918 2300 1061 2371 quod
1087 2300 1281 2355 dicitur
1308 2299 1573 2370 Magister.
1605 2298 1741 2353 Dicit
1766 2298 1812 2353 ei
1841 2296 1932 2353 Je-

343 2410 434 2450 sus
460 2414 470 2449 :
501 2394 620 2449 Noli
656 2412 739 2449 me
774 2406 1019 2465 tangere,
1049 2393 1284 2449 nondum
1318 2393 1460 2447 enim
1491 2391 1704 2471 ascendi
1734 2391 1800 2445 ad
1829 2390 1933 2445 Pa-

342 2494 480 2542 trem
507 2503 684 2542 meum
709 2508 723 2539 :
755 2487 889 2543 vade
916 2497 1092 2541 autem
1120 2485 1186 2540 ad
1218 2485 1406 2540 fratres
1433 2500 1601 2551 meos,
1630 2492 1685 2539 et
1712 2484 1797 2539 dic
1822 2484 1931 2550 eis,

344 2579 591 2634 Ascendo
636 2579 700 2633 ad
750 2580 957 2635 Patrem
1008 2594 1187 2633 meum
1229 2588 1284 2633 et
1328 2581 1539 2633 Patrem
1568 2586 1834 2644 vestrum,
1882 2588 1937 2633 et

344 2670 513 2726 Deum
542 2686 717 2725 meum
747 2679 801 2725 et
830 2672 995 2725 Deum
1040 2678 1299 2725 vestrum.
1336 2669 1491 2725 Venit
1520 2670 1682 2725 Maria
1719 2670 1935 2740 Magda-

344 2764 466 2819 lene
507 2764 828 2819 annuntians
868 2764 1179 2833 discipulis,
1233 2762 1364 2829 Quia
1396 2763 1503 2817 vidi
1542 2754 1851 2830 Dominum,
1883 2772 1938 2819 et

344 2854 460 2910 hare
480 2856 611 2910 dixit
633 2855 763 2911 mihi
792 2875 809 2907 ι
840 2854 1015 2927 (Joan.
1041 2871 1136 2918 xx,
1161 2852 1333 2928 1-18).
1362 2854 1419 2910 In
1443 2855 1543 2909 hac
1563 2855 1782 2910 Joannis
1810 2872 1934 2910 nar-

344 2947 549 3001 ratione
574 2945 688 3001 dies
718 2948 799 2999 vel
826 2955 1034 3015 tempus
1055 2962 1158 3016 quo
1180 2959 1392 3000 ventum
1420 2947 1588 3001 estad
1618 2963 1937 3003 monumen-

346 3045 479 3102 tum,
510 3052 627 3092 cum
651 3038 857 3093 caneris
882 3037 1168 3101 convenit;
1203 3037 1334 3093 illud
1364 3039 1522 3093 etiam
1548 3038 1689 3108 quod
1715 3040 1821 3095 duo
1850 3056 1941 3094 an.

345 3129 449 3200 geli
476 3130 574 3183 visi
606 3140 747 3195 sunt,
797 3131 1084 3187 concordat
1121 3146 1241 3186 cum
1289 3132 1472 3187 Luca:
1524 3133 1615 3187 sed
1659 3134 1807 3202 quod
1848 3134 1937 3188 ille

343 3228 550 3277 stantes
574 3223 701 3277 dicit
742 3224 957 3293 angelos
992 3224 1165 3289 visos,
1200 3225 1299 3279 iste
1343 3235 1519 3279 autem
1564 3226 1841 3293 sedentes,
1885 3238 1939 3282 et

342 3321 540 3367 caetera
568 3330 683 3382 quin
710 3314 781 3367 illi
806 3331 912 3369 non
933 3316 1133 3381 dicunt,
1154 3317 1421 3385 quomodo
1447 3318 1531 3372 hic
1553 3322 1755 3387 possint
1786 3320 1941 3374 intel-

342 3403 435 3473 ligi
466 3420 571 3458 non
600 3404 901 3473 discrepare
924 3421 949 3457 a
974 3407 1199 3471 caeteris,
1229 3415 1281 3461 et
1300 3424 1404 3476 quo
1430 3408 1614 3463 ordine
1633 3418 1779 3479 gesta
1807 3410 1934 3475 sint,

343 3501 447 3556 nisi
472 3500 751 3572 diligenter
780 3502 1204 3568 considerentur,
1231 3504 1578 3573 repugnantia
1609 3514 1831 3575 possunt
1857 3505 1937 3562 vi-

344 3593 481 3650 deri.

417 3686 506 3742 69.
539 3686 872 3756 Quapropter
892 3685 1005 3740 haec
1025 3685 1201 3740 omnia
1223 3700 1342 3755 qua:
1362 3686 1498 3741 circa
1524 3695 1732 3758 tempus
1756 3703 1937 3744 resur-

346 3778 597 3837 rectionis
620 3778 827 3833 Domini
857 3778 991 3832 facta
1013 3787 1155 3842 sunt,
1183 3778 1479 3833 secundum
1498 3780 1736 3833 omnium
1761 3781 1931 3835 Evan~

346 3871 652 3941 gelistarum
704 3869 1005 3924 testimonia
1062 3870 1113 3922 iu
1168 3884 1268 3922 una
1317 3869 1544 3939 quadam
1593 3872 1935 3938 narratione,

347 3970 602 4031 quantum
634 3977 733 4017 nos
761 3962 1014 4016 Dominus
1043 3961 1322 4030 adjuverit,
1356 3963 1798 4031 quemadmodum
1825 3965 1940 4035 geri

349 4052 649 4123 potuerint,
700 4054 1027 4107 ordinemus.
1060 4053 1237 4107 Prima
1265 4052 1469 4109 sabbati
1499 4054 1754 4123 diluculo,
1802 4057 1941 4113 sicut

349 4158 537 4199 omnes
556 4147 917 4211 consentiunt,
944 4156 1155 4198 ventum
1178 4154 1261 4200 est
1279 4145 1344 4198 ad
1371 4154 1794 4201 monumentum.
1821 4147 1938 4203 Jam

351 4234 549 4290 factum
588 4244 703 4289 erat
746 4235 887 4306 quod
929 4237 1076 4289 solus
1114 4235 1396 4291 Matthaeus
1442 4248 1828 4293 commemorat
1872 4239 1941 4295 de

352 4335 507 4382 terra:
537 4336 685 4382 motu
723 4337 777 4382 et
802 4327 976 4398 lapide
1004 4328 1246 4383 revoluto
1272 4329 1681 4401 conterritisque
1707 4331 1943 4387 custodi-

349 4419 472 4486 bus,
503 4421 571 4474 ita
595 4428 650 4474 ut
676 4421 727 4474 in
753 4430 904 4490 parte
930 4420 1100 4489 aliqua
1124 4421 1267 4475 velut
1286 4422 1479 4475 mortui
1497 4422 1755 4493 jacereut.
1781 4423 1944 4480 Venit

349 4519 550 4577 autem,
583 4512 719 4565 sicut
744 4511 976 4566 Joannes
997 4512 1143 4578 dicit,
1171 4512 1335 4567 Maria
1356 4512 1680 4582 Magdaleue,
1705 4516 1819 4568 sine
1839 4515 1941 4569 du—

349 4603 443 4659 bio
470 4604 677 4658 caeteris
700 4605 1007 4658 mulieribus
1030 4605 1068 4669 ί,
1102 4620 1219 4673 qua:
1243 4605 1467 4659 Domino
1490 4606 1935 4675 ministraverant,

350 4695 639 4765 plurimum
692 4696 975 4749 dilectione
1024 4695 1338 4762 ferventior,
1398 4704 1455 4750 ut
1510 4712 1617 4752 non
1674 4700 1942 4757 immerito

349 4785 586 4841 Joannes
614 4786 783 4839 solam
827 4796 1303 4855 commemoraret,
1334 4790 1508 4844 tacitis
1546 4792 1623 4845 eis
1663 4807 1781 4861 quae
1820 4808 1941 4848 cum

352 4879 445 4934 illa
476 4878 708 4942 fuerunt,
738 4879 873 4934 sicut
893 4879 983 4934 alii
1008 4888 1282 4935 testantur.
1310 4880 1467 4937 Venit
1486 4899 1631 4954 ergo,
1656 4894 1707 4939 et
1731 4894 1791 4940 ut
1812 4886 1944 4942 vidit

348 4969 581 5039 lapidem
630 4970 899 5024 sublatum
940 4987 969 5025 a
1000 4982 1377 5039 monumento,
1425 4985 1709 5046 antequam
1741 4978 1941 5049 aliquid

348 5062 653 5134 diligentius
682 5064 988 5132 inspiceret,
1013 5081 1119 5119 non
1149 5066 1395 5120 dubitans
1423 5069 1654 5122 ablatura
1679 5070 1801 5125 inde
1821 5087 1941 5128 esse

352 5170 545 5225 corpus
574 5156 700 5211 Jesu
721 5198 733 5219 ,
772 5157 1040 5220 cucurrit,
1076 5156 1211 5211 sicut
1258 5157 1384 5212 dicit
1414 5158 1552 5214 idem
1582 5160 1846 5227 Joannes,
1887 5175 1942 5221 et

351 5249 614 5302 nuntiavit
638 5249 795 5303 Petro
821 5258 976 5318 atque
999 5249 1099 5318 ipsi
1127 5248 1337 5304 Joanni.
1369 5251 1487 5322 lpse
1510 5262 1593 5308 est
1612 5255 1752 5309 enim
1775 5257 1939 5313 disci-

352 5340 507 5412 pulus
534 5357 688 5411 quem
716 5341 925 5395 amabat
944 5340 1117 5395 Jesus.
1144 5342 1211 5395 At
1232 5342 1309 5395 illi
1334 5358 1549 5400 currere
1570 5359 1848 5416 cmperunt
1873 5350 1939 5405 ad

352 5446 786 5501 monumentum,
833 5444 887 5487 et
912 5434 1242 5503 prmveniens
1274 5435 1509 5493 Joannes
1540 5439 1813 5496 inclinavit
1842 5457 1901 5497 se
1921 5486 1936 5511 ,

354 5535 411 5583 et
436 5526 567 5595 vidit
593 5527 760 5596 posita
789 5527 1112 5593 linteamina,
1137 5542 1236 5583 nec
1260 5528 1475 5585 intravit
1504 5549 1515 5584 :
1548 5532 1737 5587 Petrus
1762 5544 1940 5591 autem

354 5627 672 5673 consecutus
699 5616 914 5669 intravit
950 5616 1003 5668 in
1033 5628 1464 5685 monumentum,
1495 5630 1551 5675 et
1575 5621 1707 5676 vidit
1747 5623 1939 5679 lintea-

356 5708 502 5765 mina
530 5708 733 5777 posita,
784 5714 838 5761 et
880 5704 1151 5762 sudarium
1179 5708 1322 5778 quod
1369 5708 1541 5766 fuerat
1581 5727 1741 5781 super
1784 5725 1942 5785 caput

351 5842 598 5958 ‘w‘nﬁditi,
616 5855 725 5894 cum
748 5838 935 5895 caveris
1292 5849 1349 5902 At
1369 5850 1475 5899 Mss.
1500 5853 1668 5901 carent
1689 5851 1940 5919 particula,

3489 434 3633 497 £20!

2041 535 2179 605 ejus,
2216 551 2321 590 non
2350 553 2470 593 cum
2501 539 2894 598 linteaminibus
2923 545 3154 614 positum
3176 588 3191 614 ,
3223 547 3318 603 sed
3344 551 3634 618 separatim

2041 628 2353 684 involutum.
2390 630 2589 687 Deinde
2610 643 2665 687 et
2688 632 2921 691 Joannes
2949 636 3183 705 intravit,
3208 648 3260 693 et
3292 640 3420 693 vidit
3444 641 3634 698 simili-

2039 734 2141 792 ter,
2190 736 2243 781 ct
2280 726 2504 781 credidit
2548 729 2688 797 quod
2729 729 2891 785 Maria
2933 730 3172 799 dixerat,
3218 734 3482 788 sublatum
3514 751 3635 792 esse

2041 818 2323 873 Dominum
2376 819 2441 874 de
2489 816 2853 877 munumento.
2886 843 2905 875 ‹
2934 823 3175 880 Nondum
3203 828 3343 879 enim
3396 826 3636 883 sciebant

2042 909 2392 979 Scripturam,
2424 912 2548 982 quia
2574 915 2853 983 oportebat
2878 932 2999 971 eum
3021 932 3049 971 a
3076 918 3299 972 mortuis
3328 933 3635 988 resurgere.

2042 1002 2303 1057 Abierant
2330 1019 2458 1073 ergo
2503 1005 2693 1059 iterum
2734 1008 2801 1061 ad
2830 1009 3149 1077 semetipsos
3177 1010 3442 1081 discipuli.
3470 1010 3637 1069 Maria

2041 1103 2217 1149 autem
2249 1096 2422 1150 stabat
2449 1096 2513 1149 ad
2536 1110 2938 1154 monumentum
2960 1098 3091 1154 foris
3118 1102 3331 1169 plorans
3356 1144 3371 1169 ,
3410 1121 3425 1153 ι
3461 1102 3511 1156 id
3550 1112 3635 1157 est

2044 1198 2167 1243 ante
2191 1189 2337 1244 illum
2364 1190 2510 1245 saxei
2538 1190 2763 1260 sepulcri
2793 1192 2987 1255 locum,
3012 1192 3107 1248 sed
3131 1202 3311 1248 tamen
3338 1194 3479 1248 intra
3506 1194 3635 1250 illud

2042 1280 2273 1350 spatium
2315 1296 2420 1351 quo
2459 1281 2569 1351 jam
2617 1284 2870 1353 ingressae
2908 1282 3157 1339 fuerant:
3207 1285 3395 1341 hortus
3438 1287 3636 1359 quippe

2043 1371 2153 1426 illic
2180 1380 2322 1435 erat,
2353 1373 2487 1427 sicut
2518 1373 2659 1429 idem
2688 1372 2924 1431 Joannes
2949 1385 3331 1431 commemorat
3368 1375 3478 1450 (Id.
3509 1392 3632 1444 xix,

2041 1466 2153 1537 41).
2188 1466 2336 1521 Tunc
2361 1466 2607 1523 viderunt
2626 1469 2871 1539 angelum
2898 1469 3173 1525 sedentem
3195 1485 3223 1523 a
3246 1470 3449 1525 dextris
3470 1487 3633 1542 super

2043 1558 2274 1630 lapidem
2300 1561 2598 1617 revolutum
2627 1577 2656 1616 a
2680 1573 3046 1631 monumento,
3074 1564 3140 1618 de
3164 1579 3268 1635 quo
3297 1564 3487 1634 angelo
3512 1580 3637 1619 nar-

2043 1662 2161 1707 rant
2185 1652 2462 1708 Matthzeus
2490 1662 2545 1712 et
2559 1653 2783 1711 Marcus.
2822 1674 2839 1707 ι
2868 1655 3016 1711 Tunc
3043 1656 3120 1711 eis
3149 1655 3315 1721 dixit,
3360 1655 3534 1712 Nolite
3564 1657 3633 1712 ti-

2042 1761 2211 1813 mere,
2245 1761 2340 1801 vos
2367 1764 2379 1799 :
2425 1748 2537 1803 scio
2580 1748 2720 1803 enim
2749 1748 2889 1818 quod
2916 1747 3097 1804 Jesum
3128 1749 3215 1818 qui
3244 1748 3526 1805 cruciﬁxus
3551 1759 3637 1805 est

2041 1841 2313 1912 quaeritis;
2350 1857 2454 1896 non
2482 1850 2564 1896 est
2604 1841 2712 1910 hic,
2740 1842 2971 1897 surrexit
2998 1842 3140 1897 enim
3170 1843 3307 1897 sicut
3334 1842 3505 1897 dixit:
3537 1858 3633 1898 ve-

2042 1932 2152 1986 nite
2192 1941 2244 1987 et
2274 1932 2447 1987 videte
2494 1934 2671 1987 locum
2718 1933 2808 1988 ubi
2848 1934 3052 2004 positus
3094 1943 3209 1990 erat
3240 1934 3515 1989 Dominus.
3567 1934 3635 1989 Et

2042 2026 2148 2080 cito
2183 2034 2370 2079 euntes
2410 2025 2570 2080 dicite
2611 2025 2884 2093 discipulis
2924 2025 3076 2093 ejus,
3117 2025 3242 2094 quia
3283 2024 3546 2089 surrexit;
3579 2033 3635 2079 et

2041 2135 2167 2175 ecce
2193 2120 2448 2190 praecedit
2488 2134 2584 2173 vos
2630 2119 2680 2172 in
2720 2117 3034 2183 Galilaeam,
3092 2118 3163 2172 ibi
3205 2133 3325 2173 eum
3350 2117 3632 2183 videbitis;

2040 2226 2166 2267 ecce
2186 2212 2292 2266 dixi
2324 2211 2473 2266 vobis
2509 2228 2527 2263 ι
2566 2228 2577 2263 :
2608 2210 2799 2280 quibus
2834 2209 3022 2265 similia
3052 2209 3257 2264 Marcus
3278 2223 3489 2280 quoque
3527 2223 3633 2263 non

2045 2304 2225 2359 tacuit.
2267 2304 2347 2359 Ad
2380 2304 2493 2357 ha-c
2530 2304 2691 2358 verba
2722 2302 2883 2356 Maria
2909 2301 3033 2357 dum
3058 2300 3210 2356 ﬂeret
3232 2342 3246 2365 ,
3280 2300 3553 2354 inclinavit
3575 2314 3635 2355 se

2041 2406 2095 2451 et
2127 2396 2400 2465 prospexit
2438 2396 2491 2448 in
2520 2402 2943 2457 monumentum,
2974 2400 3027 2447 et
3065 2391 3194 2445 vidit
3220 2388 3353 2445 duos
3377 2390 3595 2460 angelos
3617 2431 3630 2453 ,

2044 2491 2184 2546 sicut
2204 2490 2332 2544 dicit
2351 2489 2604 2553 Joannes,
2634 2489 2683 2541 iu
2710 2486 2845 2541 albis
2866 2485 3148 2550 sedentes;
3177 2500 3338 2538 unum
3359 2483 3425 2537 ad
3452 2491 3631 2552 caput,

2042 2591 2097 2639 et
2128 2597 2288 2637 unum
2314 2580 2380 2635 ad
2411 2580 2573 2649 pedes
2594 2620 2607 2643 ,
2659 2578 2747 2633 ubi
2781 2578 3009 2647 positum
3055 2576 3225 2630 fuerat
3251 2589 3445 2644 corpus
3482 2573 3629 2628 Jesu.

2045 2693 2067 2727 ί
2097 2674 2284 2728 Dicunt
2313 2674 2360 2727 ei
2390 2671 2464 2727 illi
2494 2690 2507 2725 :
2540 2670 2747 2734 Mulier,
2778 2668 2903 2739 quid
2930 2667 3147 2739 ploras?
3188 2666 3325 2720 Dicit
3353 2665 3431 2721 eis
3456 2683 3468 2717 :
3500 2664 3631 2731 Quia

2043 2766 2279 2821 tulerunt
2304 2765 2586 2818 Dominum
2639 2776 2853 2826 meum,
2899 2769 2953 2815 et
2995 2759 3177 2815 nescio
3219 2756 3307 2813 ubi
3340 2766 3635 2827 posuerunt

2043 2874 2188 2914 eum.
2224 2859 2319 2913 llic
2345 2856 2673 2926 intelligendi
2701 2863 2823 2909 sunt
2847 2852 3143 2908 surrexisse
3161 2851 3357 2922 angeli,
3388 2859 3443 2905 ut
3471 2850 3631 2904 etiam

2043 2959 2245 3005 stantes
2272 2948 2597 3013 viderentur,
2626 2947 2881 3001 sicut‘eos
2914 2944 3084 2999 Lucas
3113 2945 3256 2997 visos
3288 2940 3451 2999 fuisse
3485 2956 3635 2996 com-

2046 3050 2328 3106 memorat,
2352 3049 2407 3093 et
2425 3039 2623 3094 dixisse
2642 3037 2936 3093 secundum
2958 3036 3202 3091 eumdem
3223 3034 3419 3089 Lucam
3442 3033 3635 3088 timen-

2048 3136 2188 3191 tibus
2230 3134 2539 3189 mulieribus
2580 3142 2633 3187 et
2664 3133 2868 3187 vultum
2897 3131 2951 3185 in
2981 3140 3176 3185 terram
3214 3126 3634 3194 declinantibus,

2054 3248 2071 3280 ι
2100 3228 2233 3295 Quid
2257 3227 2493 3299 qumritis
2513 3227 2778 3283 viventem
2803 3241 2927 3281 cum
2966 3224 3226 3280 mortuis?
3263 3237 3369 3277 non
3401 3230 3481 3276 est
3511 3220 3597 3275 hic
3616 3260 3633 3287 ,

2048 3319 2143 3375 sed
2172 3318 2435 3375 surrexit:
2468 3317 2820 3372 recordamini
2849 3316 3075 3385 qualiter
3113 3315 3317 3369 locutus
3347 3321 3427 3367 est
3451 3311 3634 3379 vobis,

2048 3424 2169 3465 cum
2195 3409 2368 3464 adhuc
2397 3410 2449 3462 in
2481 3408 2698 3464 Galilaca
2728 3416 2888 3473 esset,
2917 3406 3119 3468 dicens,
3148 3406 3280 3473 Quia
3310 3411 3520 3473 oportet
3545 3402 3638 3459 Fi-

2048 3501 2176 3557 lium
2208 3502 2435 3556 hominis
2464 3502 2596 3555 tradi
2627 3502 2681 3555 in
2726 3517 2913 3555 manus
2944 3499 3215 3553 hominum
3262 3505 3633 3567 peccatorum,

2049 3602 2105 3648 et
2125 3594 2381 3663 crucifigi,
2412 3601 2467 3649 et
2492 3593 2579 3647 die
2605 3593 2754 3647 tertia
2786 3606 3083 3661 resurgere.
3114 3589 3182 3643 Et
3202 3588 3493 3645 recordata:
3513 3594 3641 3643 sunt

2048 3685 2333 3741 verborum
2361 3685 2494 3754 ejus.
2527 3684 2649 3738 Post
2679 3682 2793 3737 haec
2818 3695 3078 3736 conversa
3108 3690 3189 3735 est
3209 3663 3500 3733 retrorsum
3520 3676 3639 3731 Ma-

2050 3780 2157 3845 ria,
2190 3788 2244 3834 et
2273 3779 2405 3833 vidit
2431 3778 2612 3833 Jesum
2654 3786 2881 3831 stantem
2904 3816 2919 3841 ,
2953 3774 3087 3829 sicut
3118 3774 3245 3828 dicit
3285 3774 3517 3829 Joannes
3537 3814 3551 3836 ,
3583 3779 3641 3825 et

2051 3888 2157 3929 non
2178 3871 2378 3927 sciebat
2398 3870 2518 3942 quia
2540 3869 2694 3925 Jesus
2713 3879 2810 3924 est.
2840 3869 2975 3923 Dicit
2993 3869 3040 3922 ei
3062 3867 3217 3923 Jesus
3241 3884 3253 3919 :
3280 3866 3484 3930 Mulier,
3510 3863 3639 3936 quid

2051 3964 2262 4034 ploras?
2289 3979 2445 4034 quem
2472 3961 2702 4032 quzeris?
2732 3961 2823 4015 llla
2846 3961 3156 4016 existimans
3177 3958 3296 4029 quia
3322 3957 3638 4013 hortulanus

2050 4064 2161 4123 est,
2208 4054 2339 4110 dicit
2364 4054 2451 4109 ei:
2485 4054 2740 4119 Domine,
2785 4054 2829 4107 si
2876 4062 2931 4107 tu
2969 4051 3228 4107 sustulisti
3269 4064 3425 4116 eum,
3474 4048 3639 4105 dicito

2048 4148 2181 4203 mibi
2211 4148 2299 4203 ubi
2328 4146 2552 4217 posuisti
2595 4162 2746 4213 eum,
2790 4154 2843 4200 et
2881 4161 2980 4215 ego
3018 4162 3139 4200 eum
3178 4144 3381 4200 tollam.
3428 4142 3561 4199 Dicit
3588 4143 3640 4198 ei

2048 4240 2203 4295 Jesus
2229 4258 2241 4294 :
2272 4239 2457 4294 Maria.
2489 4237 2761 4294 Conversa
2788 4238 2876 4291 illa
2911 4237 3036 4291 dicit
3064 4237 3110 4291 ei
3146 4256 3158 4290 :
3187 4235 3463 4300 Rabboni,
3495 4234 3639 4306 quod

2048 4331 2243 4387 dicitur
2266 4331 2540 4402 magister.
2582 4330 2720 4385 Dicit
2761 4330 2813 4385 ei
2858 4328 3015 4384 Jesus
3046 4347 3058 4381 :
3090 4326 3209 4383 Noli
3253 4342 3341 4384 me
3382 4336 3636 4399 tangere:

2048 4423 2284 4478 nondum
2309 4423 2451 4477 enim
2482 4422 2697 4477 ascendi
2722 4422 2787 4476 ad
2814 4422 3027 4476 Patrem
3048 4436 3223 4475 meum
3253 4437 3265 4471 :
3298 4419 3431 4475 vade
3459 4430 3639 4475 autem

2048 4516 2116 4571 ad
2147 4516 2337 4571 fratres
2364 4530 2533 4581 meos,
2556 4524 2611 4571 et
2628 4516 2714 4571 dic
2738 4515 2837 4583 eis,
2864 4514 3111 4571 Ascendo
3133 4514 3196 4569 ad
3228 4515 3434 4569 Patrem
3459 4528 3639 4568 meum

2048 4610 2323 4665 etPatrem
2338 4619 2573 4665 vestrum
2598 4610 2831 4665 etDeum
2858 4625 3035 4664 meum
3063 4619 3117 4664 et
3133 4610 3299 4663 Deum
3323 4617 3583 4663 vestrum.
3610 4626 3632 4659 ι

2048 4702 2199 4760 Tunc
2226 4718 2441 4773 egressa
2482 4712 2563 4758 est
2589 4718 2619 4756 a
2648 4711 3017 4767 monumento,
3065 4701 3165 4754 hoc
3194 4708 3277 4754 est
3303 4699 3371 4753 ab
3398 4699 3490 4753 illo
3518 4699 3638 4755 loco

2051 4795 2137 4850 ubi
2165 4804 2281 4851 erat
2305 4795 2443 4850 horti
2464 4784 2693 4865 spatium
2714 4803 2838 4849 ante
2861 4793 3089 4864 lapidem
3115 4792 3364 4847 effossum
3392 4811 3403 4845 :
3438 4799 3637 4847 etcum

2048 4888 2136 4943 illa
2166 4886 2304 4955 aliaz,
2332 4902 2463 4958 quas
2492 4886 2782 4941 secundum
2809 4884 3042 4940 Marcum
3069 4886 3337 4940 invaserat
3364 4894 3563 4940 tremor
3582 4894 3639 4941 et

2048 4994 2239 5048 pavor;
2280 4988 2335 5033 et
2360 4978 2558 5032 nemini
2594 4976 2882 5046 quidquam
2910 4976 3177 5030 dicebant.
3202 4976 3350 5030 'l‘unc
3370 4975 3479 5044 jam
3500 5016 3515 5041 ,
3547 4991 3639 5031 se-

2046 5070 2279 5125 cundum
2307 5068 2634 5136 Matthaeum,
2657 5086 2676 5120 ‹
2700 5083 2825 5124 ecce
2841 5068 2997 5123 Jesus
3022 5068 3257 5123 occurrit
3284 5067 3388 5121 illis
3412 5067 3597 5121 dicens
3622 5084 3635 5122 :

2047 5164 2232 5218 Avele.
2286 5162 2392 5216 Illae
2440 5170 2617 5217 autem
2666 5170 3006 5216 accesserunt
3047 5171 3101 5215 et
3147 5170 3432 5216 tenuerunt
3471 5160 3639 5231 pedes

2046 5257 2251 5328 ejus,et
2272 5256 2785 5311 adoraverunteum.
2814 5255 2939 5310 iSic
2964 5256 3105 5310 enim
3128 5255 3427 5326 colligimus
3457 5264 3511 5310 et
3540 5271 3640 5309 an-

2046 5350 2284 5420 gelorum
2318 5349 2692 5404 allocutionem
2732 5348 2814 5403 bis
2852 5362 3079 5403 numero
3119 5362 3211 5404 eas
3254 5349 3506 5404 habuisse
3549 5364 3642 5405 ve-

2046 5442 2252 5495 nientes
2280 5441 2346 5494 ad
2398 5449 2829 5503 monumentum,
2878 5448 2934 5493 et
2978 5440 3141 5507 ipsius
3170 5440 3380 5493 Domini
3415 5458 3427 5492 :
3469 5441 3636 5493 semel

2048 5534 2251 5588 scilicet
2272 5534 2379 5586 illic
2394 5533 2607 5602 quando
2624 5532 2783 5585 Maria
2806 5531 3144 5587 hortulanum
3164 5532 3399 5600 putavit;
3423 5540 3475 5584 et
3496 5547 3637 5588 nunc

2049 5629 2239 5682 iterum
2270 5640 2392 5679 cum
2417 5626 2494 5679 eis
2514 5624 2743 5679 occurrit
2769 5624 2821 5679 in
2846 5624 2948 5690 via,
2979 5633 3037 5678 ut
3064 5638 3156 5678 eas
3179 5624 3291 5691 ipsa
3317 5621 3637 5691 repetitione

2047 5721 2302 5783 firmaret,
2325 5726 2529 5787 atquea
2546 5718 2733 5771 timore
2744 5725 3029 5772 recrearet.
3050 5735 3067 5768 ι
3086 5716 3237 5770 Tunc
3255 5728 3383 5786 ergo
3402 5716 3476 5770 ait
3497 5716 3601 5773 illis
3631 5734 3638 5745 ·

2047 5814 2222 5869 Nolite
2265 5811 2471 5877 timere,
2512 5810 2607 5875 ite,
2635 5810 2873 5866 nuntiate
2892 5809 3142 5865 fratribus
3156 5808 3317 5873 meis,
3346 5815 3403 5863 ut
3431 5816 3555 5863 eant
3583 5810 3635 5863 in

1975 5938 2014 5978 ,τ
2050 5905 2361 5974 Galilaeam;
2488 5918 2577 5963 me
2598 5902 2873 5964 videbunt.
2902 5902 3059 5963 Venit
3086 5916 3215 5975 erg0
3240 5901 3405 5963 Maria
3429 5900 3633 5989 M35“.
