4076 6470
513 502 641 560 lene
658 498 983 559 annuntians
999 495 1274 570 discipulis
1293 494 1418 567 quia
1436 493 1570 550 nun
1586 491 1896 557 Dominum,
1918 497 1974 547 et
1992 487 2109 544 haec

512 594 569 652 ei
608 592 746 651 dixit
778 609 801 646 ι
834 609 851 650 :
879 589 1183 649 nonsolum
1211 586 1732 661 ipsa,sedetalim,
1776 600 1911 659 quas
1935 585 2108 642 Lucas

515 693 924 753 commemorat,
951 698 1106 759 «qua
1132 679 1927 752 nuntiaveruntbaacdiscipulis
1943 680 2109 738 unde-

516 778 646 849 cim,
674 786 731 838 et
751 777 962 837 caeteris
986 775 1253 834 omnibus.
1279 775 1349 833 Et
1372 775 1485 833 visa
1505 781 1633 832 sunt
1660 782 1784 831 ante
1812 773 1933 831 illos
1968 774 2108 832 sicut

514 873 923 937 aelii-amentum
943 872 1105 931 verba
1133 872 1257 943 ista,
1273 880 1329 930 et
1353 886 1463 931 non
1486 871 1778 930 credebant
1802 870 1928 926 illis.
1954 888 1977 924 ι
2010 870 2105 927 His

514 974 572 1024 et
591 958 800 1023 Marcus
822 972 1123 1023 attestatur.
1141 964 1275 1022 Nam
1298 973 1647 1038 posteaquam
1667 963 2106 1020 commemoravit

514 1072 610 1117 eas
637 1066 928 1117 trementes
962 1064 1021 1115 et
1054 1064 1309 1131 paventes
1335 1057 1534 1115 exiisse
1567 1071 1598 1111 s
1628 1065 2010 1125 monumento,
2048 1065 2105 1112 et

512 1150 714 1207 nemini
741 1149 1030 1223 quidquam
1060 1150 1289 1219 dixisse,
1334 1148 1585 1222 adiunxit
1632 1147 1774 1221 quod
1816 1162 2103 1220 resurgens

514 1240 775 1299 Dominus
789 1242 1097 1315 apparuerit
1119 1256 1276 1299 niane
1297 1241 1466 1312 prima
1485 1240 1713 1307 sabbati,
1739 1240 1908 1311 primo
1925 1240 2104 1295 Mariae

508 1331 859 1407 Magdalenen,
881 1334 949 1393 de
969 1350 1071 1408 qua
1095 1334 1327 1407 eiecerat
1353 1341 1556 1404 septem
1581 1332 1873 1399 daemonia;
1901 1343 1956 1389 et
1979 1332 2105 1404 quia

511 1427 605 1484 illa
627 1427 829 1485 vadens
848 1428 1108 1487 nuntiavit
1134 1429 1199 1485 iis
1219 1431 1309 1501 qui
1331 1442 1453 1483 cum
1473 1442 1538 1483 eo
1561 1427 1770 1483 fuerant
1797 1426 2103 1498 lugentibus

511 1529 570 1578 et
617 1522 900 1591 ﬂentibus;
929 1532 984 1579 et
1024 1523 1148 1596 quia
1175 1521 1253 1578 illi
1291 1520 1569 1577 audientes
1603 1520 1745 1592 quod
1775 1521 2008 1586 viveret,
2048 1528 2105 1578 et

511 1613 659 1670 visus
696 1622 840 1671 esset
862 1608 932 1674 ab
968 1628 1065 1684 ea,
1094 1629 1204 1671 non
1231 1612 1593 1670 crediderunt.
1644 1612 1785 1669 Sane
1824 1613 2103 1671 Mattheus

510 1709 675 1766 etiam
726 1708 859 1767 illud
896 1710 1154 1779 inseruit,
1196 1710 1607 1768 abscedentibus
1644 1711 1958 1768 mulieribus
1981 1726 2103 1781 quas

508 1803 605 1861 illa
627 1802 807 1862 omnia
835 1804 1078 1862 videram
1097 1813 1154 1863 et
1175 1806 1481 1871 audierant,
1522 1805 1732 1862 venisse
1763 1804 1926 1861 etiam
1949 1818 2105 1875 quos-

504 1894 637 1951 dam
664 1897 718 1952 in
740 1897 1012 1955 civitatem
1039 1897 1109 1955 de
1136 1899 1243 1955 illis
1266 1897 1575 1955 custodibus
1596 1898 1685 1968 qui
1705 1897 1982 1967 jacuerant
2004 1913 2096 1953 ve-
2145 1930 2152 1939 -

452 2004 467 2017 ·
511 1986 593 2045 lut
609 1990 827 2059 mortui,
850 1998 905 2046 et
920 1991 1195 2048 nuntiasse
1215 1991 1542 2063 principibus
1558 1990 1898 2048 sacerdowm
1923 1990 2103 2046 omnia

504 2094 633 2150 qua:
656 2080 798 2136 facta
820 2090 994 2149 erant,
1022 2082 1125 2139 hoc
1160 2093 1244 2139 est
1263 2083 1569 2154 qum'etiam
1592 2082 1671 2139 illi
1694 2082 1896 2139 sentire
1915 2089 2105 2153 potue-

510 2182 675 2232 runt:
700 2175 821 2234 illos
846 2191 978 2233 vero
1000 2187 1349 2248 congregatos
1372 2193 1494 2233 cum
1538 2176 1843 2251 senioribus
1874 2175 2102 2233 consilio

451 2322 467 2339 .
509 2271 755 2333 accepto,
787 2262 1065 2333 pecuniam
1098 2263 1368 2334 copiosam
1396 2261 1608 2318 dedisse
1632 2261 1907 2327 militibus,
1936 2268 1996 2315 ut
2020 2260 2103 2315 di-

507 2359 696 2408 cerent
735 2352 879 2423 quod
907 2353 1150 2424 discipuli
1178 2353 1294 2425 ejus
1322 2354 1628 2419 venissent,
1669 2367 1901 2425 cumque
1942 2352 2101 2408 furati

508 2450 692 2499 essent
719 2442 824 2499 illis
842 2442 1265 2511 dormientibus;
1304 2443 1618 2514 pollicentes
1651 2443 1812 2500 etiam
1838 2443 2102 2499 securita-

509 2541 619 2592 tem
658 2550 689 2591 a
725 2537 954 2607 praeside
977 2538 1189 2609 quieos
1214 2537 1466 2595 custodes
1491 2537 1748 2595 dederat:
1779 2546 1834 2595 et
1858 2539 1979 2594 illos
2006 2552 2101 2594 ac-

507 2633 664 2696 cepta
688 2628 912 2698 pecunia
947 2627 1141 2687 fecisse
1171 2629 1309 2686 sicut
1330 2638 1485 2686 erant
1504 2629 1683 2687 edocti
1700 2670 1716 2697 ,
1749 2630 2102 2701 divulgatum-

508 2730 615 2790 que
638 2732 756 2776 esse
780 2718 1002 2777 verbum
1021 2714 1163 2777 istud
1186 2720 1328 2793 apud
1352 2720 1568 2779 ludseos
1596 2735 1762 2794 usque
1786 2722 1843 2779 in
1881 2721 2101 2779 hodier-

506 2824 639 2867 num
663 2810 825 2867 diem.

502 2924 736 2983 CAPUT
759 2925 935 2983 ην.
961 2954 1040 2970 —-
1062 2925 1129 2982 In
1147 2943 1206 2983 eo
1224 2926 1363 2999 quod
1380 2943 1437 2983 ss
1462 2935 1634 2999 postea
1652 2927 1916 3000 discipulis
1929 2928 2102 2985 nrani-

582 3020 784 3090 {estuit
804 3060 820 3086 ,
842 3023 1094 3092 quomodo
1110 3020 1209 3077 sibi
1226 3036 1400 3077 emes
1430 3019 1774 3094 Euangelin
1790 3039 1895 3077 non
1917 3023 2103 3078 adser-

586 3113 1735 3185 οεηιιιτ,σοιιοιεηαιί.οιίίοαάεαροιιοιο
1764 3113 2007 3171 Paulae!
2038 3115 2105 3171 de

582 3202 789 3258 Actibus
813 3204 1189 3276 Apud-lorum.

583 3315 672 3372 70.
702 3315 821 3374 Iam
851 3327 971 3389 post
989 3320 1439 3376 resurrectionem
1465 3318 1913 3391 quemadmodum
1937 3336 2104 3395 appa-

513 3409 682 3491 ruprit
706 3408 965 3469 Dominus
1004 3411 1279 3482 discipulis
1302 3454 1318 3481 ,
1345 3412 1793 3470 considerandum
1832 3425 1949 3484 est,
1990 3431 2100 3473 non

504 3500 684 3558 solum
713 3510 772 3558 ut
795 3504 1065 3560 elucescat
1094 3505 1258 3561 etiam
1282 3520 1347 3561 ex
1380 3504 1480 3562 bac
1496 3522 1557 3562 re
1584 3508 1953 3564 convenientia
1978 3524 2102 3580 qua-

508 3592 634 3649 tuor
654 3591 1114 3667 Evangelistarnm
1145 3596 1355 3670 (Matth.
1378 3612 1553 3654 xxvm
1573 3641 1588 3667 ,
1621 3596 1788 3655 Marc.
1812 3614 1904 3656 xvi
1923 3643 1938 3669 ,
1967 3600 2098 3657 Luc.

509 3698 670 3753 Xxiv,
705 3696 754 3742 et
779 3686 934 3742 Joan.
962 3700 1033 3742 xx
1060 3730 1075 3756 ,
1102 3686 1217 3762 xxx)
1242 3731 1257 3757 ,
1290 3704 1473 3745 verum
1513 3691 1670 3745 etiam
1704 3701 1759 3746 ut
1784 3706 1906 3747 cum
1932 3691 2100 3748 Paulo

510 3779 754 3848 apostolo
796 3787 1124 3847 consonent,
1156 3781 1245 3852 qui
1273 3781 1342 3839 de
1368 3781 1466 3837 hac
1491 3797 1553 3838 re
1592 3782 1647 3837 in
1684 3782 1854 3853 prima
1894 3784 1960 3838 ad
1993 3781 2102 3840 Co-

506 3869 741 3927 rinthios
783 3871 1019 3942 Epistula
1043 3872 1116 3927 ita
1138 3871 1374 3943 ioquitur
1402 3890 1416 3927 ε
1442 3872 1654 3927 Tradidi
1691 3874 1823 3928 enim
1863 3872 2000 3929 vobis
2044 3876 2102 3931 in

511 3966 689 4038 primis
724 3968 860 4037 quod
905 3976 951 4023 et
975 3969 1147 4040 accepi
1165 4010 1179 4037 ,
1231 3970 1350 4039 quia
1393 3969 1622 4026 Christus
1650 3982 1879 4027 mortuus
1903 3981 1976 4027 est
2007 3988 2101 4042 pro

510 4058 730 4131 perennis
749 4060 936 4113 nostris
950 4101 965 4127 ,
987 4059 1265 4115 secundum
1296 4061 1592 4131 Scripturas
1609 4104 1624 4130 ,
1660 4071 1709 4116 et
1729 4063 1850 4133 quia
1874 4065 2101 4136 sepultus

511 4158 605 4219 est,
636 4159 683 4205 et
708 4150 826 4222 quia
856 4152 1133 4207 resurrexit
1172 4153 1318 4206 tertia
1338 4153 1425 4207 die
1448 4152 1723 4208 secundum
1751 4153 2045 4225 Scriptura:
2078 4173 2101 4213 :

488 4253 558 4301 -ει
582 4245 702 4315 quia
726 4244 964 4316 apparuit
999 4243 1185 4317 Cepha:
1201 4287 1216 4313 ,
1251 4254 1424 4318 postea
1446 4246 1712 4301 duodecim
1730 4247 1772 4315 ¹,
1798 4247 1982 4303 deinde
2000 4264 2100 4321 ap-

511 4336 684 4411 paruit
707 4334 825 4408 plus
848 4353 1000 4408 quam
1027 4338 1310 4409 quingentis
1333 4338 1574 4408 fratribus
1606 4339 1785 4408 simul,
1824 4356 1886 4395 ex
1921 4341 2101 4414 quibus

508 4428 684 4502 plures
703 4440 908 4486 manent
931 4445 1089 4502 usque
1113 4431 1303 4497 adhuc,
1331 4431 1537 4504 quidam
1564 4441 1731 4487 autem
1752 4417 2102 4504 dormierunt;

506 4533 686 4595 postea
718 4524 954 4594 apparuit
981 4520 1195 4592 Jacobo,
1227 4523 1409 4578 deinde
1430 4525 1686 4595 Apostolis
1706 4525 1943 4599 omnibus
1964 4541 1986 4591 ;
2008 4543 2102 4583 no-

504 4621 711 4675 uissime
750 4621 771 4653 ²
817 4629 984 4674 autem
1037 4621 1263 4674 omnium
1308 4620 1456 4690 quasi
1499 4620 1721 4675 abortivo
1761 4620 2004 4691 apparuit
2053 4631 2103 4675 et

514 4711 645 4765 mihi
668 4710 712 4782 (l
754 4708 874 4768 Cor.
906 4724 979 4765 xv
1002 4752 1019 4779 ,
1062 4709 1197 4783 διε).
1232 4708 1392 4768 Hunc
1436 4720 1613 4769 autem
1644 4712 1884 4767 ordinem
1920 4714 2101 4769 nullus

504 4798 967 4874 Evangelistarum
1012 4802 1189 4859 tenuit
1237 4819 1252 4856 :
1306 4801 1450 4859 unde
1508 4800 1955 4860 considerandum
2017 4814 2103 4863 est

508 4898 687 4951 utrum
714 4890 847 4949 ordo
867 4908 1025 4965 quem
1042 4892 1122 4949 illi
1146 4898 1452 4961 tenuerunt,
1476 4892 1599 4949 huic
1615 4906 1724 4949 non
1749 4894 2098 4953 adversetur:

506 5000 633 5044 nam
662 4998 763 5043 nec
792 4986 882 5044 ille
922 4986 1103 5041 omnia
1125 5027 1139 5052 ,
1183 4997 1286 5042 nec
1328 4985 1417 5042 isti
1453 4980 1632 5041 omnia
1661 4986 1949 5055 disertim;
1980 5000 2100 5058 quae

510 5091 690 5138 autem
717 5079 968 5137 dixerunt
986 5091 1174 5135 omnes
1196 5085 1381 5134 utrum
1406 5077 1537 5134 nihil
1560 5080 1698 5136 inter
1723 5095 1781 5136 se
1801 5090 2102 5154 repugnent

402 5207 412 5215 ο
506 5184 715 5231 tantum
759 5172 1051 5230 videndum
1102 5181 1204 5228 est.
1254 5172 1426 5230 Lucas
1478 5173 1620 5229 enim
1674 5176 1821 5231 solus
1873 5188 2103 5248 quatuor

510 5268 967 5341 Evangelistarum
984 5308 1000 5335 ,
1030 5281 1140 5323 non
1169 5266 1297 5323 dicit
1330 5280 1359 5322 a
1383 5267 1695 5325 mulieribus
1718 5269 1893 5327 visum
1918 5272 2101 5328 Domi-

509 5380 659 5433 num,
683 5359 1167 5422 sedtantummodo
1180 5362 1396 5433 angeios
1420 5354 1738 5419 :Ilatthaeus
1765 5373 1943 5421 autem
1972 5365 2102 5423 dicit

508 5457 647 5527 quod
672 5456 753 5515 eis
779 5454 1073 5513 occurrerit
1111 5453 1458 5513 redeuntibus
1482 5468 1511 5510 a
1537 5465 1882 5514 monumento
1916 5477 1930 5514 :
1958 5456 2099 5515 Mar-

506 5566 600 5607 cus
619 5563 834 5621 quoque
854 5547 983 5606 dicit
1007 5548 1183 5621 primo
1208 5548 1379 5604 visum
1408 5562 1528 5605 esse
1547 5546 1725 5605 Mariae
1749 5548 2093 5621 Magdalenaa,

507 5684 768 5799 dare?“
799 5680 1140 5747 nam,“
1165 5691 1273 5736 uss.
1319 5681 1611 5747 duodecim;
1646 5682 1786 5747 juxta
1815 5696 1985 5748 graec,
2008 5683 2100 5741 tals

883 5816 1014 5875 11η.)
1044 5807 1308 5878 unum,
1329 5820 1349 5862 :
1372 5808 1450 5862 his
1471 5808 1616 5872 infra,
1636 5823 1687 5863 n.
1706 5808 1791 5874 85,
1813 5812 2095 5865 consentie-

1320 374 1410 433 DE
1445 367 1794 431 CONSENSU
1836 363 2487 440 EVANGELISTARUM,
2523 369 2586 430 S.
2623 371 2991 434 AUGUSTINI

2216 487 2357 585 sicut
2380 498 2436 547 et
2456 488 2723 585 Joannes;
2750 494 2852 553 sed
2876 498 3147 569 quomodo
3168 501 3243 561 sit
3264 503 3316 562 ei
3341 505 3488 566 visus
3504 524 3611 568 non
3637 513 3771 573 dicit
3787 558 3806 585 ,

2215 580 2360 652 quod
2384 583 2678 654 explicatur
2695 600 2727 641 a
2745 585 2970 645 Joanne.
2992 589 3165 649 Lucas
3190 603 3369 653 autem
3393 613 3501 657 non
3529 604 3704 661 solum
3725 580 3811 663 ta;

2213 684 2334 742 cet,
2378 684 2439 733 ut
2463 676 2608 746 dixi,
2640 693 2762 735 eum
2790 682 3102 752 apparuisse
3126 687 3473 761 mulieribus,
3503 696 3603 753 sed
3638 700 3809 758 etiam

2214 766 2349 824 duos
2367 809 2383 835 ,
2419 785 2644 840 quorum
2669 788 2809 832 unus
2831 773 2931 833 fuit
2955 775 3219 850 Cleophas
3235 823 3254 851 ,
3290 784 3416 841 talia
3439 787 3567 845 dicit
3594 789 3807 853 locutos

2212 874 2334 952 cum
2362 860 2459 917 ille
2484 871 2766 935 antequam
2801 879 3156 939 agnoscerent
3195 888 3350 943 eum,
3389 885 3642 952 tanquam
3679 900 3805 940 mu-

2212 950 2373 1010 lieres
2415 954 2550 1010 nihil
2590 970 2650 1012 se
2678 957 2822 1013 aliud
2850 975 3011 1030 quam
3034 964 3255 1035 angelos
3291 950 3804 1032 vidissevnuntiave-

2210 1049 2351 1117 rint,
2379 1050 2470 1122 qui
2493 1051 2744 1116 dicebant
2765 1068 2891 1110 eum
2915 1056 3116 1114 vivere.
3142 1057 3220 1115 Ita
3244 1062 3388 1119 enim
3411 1076 3594 1124 narrat
3624 1087 3639 1124 :
3663 1070 3801 1129 Ecce

2210 1138 2314 1194 duo
2338 1157 2402 1195 ea:
2446 1140 2553 1198 illis
2576 1143 2714 1199 ibant
2746 1144 2861 1216 ipsa
2886 1146 2969 1202 die
2994 1148 3049 1203 in
3088 1151 3389 1223 castellum,
3437 1158 3576 1228 quod
3611 1166 3803 1221 eratin

2209 1232 2376 1302 spatio
2430 1235 2709 1290 stadiorum
2765 1239 3031 1310 sexaginta
3102 1243 3168 1298 ab
3217 1243 3503 1303 Jerusalem
3525 1292 3542 1318 ,
3601 1255 3808 1313 nontine

2211 1324 2437 1391 Emaus;
2461 1336 2509 1381 et
2546 1326 2645 1398 ipsi
2663 1329 2997 1402 loquebantur
3015 1334 3084 1388 ad
3119 1335 3330 1392 invicem
3352 1339 3418 1395 de
3448 1341 3529 1397 Itis
3570 1347 3805 1404 cautibus

2206 1435 2323 1492 qua
2348 1420 2636 1478 acciderant
2662 1437 2684 1478 :
2710 1431 2763 1479 et
2782 1424 2979 1495 factum
2999 1435 3073 1483 est
3105 1428 3229 1485 dum
3252 1431 3578 1505 loquerentur
3597 1478 3616 1507 ,
3642 1448 3693 1494 et
3719 1457 3808 1497 se-

2207 1528 2325 1568 cum
2349 1526 2649 1586 quaererent,
2666 1526 2715 1572 et
2734 1518 2846 1589 ipse
2859 1518 3011 1577 Iesus
3037 1525 3457 1597 appropinquans
3477 1528 3585 1586 ibat
3600 1548 3718 1587 cum
3734 1534 3807 1590 il-

2211 1605 2312 1674 lis;
2349 1610 2484 1664 ocnli
2501 1620 2669 1666 autem
2686 1610 2892 1667 illorum
2911 1614 3206 1672 tenebantur
3223 1635 3289 1674 ne
3314 1637 3429 1677 eum
3451 1638 3803 1697 agnoscerent.

2208 1697 2279 1791 iit
2298 1699 2370 1791 ait
2384 1700 2454 1754 ad
2480 1702 2597 1758 illas
2616 1718 2639 1758 :
2662 1702 2763 1771 Qui
2782 1714 2903 1761 sunt
2936 1708 2992 1763 In’
3009 1725 3261 1768 mones
3280 1754 3298 1781 ,
3320 1730 3451 1786 quos
3469 1722 3712 1791 confertis
3731 1725 3805 1778 ad

2208 1787 2421 1845 invicem
2443 1793 2779 1863 ambulantes,
2801 1803 2848 1851 et
2872 1797 2990 1854 estis
3016 1800 3181 1857 tristes
3195 1802 3224 1857 ?
3249 1802 3320 1858 Et
3342 1787 3651 1877 respondens
3668 1829 3806 1871 tatus

2209 1881 2293 1972 cui
2310 1898 2491 1939 nomen
2512 1884 2761 1958 CleOphas
2777 1930 2793 1954 ,
2829 1889 2959 1945 dixit
2992 1892 3039 1947 ei
3061 1909 3075 1946 :
3102 1891 3184 1948 Tu
3205 1895 3345 1953 solus
3363 1902 3659 1972 pangi-inus
3676 1920 3731 1960 es
3747 1907 3810 1962 in

2207 1970 2526 2044 Jerusalem,
2559 1987 2734 2034 etnon
2770 1982 3046 2053 cognovisti
3076 1986 3346 2057 quaefacta
3361 1970 3571 2048 suntin
3602 1993 3700 2050 illa
3725 1997 3809 2054 Itis

2207 2065 2383 2124 diebus
2397 2068 2424 2123 7
2460 2067 2656 2136 Quibus
2674 2071 2764 2127 ille
2794 2074 2929 2130 dixit
2950 2094 2964 2131 :
2995 2076 3163 2144 Quae?
3189 2080 3258 2135 Et
3276 2081 3514 2140 dixerunt
3534 2103 3553 2141 :
3570 2084 3656 2142 De
3677 2086 3810 2145 Iesu

2208 2156 2483 2217 Nazarene
2499 2201 2515 2228 ,
2532 2163 2617 2231 qui
2643 2165 2743 2235 fuit
2772 2167 2849 2220 uir
2874 2169 3151 2240 propheta,
3178 2182 3355 2244 potens
3377 2176 3431 2231 in
3449 2193 3603 2248 opere
3629 2188 3809 2236 etaer-

2206 2264 2355 2306 snone
2371 2267 2545 2307 coram
2569 2252 2679 2310 Deo
2705 2264 2755 2311 et
2792 2260 2930 2314 onnti
2953 2263 3181 2332 papula;
3207 2275 3255 2319 et
3276 2268 3529 2337 quomodo
3551 2286 3671 2325 eunt
3689 2281 3805 2327 tra-

2206 2342 2446 2399 diderunt
2466 2347 2652 2401 summi
2671 2350 2954 2407 sacerdotes
2975 2360 3021 2406 et
3040 2355 3297 2428 principes
3321 2360 3483 2415 nostri
3496 2360 3555 2416 in
3581 2360 3806 2418 damna-

2207 2434 2392 2490 tionem
2411 2437 2588 2494 ntortis
2606 2481 2621 2506 ,
2652 2448 2703 2494 et
2738 2442 3099 2513 cruciﬁxerunt
3127 2462 3262 2502 eunt.
3292 2447 3408 2504 Nos
3432 2460 3603 2509 autem
3626 2470 3808 2525 spera-

2206 2525 2383 2584 bamus
2402 2530 2524 2601 quia
2560 2531 2671 2602 ipse
2693 2543 2820 2590 esset
2844 2535 3199 2610 redempturus
3223 2538 3395 2602 Ιηθί
3424 2559 3445 2599 :
3467 2552 3515 2599 et
3540 2562 3681 2603 nunc
3715 2565 3810 2603 su-

2200 2632 2299 2710 per
2323 2620 2433 2674 licet:
2458 2622 2657 2691 omnia,
2681 2625 2830 2680 tertia
2854 2626 2961 2683 dies
2979 2638 3053 2684 est
3081 2629 3352 2706 hodiequo
3374 2634 3487 2693 lucc
3502 2640 3646 2710 facta
3656 2650 3803 2695 sunt.

2206 2706 2315 2766 Sed
2334 2721 2383 2804 et
2405 2714 2639 2772 mulieres
2671 2718 2905 2788 quaedam
2932 2736 2997 2777 ea:
3022 2726 3208 2781 nostris
3230 2706 3660 2799 terna-uatum,
3688 2746 3808 2804 qua

2205 2810 2324 2857 ante
2344 2800 2511 2858 lucem
2531 2809 2736 2876 [unum
2761 2808 2833 2864 ad
2848 2823 3250 2886 monumentum,
3268 2828 3317 2874 et
3339 2836 3443 2876 non
3459 2822 3661 2882 inuento
3682 2800 3806 2883 cur.

2202 2912 2331 2965 pore
2355 2896 2484 2992 eius,
2511 2908 2779 2992 uasqunt,
2806 2901 3026 2963 dicentes
3057 2923 3112 2962 se
3129 2910 3284 2966 aiant
3312 2912 3553 2971 mea.
3589 2920 3807 2992 ηςοιο-

2205 3001 2321 3041 rum
2346 2987 2550 3059 uidisse,
2570 2990 2659 3064 qui
2684 2993 2860 3050 dicunt
2882 3012 2996 3052 eum
3021 2999 3203 3056 viuere.
3236 3000 3308 3058 Et
3342 3003 3574 3063 abierunt

2202 3094 2270 3135 ea;
2313 3082 2500 3140 nostris
2540 3086 2611 3140 ad
2660 3099 3075 3159 munusculum,
3124 3100 3175 3149 et
3215 3094 3289 3150 ita
3325 3095 3622 3156 inuenerat
3667 3104 3809 3161 sicut

2132 3247 2136 3251 ’
2204 3170 2441 3230 mulieres
2468 3176 2705 3233 dixerunt
2726 3217 2742 3244 ,
2768 3179 2939 3251 ipsum
2962 3197 3080 3237 vero
3103 3199 3205 3239 non
3224 3185 3479 3246 viderunt.
3498 3191 3517 3224 ³
3554 3190 3686 3250 Haec
3706 3209 3806 3253 se-

2134 3274 2141 3281 '
2204 3266 2438 3323 cundum
2467 3267 2665 3326 Lucam
2694 3270 2768 3325 ita
2791 3281 3030 3341 narrant,
3062 3284 3118 3329 ut
3134 3276 3448 3337 meminisse
3473 3295 3539 3337 ac
3556 3283 3805 3343 recolere

2200 3367 2498 3428 potuerunt
2515 3360 2658 3431 quod
2686 3376 2716 3415 a
2737 3362 3054 3421 mulieribus
3081 3365 3283 3423 dictum
3311 3380 3447 3439 erat,
3474 3373 3560 3431 vel
3585 3390 3616 3429 a
3636 3376 3805 3434 disci-

2201 3453 2348 3525 pulis
2385 3455 2474 3525 qui
2523 3464 2871 3512 cucurrerant
2912 3457 2980 3512 ad
3004 3470 3446 3535 monumentum,
3480 3467 3698 3539 quando
3720 3471 3805 3529 ci

2204 3548 2506 3604 nuntiatum
2532 3549 2783 3619 estquod
2815 3547 3049 3637 ablatum
3082 3553 3206 3610 inde
3232 3558 3302 3610 sit
3343 3570 3540 3630 corpus
3566 3561 3702 3633 ejus.
3732 3562 3806 3623 Ec

2202 3635 2323 3708 ipse
2341 3638 2558 3710 quidem
2581 3638 2752 3695 Lucas
2780 3635 3000 3698 Petrum
3022 3652 3230 3701 tantum
3247 3645 3378 3704 dicit
3403 3653 3707 3710 cucurrisse
3731 3655 3806 3713 ad

2203 3736 2610 3788 monumentum
2632 3773 2652 3801 ,
2690 3740 2746 3789 et
2770 3736 3209 3804 procumbentem
3256 3739 3456 3799 vidisse
3489 3741 3805 3806 linteamina

2204 3822 2319 3877 sola
2343 3823 2518 3892 posita
2536 3865 2553 3890 ,
2593 3832 2649 3881 et
2678 3824 2876 3881 abiisse
2914 3840 3097 3884 secum
3118 3830 3407 3889 mirantem
3433 3835 3576 3907 quod
3602 3837 3805 3897 factum

2205 3913 2397 3972 fuerat.
2421 3915 2535 3972 Hoc
2561 3925 2738 3972 autem
2767 3917 2835 3974 de
2855 3918 3013 3975 Petro
3042 3934 3461 3995 commemomt,
3488 3928 3804 4003 priusquam

2205 4019 2382 4066 narret
2409 4008 2479 4066 de
2499 4008 2583 4065 bis
2611 4009 2820 4066 duobus
2840 4027 2977 4082 quos
3002 4013 3207 4071 invenit
3230 4015 3285 4073 iu
3310 4018 3413 4085 via,
3448 4031 3804 4096 posteaquam

2205 4100 2449 4156 narravit
2474 4100 2542 4157 de
2577 4102 2893 4159 mulieribus
2919 4119 3037 4174 quae
3063 4106 3306 4164 viderant
3343 4111 3600 4183 angelos,
3639 4123 3698 4172 et
3731 4117 3804 4173 ab

2206 4194 2285 4251 eis
2304 4194 2583 4250 audierant
2604 4194 2747 4266 quod
2764 4198 3149 4255 resurrexisset
3169 4198 3329 4258 Jesus
3347 4243 3364 4270 ,
3392 4210 3646 4277 tanquam
3673 4216 3804 4265 tunc

2204 4286 2397 4344 Petrus
2436 4286 2506 4342 ad
2550 4296 2956 4345 monumentum
2992 4292 3309 4349 cucurrerit.
3335 4292 3447 4353 Sed
3486 4296 3805 4371 intelligitur

2205 4376 2311 4434 hoc
2358 4378 2531 4435 Lucas
2566 4380 2975 4451 recapitulaado
3014 4384 3258 4454 posuisse
3306 4386 3377 4443 de
3423 4387 3603 4447 Petro.
3649 4391 3804 4452 Tunc

2205 4472 2351 4529 enim
2384 4470 2619 4531 cucurrit
2661 4474 2850 4532 Petrus
2886 4475 2956 4531 sd
2993 4489 3433 4549 monumentum,
3479 4484 3694 4554 quando
3745 4494 3804 4544 et

2203 4562 2440 4620 Joannes
2458 4606 2476 4632 ,
2503 4578 2625 4620 cum
2654 4567 3021 4623 tantummodo
3049 4583 3080 4622 a
3099 4570 3445 4641 mulieribus,
3472 4576 3740 4648 praecipue
3766 4592 3801 4634 a

2204 4653 2368 4710 Maria
2412 4655 2723 4727 Magdalene
2772 4658 3071 4714 nuntiatum
3115 4660 3195 4717 eis
3232 4662 3407 4719 fuerat
3459 4665 3528 4721 de
3571 4681 3803 4739 corpore

2204 4746 2406 4815 ablato;
2434 4755 2559 4803 tunc
2584 4755 2761 4804 autem
2790 4750 2877 4804 illa
2907 4751 3245 4809 nuntiaverat
3261 4795 3278 4821 ,
3318 4755 3535 4828 querulo
3553 4757 3685 4814 vidit
3710 4758 3800 4815 la-

2204 4839 2384 4912 pidem
2421 4840 2668 4896 avulsum
2710 4855 2740 4896 a
2781 4852 3165 4900 monumento:
3194 4854 3250 4901 et
3286 4854 3471 4917 postea
3504 4846 3802 4908 factarum

2205 4931 2323 4988 haec
2347 4931 2415 4988 de
2443 4931 2647 4989 visione
2675 4933 3017 5005 angelorum,
3050 4942 3209 5007 atque
3233 4937 3401 5008 ipsius
3428 4938 3640 4998 Domini
3658 4981 3677 5010 ,
3702 4942 3800 5013 qui

2202 5025 2289 5083 bis
2312 5040 2538 5083 numero
2565 5036 2884 5099 apparuerat
2906 5027 3257 5095 mulieribus;
3287 5031 3456 5088 semel
3494 5032 3564 5089 ad
3602 5050 3798 5091 monu-

2204 5125 2445 5173 mentum
2463 5157 2479 5183 ,
2505 5125 2560 5173 et
2582 5116 2773 5174 iterum
2794 5131 3088 5173 occurrens
3128 5121 3517 5177 revertentibus
3536 5136 3571 5179 a
3600 5138 3797 5181 monu-

2204 5218 2410 5266 mento.
2436 5208 2551 5266 Hoc
2572 5216 2753 5265 autem
2781 5217 3067 5280 antequam
3091 5209 3302 5268 duobus
3323 5211 3432 5268 illis
3454 5212 3508 5268 in
3539 5213 3625 5271 vis
3646 5216 3797 5274 visus

2203 5303 2410 5373 luisset,
2433 5318 2660 5375 quorum
2682 5312 2798 5362 erat
2821 5317 2957 5360 unus
2980 5301 3263 5376 Cleopbas.
3287 5305 3528 5379 Namque
3564 5316 3619 5364 et
3637 5306 3798 5365 Cleo-

2200 5395 2337 5469 phas
2364 5396 2586 5468 loquens
2609 5411 2732 5454 cum
2752 5395 2978 5453 Domino
3000 5411 3160 5469 quem
3181 5396 3416 5455 nondum
3444 5401 3791 5474 agnoscebat,

2204 5503 2310 5544 non
2342 5488 2557 5544 Petrum
2574 5488 2708 5545 dixit
2735 5488 2842 5544 isse
2870 5488 2935 5544 ad
2960 5497 3384 5557 monumentum;
3416 5490 3534 5561 sed,
3560 5491 3793 5549 abierunt

2203 5580 2409 5652 quidam
2437 5596 2500 5635 ea:
2523 5581 2728 5646 nostris,
2751 5580 2942 5651 inquit,
2965 5580 3033 5635 ad
3060 5590 3456 5650 monumentum,
3478 5592 3530 5637 et
3548 5584 3621 5638 ita
3646 5584 3789 5640 inre-

2202 5680 2386 5729 nerunt
2409 5672 2536 5728 sicut
2558 5673 2791 5728 mulieres
2814 5671 3052 5727 dixerunt
3082 5688 3103 5728 :
3125 5675 3267 5745 quod
3294 5681 3349 5731 et
3375 5673 3490 5748 ipse
3515 5677 3789 5748 recapitu.

2267 5810 2286 5843 ί
2312 5816 2361 5860 lu
2386 5810 2518 5872 prius
2540 5810 2750 5872 excusis,
2776 5824 2869 5861 non
2892 5808 3187 5861 uniersorum.
3212 5817 3267 5863 At
3288 5812 3337 5861 ω
3357 5811 3607 5865 Gallicanis
3622 5822 3674 5867 et
3695 5812 3788 5866 Va-

2203 5874 2375 5924 ticanis
2388 5871 2524 5935 im,
2542 5883 2636 5925 non
2654 5871 2873 5926 viderunt
2899 5885 2915 5924 :
2938 5872 3133 5927 favente
3155 5886 3334 5939 graeco.
3357 5872 3455 5929 ouk,
3471 5874 3639 5932 viden.
