4076 6464
472 429 616 495 1207

474 561 755 622 regressos
793 561 916 606 esse
956 543 1288 612 Jerusalem,
1318 551 1374 598 et.
1414 539 1682 598 invenisse
1717 540 2069 606 congregatos

475 641 750 711 undecim,
782 649 838 698 et
865 655 958 696 eos
996 637 1086 710 qui
1126 651 1248 693 cum
1285 635 1414 706 ipsis
1457 641 1631 698 erant,
1659 631 1898 687 dicentes
1926 625 2070 698 quod

475 734 714 792 surrexit
744 732 998 789 Dominus
1025 745 1182 794 vere,
1212 737 1266 784 et
1308 725 1553 799 apparuit
1591 723 1796 783 Simoni
1821 741 1835 788 ;
1864 731 1920 779 et
1945 731 2072 777 tunc

477 828 642 886 etiam
668 826 814 898 ipsos
843 837 1088 880 narrasse
1130 837 1248 892 qum
1275 829 1423 893 gesta
1453 826 1608 876 erant
1636 819 1688 873 in
1718 818 1826 884 via,
1857 825 1912 873 et
1937 829 2070 888 quo-
2090 845 2108 861 ο

475 919 641 976 modo
669 933 791 974 eum
825 918 1172 988 cognoverint
1205 915 1262 971 in
1301 915 1558 971 lractioue
1597 912 1766 984 panis.
1805 910 1922 967 Jam
1944 924 2070 980 ergo

477 1017 598 1065 erat
621 1008 757 1064 fama
783 1008 924 1078 quod
951 1016 1315 1063 resurrexerat
1332 1007 1510 1072 Jesus,
1537 1005 1605 1062 ab
1631 1005 1732 1060 illis
1759 1002 2070 1059 mulieribus

477 1098 649 1168 facta,
677 1111 732 1156 et
771 1116 802 1155 a
835 1099 1055 1156 Simone
1093 1101 1286 1168 Petro,
1314 1100 1400 1156 cui
1435 1099 1547 1170 jam
1587 1103 1943 1168 apparuerat:
1967 1095 2071 1152 hoc

475 1192 621 1248 enim
650 1191 738 1248 isti
777 1192 884 1247 duo
927 1194 1245 1250 invenerunt
1273 1193 1552 1263 loquentes
1576 1190 1642 1246 ad
1672 1204 1807 1261 quos
1832 1190 1885 1245 in
1911 1188 2068 1245 Jeru-

474 1284 644 1342 Salem
675 1295 955 1342 venerunt.
997 1285 1138 1342 Fieri
1183 1287 1360 1358 itaque
1399 1293 1574 1358 potest
1611 1293 1667 1339 ut
1697 1283 1888 1340 timore
1925 1283 2072 1352 prius

471 1375 529 1434 in
571 1377 656 1432 via
691 1378 962 1434 noluerint
994 1378 1174 1435 dicere
1217 1376 1361 1451 quod
1404 1393 1524 1434 eum
1567 1375 1844 1431 audierant
1888 1387 2072 1430 resur-

470 1467 682 1524 rexisse
701 1510 714 1536 ,
746 1470 958 1539 quando
1003 1469 1372 1526 tantummodo
1398 1469 1617 1541 angelos
1644 1467 1897 1524 dixerunt
1928 1465 2072 1520 visos

473 1574 596 1616 esse
621 1561 932 1617 mulieribus
957 1580 968 1616 :
995 1565 1298 1634 ignorantes
1326 1562 1471 1618 enim
1501 1576 1622 1617 cum
1648 1574 1756 1632 quo
1784 1559 2070 1630 loqueren-

471 1661 583 1718 tur,
615 1654 806 1708 merito
839 1665 1054 1725 possent
1087 1670 1207 1711 esse
1249 1653 1460 1710 solliciti
1504 1668 1573 1709 ne
1613 1651 1739 1722 quid
1770 1651 1965 1722 passim
2003 1648 2073 1706 de

473 1747 674 1804 Christi
701 1749 1094 1804 resurrectione
1131 1749 1392 1816 jactantes
1442 1747 1495 1800 in
1539 1760 1729 1800 manus
1773 1742 2073 1799 inciderent

473 1839 803 1897 Judazorum.
843 1839 994 1907 Quod
1030 1848 1208 1895 autem
1248 1841 1322 1894 ait
1350 1839 1592 1902 Marcus,
1634 1821 2072 1892 Aununtiaverunt

473 1934 687 1998 caeteris,
719 1950 808 1986 nec
833 1932 936 1986 illis
974 1933 1292 1987 crediderunt
1317 1949 1338 1998 ;
1362 1947 1484 1986 cum
1512 1930 1684 1986 Lucas
1723 1929 1901 1994 dicat,
1927 1928 2071 1999 quod

470 2023 582 2094 jam
611 2025 734 2080 inde
777 2025 1127 2094 loquebantur
1153 2039 1278 2091 vere
1304 2023 1663 2079 resurrexisse
1691 2022 1991 2087 Dominum,
2017 2029 2073 2076 et

473 2113 683 2174 Simoni
708 2117 1016 2188 apparuisse
1045 2135 1059 2172 :
1086 2117 1213 2188 quid
1248 2115 1650 2188 intelligendum
1688 2123 1803 2182 est,
1831 2115 1934 2170 nisi
1973 2113 2074 2169 ali-

475 2222 616 2278 quos
638 2207 710 2263 ibi
755 2208 917 2264 fuisse
940 2210 1030 2280 qui
1065 2209 1167 2265 hoc
1207 2210 1414 2265 nollent
1451 2207 1716 2264 credere?
1750 2206 1848 2263 Cui
1892 2215 2072 2262 autem

475 2313 588 2352 non
603 2300 806 2355 eluceat
822 2300 1230 2368 praetermisisse
1240 2301 1471 2355 Marcum
1483 2314 1600 2370 qua:
1617 2299 1789 2354 Lucas
1805 2297 2073 2354 narrando

473 2393 782 2463 explicavit,
814 2393 915 2448 hoc
938 2404 1041 2458 est,
1075 2410 1194 2465 quae
1223 2409 1344 2450 cum
1371 2393 1474 2448 illis
1502 2382 1710 2447 locutus
1731 2392 1892 2446 fuerit
1916 2389 2074 2447 Jesus

474 2494 762 2555 antequam
795 2495 1144 2556 agnoscerent
1171 2501 1317 2550 eum,
1349 2496 1404 2542 et
1429 2485 1696 2556 quomodo
1725 2499 1848 2540 eum
1878 2485 1934 2540 in
1962 2482 2072 2538 fra-

474 2575 658 2631 ctione
682 2575 835 2646 panis
861 2575 1215 2646 agnoverint?
1235 2574 1676 2645 Quandoquidem
1709 2589 1833 2629 mox
1865 2582 1922 2630 ut
1940 2573 2074 2630 dixit

474 2665 556 2722 eis
584 2667 894 2737 apparuisse
936 2667 988 2722 in
1018 2668 1120 2723 alia
1149 2666 1328 2737 efﬁgie
1353 2666 1602 2722 euntibus
1637 2666 1690 2721 in
1717 2666 1914 2732 villam,
1943 2681 2074 2723 con-

475 2760 628 2815 tinuo
655 2761 949 2830 conjunxit,
980 2759 1051 2814 Et
1080 2761 1158 2815 illi
1185 2769 1354 2815 euntes
1380 2761 1732 2816 nuntiaverunt
1754 2761 1966 2830 caneris,
1983 2777 2074 2816 nec

475 2854 581 2908 illis
633 2854 1000 2909 crediderunt:
1024 2853 1176 2924 quasi
1216 2860 1433 2924 possent
1475 2855 1721 2908 nuntiare
1761 2869 1917 2924 quem
1964 2871 2071 2910 non

475 2957 803 3017 agnoverant
829 2965 842 3012 ;
869 2958 961 3002 aut
991 2957 1209 3018 possent
1245 2964 1558 3020 agnoscere,
1589 2949 1782 3020 quibus
1823 2951 1928 3006 alia
1957 2950 2073 3006 elli-

473 3039 592 3108 gies
615 3038 731 3108 ejus
759 3050 1096 3108 apparuerat.
1127 3039 1406 3108 Quomodo
1433 3057 1561 3112 ergo
1589 3055 1716 3096 eum
1736 3044 2069 3113 agnoverint,

477 3139 538 3184 ut
566 3131 813 3186 nuntiare
846 3143 1088 3202 possent,
1117 3134 1325 3188 Marcus
1353 3133 1471 3191 sine
1511 3134 1672 3191 dubio
1709 3137 2068 3206 prmtermisit.

475 3221 635 3290 Quod
663 3223 782 3278 ideo
799 3225 1070 3280 meritoria:
1087 3226 1570 3283 commendandum
1595 3238 1696 3294 est,
1716 3238 1774 3284 ut
1796 3243 2074 3285 assuesca-

476 3331 600 3372 mus
623 3317 900 3374 advertere
929 3318 1386 3390 Evangelistarum
1415 3335 1620 3377 morem
1649 3322 1720 3376 ita
1758 3324 2075 3390 praetermit-

478 3408 704 3464 tentium
749 3425 868 3479 qua:
910 3427 1018 3466 non
1065 3422 1518 3479 commemorant,
1550 3421 1605 3488 et
1637 3413 2073 3484 conjungentium

477 3514 599 3570 quae
621 3512 1062 3568 commemorant,
1082 3511 1139 3557 ut
1167 3518 1246 3560 eis
1269 3504 1358 3573 qui
1383 3518 1536 3558 usum
1559 3504 1613 3559 in
1639 3504 1740 3559 hac
1765 3505 2073 3561 considera-

478 3591 626 3647 tione
651 3606 757 3646 non
788 3592 1005 3663 habent,
1037 3610 1142 3650 non
1165 3595 1380 3652 aliunde
1407 3596 1639 3651 maxime
1666 3611 1817 3653 error
1844 3597 2071 3664 oriatur,

479 3699 586 3754 quo
608 3694 794 3755 putent
821 3701 914 3742 eos
929 3702 1036 3742 non
1060 3687 1160 3742 sibi
1186 3703 1506 3759 congruere.

553 3778 642 3833 74.
683 3776 857 3832 Lucas
884 3794 1011 3850 ergo
1040 3779 1302 3849 sequitur,
1333 3789 1388 3834 et
1410 3780 1538 3835 dicit
1566 3796 1580 3832 :
1617 3796 1638 3831 ι
1659 3780 1797 3836 Dum
1839 3779 1956 3837 haec
1980 3797 2075 3837 au-

485 3881 592 3923 tem
619 3871 920 3940 loquuntur,
953 3871 1106 3926 Jesus
1147 3872 1295 3926 stetit
1337 3872 1390 3926 in
1429 3871 1606 3926 medio
1631 3886 1837 3939 eorum,
1867 3882 1922 3928 et
1949 3873 2077 3929 dicit

481 3960 597 4017 eis:
625 3959 736 4015 Pax
759 3962 948 4027 vobis;
990 3978 1090 4031 ego
1133 3976 1284 4021 sum.
1321 3962 1484 4016 nolite
1515 3963 1720 4019 timere.
1763 3963 2076 4021 Conturbati

481 4062 614 4106 vero
641 4061 696 4105 et
719 4053 993 4108 conterriti
1019 4053 1394 4107 existimabant
1420 4067 1480 4108 se
1499 4053 1746 4123 spiritum
1771 4055 1975 4112 videre.
2008 4057 2078 4114 Et

482 4143 618 4200 dixit
641 4145 720 4202 eis
744 4161 758 4198 :
779 4144 915 4212 Quid
945 4145 1140 4200 turbati
1167 4154 1317 4210 esus,
1340 4154 1395 4200 et
1415 4145 1764 4216 cogitationes
1783 4149 2078 4208 ascendunt

481 4237 539 4293 in
575 4236 737 4294 corda
761 4247 937 4292 vestra
963 4237 987 4291 ?
1028 4235 1216 4292 Videte
1243 4252 1432 4292 manus
1458 4253 1605 4294 meas
1629 4248 1682 4295 et
1711 4241 1876 4312 pedes
1903 4257 2071 4308 meos,

483 4328 609 4398 quia
636 4329 752 4401 ipse
778 4343 879 4402 ego
916 4345 1033 4384 sum
1066 4345 1080 4383 :
1112 4329 1354 4400 palpate,
1382 4341 1437 4388 et
1461 4331 1666 4399 videte,
1697 4334 1820 4404 quia
1861 4336 2077 4405 spiritus

473 4437 699 4481 carnum
739 4432 793 4479 et
823 4435 944 4477 ossa
981 4437 1094 4477 non
1129 4421 1310 4488 habet,
1343 4423 1478 4478 sicut
1506 4439 1592 4480 me
1627 4425 1818 4482 videtis
1858 4426 2074 4484 habere.

481 4514 555 4572 Et
581 4529 702 4571 cum
739 4513 841 4569 hoc
869 4513 1124 4580 dixisset,
1155 4515 1388 4570 ostendit
1413 4516 1492 4572 eis
1533 4531 1721 4572 manus
1749 4525 1804 4573 et
1845 4518 2026 4588 pedes.
2051 4539 2071 4572 ι

485 4605 637 4662 Hanc
664 4606 1028 4661 ostensionem
1060 4606 1271 4661 Domini
1299 4614 1420 4676 post
1447 4608 1893 4666 resurrectionem
1919 4609 2080 4666 intel—

485 4695 669 4767 ligitur
693 4705 749 4750 et
775 4695 1006 4751 Joannes
1027 4711 1470 4765 commemorare,
1499 4699 1577 4754 sic
1605 4699 1872 4771 loquens:
1901 4718 1920 4754 ι
1945 4701 2076 4758 Cum

486 4795 639 4845 esset
661 4803 786 4859 ergo
813 4803 934 4844 sero
976 4787 1066 4845 die
1092 4789 1180 4844 illo
1207 4805 1312 4844 una
1340 4791 1716 4861 sabbatorum,
1736 4803 1792 4850 et
1819 4792 1961 4852 iores
1985 4810 2078 4852 ess

481 4887 608 4936 sent
629 4878 824 4934 clausa:
851 4879 939 4934 ubi
960 4891 1114 4936 erant
1132 4878 1375 4952 discipuli
1396 4886 1700 4954 congregati
1725 4895 1942 4955 propter
1959 4902 2078 4943 me-

482 4982 599 5029 tum
618 4970 946 5042 Judzeorum,
977 4974 1123 5030 venit
1141 4974 1315 5040 Jesus,
1342 4985 1396 5029 et
1416 4975 1564 5031 stetit
1584 4976 1636 5030 in
1658 4977 1854 5045 medio,
1877 4988 1932 5034 et
1949 4979 2080 5037 dicit

481 5066 562 5123 eis
597 5083 610 5120 :
641 5065 755 5123 Pax
776 5065 946 5122 vobis.
971 5067 1042 5122 Et
1059 5066 1162 5123 hoc
1187 5081 1308 5123 cum
1339 5066 1581 5132 dixisset,
1604 5069 1838 5125 ostendit
1861 5071 1940 5127 eis
1965 5088 2080 5128 ma-

481 5176 587 5217 nus
624 5170 681 5217 et
707 5161 863 5217 latus.
892 5180 910 5214 ›
958 5163 1035 5216 Ac
1062 5177 1158 5231 per
1188 5161 1290 5216 hoc
1314 5159 1397 5216 his
1417 5161 1594 5217 verbis
1613 5161 1834 5221 Joannis
1855 5177 2080 5236 possunt

481 5254 734 5326 conjungi
779 5268 841 5310 ea
872 5269 992 5324 quas
1035 5252 1208 5308 Lucas
1251 5252 1415 5320 dicit,
1443 5253 1583 5309 idem
1625 5265 1804 5312 autem
1841 5256 2078 5317 Joannes

482 5345 861 5416 praetermittit.
902 5343 976 5398 Ita
1018 5344 1161 5401 enim
1190 5342 1361 5400 Lucas
1388 5345 1671 5415 sequitur:
1710 5364 1728 5399 ‹
1767 5347 1956 5406 Adhuc
1983 5365 2079 5406 au-

481 5448 592 5496 tem
623 5437 728 5494 illis
755 5453 861 5492 non
891 5436 1265 5501 credentibus,
1295 5443 1351 5491 et
1374 5436 1688 5494 mirantibus
1715 5454 1825 5509 pra:
1857 5441 2073 5512 gaudio,

480 5529 653 5589 dixit:
680 5527 900 5585 Habetis
944 5527 1031 5583 hic
1056 5526 1255 5598 aliquid
1293 5527 1436 5600 quod
1465 5529 1854 5587 manducetur?
1892 5533 1964 5588 At
1999 5532 2078 5589 illi

481 5621 793 5678 obtulerunt
817 5620 866 5675 ei
896 5629 1099 5690 partem
1131 5620 1292 5691 piscis
1325 5620 1433 5676 assi
1459 5630 1515 5678 et
1552 5621 1728 5678 favum
1775 5624 1969 5680 mellis.
2011 5625 2078 5682 Et

481 5730 605 5772 cum
630 5713 1009 5772 manducasset
1035 5729 1216 5771 coram
1255 5715 1356 5781 eis,
1385 5729 1602 5772 sumens
1640 5718 1890 5790 reliquias
1929 5719 2076 5778 dedit

479 5808 581 5868 eis.
606 5828 627 5863 ι
661 5809 768 5868 His
795 5810 924 5867 item
954 5811 1128 5893 verbis
1164 5821 1386 5883 possunt
1409 5812 1624 5886 adjungi
1653 5829 1771 5885 qua:
1799 5814 1972 5872 Lucas
1999 5826 2078 5874 ta-

475 5909 589 5974 eet,
613 5902 746 5962 dicit
768 5914 947 5962 autem
973 5905 1246 5964 Joannes:
1274 5924 1293 5962 ι
1311 5904 1492 5965 Gavisi
1519 5916 1645 5966 sunt
1669 5924 1797 5982 ergo
1825 5909 2073 5985 discipuli

1319 425 1407 482 DE
1443 417 1796 481 CONSENSU
1833 412 2486 491 EVANGELISTARUM,
2526 420 2586 480 S.
2627 417 2996 480 AUGUSTINI

3629 423 3768 482 £209.

2177 533 2292 590 viso
2318 535 2565 592 Domino.
2598 537 2740 593 Dixit
2761 552 2889 611 ergo
2916 539 2995 594 eis
3019 538 3215 596 iterum
3244 557 3258 596 :
3283 539 3393 596 Pax
3422 539 3610 608 vobis;
3634 554 3772 600 srcut

2176 628 2322 685 misit
2363 645 2448 686 me
2477 631 2634 688 Pater
2672 641 2726 688 et
2754 646 2853 704 ego
2883 633 3036 688 mitto
3061 647 3177 689 vos.
3219 633 3333 689 lloc
3358 649 3480 690 cum
3522 634 3770 703 dixisset,

2177 720 2485 790 insul'llavit,
2514 732 2571 780 et
2596 723 2729 779 dixit
2768 724 2885 779 eis:
2912 724 3152 794 Accipite
3193 724 3446 796 Spiritum
3483 736 3769 782 sanctum:

2176 830 2402 886 quorum
2430 817 2744 875 remiseritis
2771 827 2984 888 peccata
3001 861 3017 886 ,
3046 820 3391 876 remittuntur
3418 820 3497 876 eis
3515 861 3531 888 ,
3559 829 3616 877 et
3639 836 3771 892 quo-

2177 921 2299 962 rum
2318 906 2670 973 detinueritis,
2697 908 2910 966 detenta
2937 918 3079 966 sunt.
3114 929 3134 963 ι
3180 910 3273 966 llis
3308 927 3491 968 rursus
3518 912 3771 985 adjunga-

2176 1015 2296 1056 mus
2320 1017 2437 1072 qua:
2464 1001 2699 1059 Joannes
2735 1003 3077 1074 praetermisit
3095 1047 3109 1070 ,
3138 1003 3310 1061 Lucas
3343 1017 3729 1062 commemorat
3753 1025 3768 1062 :

2185 1091 2282 1147 «Et
2309 1091 2439 1149 dixit
2467 1093 2540 1150 ad
2561 1109 2688 1150 eos:
2709 1094 2834 1152 Haac
2863 1105 2986 1151 sunt
3010 1096 3170 1152 verba
3191 1114 3308 1168 qua:
3332 1098 3540 1154 locutus
3565 1115 3685 1156 sum
3704 1103 3772 1158 ad

2177 1197 2292 1249 vos,
2312 1198 2434 1240 cum
2461 1184 2635 1242 adhuc
2657 1201 2832 1242 essem
2855 1187 3148 1253 vobiscum,
3173 1190 3423 1260 quoniam
3447 1206 3671 1248 necesse
3688 1200 3774 1248 est

2179 1274 2388 1346 impleri
2414 1277 2592 1332 omnia
2617 1293 2735 1348 qua:
2763 1278 2959 1350 scripta
2988 1288 3110 1335 sunt
3130 1279 3186 1335 in
3211 1278 3354 1352 Lege
3371 1281 3538 1354 Moysi
3565 1291 3621 1338 ct
3640 1283 3772 1340 Pro-

2177 1367 2353 1438 phetis
2377 1378 2432 1426 et
2449 1370 2673 1426 Psalmis
2698 1371 2764 1427 de
2793 1387 2900 1428 me.
2928 1372 3079 1429 Tunc
3091 1375 3300 1445 aperuit
3321 1375 3426 1431 illis
3446 1390 3688 1446 sensum,
3714 1387 3775 1433 ut

2177 1461 2535 1534 intelligerent
2551 1462 2872 1534 Scripturas,
2894 1475 2948 1522 et
2967 1466 3101 1521 dixit
3119 1467 3198 1523 eis
3216 1483 3231 1521 :
3249 1466 3512 1536 Quoniam
3537 1469 3618 1526 sic
3640 1469 3776 1526 scri-

2178 1564 2325 1626 ptum
2346 1565 2449 1624 est,
2473 1565 2528 1612 et
2551 1556 2630 1613 sic
2659 1559 2936 1628 oportebat
2955 1556 3227 1614 Christum
3252 1563 3384 1628 pati,
3408 1569 3463 1615 et
3489 1575 3774 1631 resurgere

2175 1663 2208 1704 a
2233 1651 2458 1706 mortuis
2483 1650 2570 1708 die
2598 1651 2751 1734 tertia
2773 1669 2788 1718 ;
2812 1660 2862 1706 ct
2893 1653 3168 1722 praedicari
3194 1653 3247 1707 in
3277 1653 3492 1709 nomine
3518 1654 3638 1725 ejus
3659 1670 3776 1726 pte-

2177 1743 2454 1800 nitentiam
2481 1754 2536 1799 et
2560 1745 2927 1801 remissionem
2971 1753 3309 1816 peccatorum
3339 1746 3391 1800 in
3420 1734 3610 1803 omnes
3637 1762 3776 1820 gen-

2177 1845 2280 1905 tes,
2300 1838 2672 1908 incipientibus
2700 1838 2768 1896 ab
2791 1838 3088 1895 Jerusalem
3108 1858 3120 1894 :
3140 1854 3237 1894 vos
3259 1848 3437 1895 autem
3457 1842 3588 1897 estis
3611 1850 3785 1898 testes

2175 1928 2386 1986 horum.
2407 1929 2476 1985 Et
2490 1945 2590 2002 ego
2608 1929 2762 1986 mitto
2780 1930 2796 1961 ³
2815 1930 3136 2000 promissum
3149 1929 3323 1988 Patris
3337 1930 3442 1984 mei
3464 1931 3517 1986 in
3535 1945 3658 1986 vos:
3678 1947 3778 1988 vos

2177 2032 2354 2079 autem
2383 2023 2565 2078 sedete
2594 2023 2645 2076 in
2668 2021 2887 2078 civitate
2911 2021 3255 2092 quoadusque
3287 2020 3581 2077 induamini
3609 2023 3780 2078 virtu-

2178 2121 2286 2171 tem
2308 2130 2375 2170 ex
2403 2114 2534 2170 alto.
2568 2131 2586 2165 ι
2631 2113 2772 2170 Ecce
2798 2112 3065 2182 quomodo
3103 2112 3547 2169 commemoravit
3582 2123 3639 2170 et
3663 2113 3778 2169 Lu-

2175 2219 2267 2261 cas
2289 2205 2696 2275 promissionem
2711 2204 2937 2275 Spiritus
2952 2204 3140 2271 sancti,
3160 2220 3319 2275 quam
3342 2219 3450 2261 non
3466 2205 3778 2262 invenimus

2175 2315 2207 2355 a
2236 2300 2462 2356 Domino
2481 2299 2696 2366 factam,
2719 2298 2823 2354 nisi
2847 2299 2902 2354 in
2922 2298 3212 2370 Evangelio
3225 2297 3447 2354 Joannis
3463 2298 3643 2370 (Jaan.
3660 2316 3777 2367 xw,

2175 2391 2269 2461 26,
2295 2403 2340 2448 et
2364 2407 2454 2458 xv,
2480 2389 2595 2466 26).
2635 2390 2788 2458 Quod
2829 2405 2934 2446 non
2965 2398 3352 2463 praetereuntcr
3386 2391 3778 2449 advertendum

2177 2495 2292 2554 est,
2319 2492 2376 2540 ut
2399 2485 2804 2542 meminerimus
2823 2483 3274 2555 quemadmodum
3301 2485 3405 2542 sibi
3418 2485 3779 2556 Evangelistze

2177 2577 2406 2634 invicem
2433 2584 2753 2634 attestantur
2779 2575 2850 2634 de
2879 2576 3196 2648 quibusdam
3217 2577 3378 2633 etiam
3400 2593 3522 2648 qua:
3546 2578 3645 2648 ipsi
3665 2593 3778 2634 non

2175 2669 2380 2737 dicunt,
2401 2676 2460 2726 et
2484 2678 2660 2724 tamen
2689 2667 2831 2724 dicta
2857 2677 3138 2724 noverunt.
3163 2667 3293 2724 Post
3319 2668 3436 2724 haec
3459 2668 3634 2725 Lucas
3653 2685 3779 2742 quae

2175 2771 2326 2835 gesta
2344 2771 2467 2818 sunt
2487 2764 2663 2816 omnia
2687 2761 3063 2831 praztermittit,
3084 2775 3183 2818 nec
3206 2761 3426 2817 omnino
3445 2775 3782 2819 commemo-

2177 2863 2295 2920 rat,
2323 2854 2424 2909 nisi
2457 2853 2670 2924 quando
2696 2852 2854 2909 Jesus
2894 2851 3138 2910 ascendit
3176 2853 3232 2908 in
3267 2854 3499 2910 cadum:
3529 2863 3692 2926 atque
3718 2855 3778 2912 id

2176 2952 2355 3002 tamen
2380 2945 2451 3000 ita
2473 2944 2745 3014 conjungit
2765 2944 2918 3014 quasi
2936 2945 3037 2999 hoc
3052 2955 3305 3016 sequatur
3331 2944 3447 3002 haec
3469 2945 3632 3003 verba
3653 2962 3777 3018 quas

2177 3037 2330 3102 dixit,
2357 3051 2480 3092 cum
2510 3035 2611 3090 hoc
2633 3043 2839 3106 gestum
2879 3035 2951 3090 sit
2988 3049 3091 3088 una
3129 3034 3508 3102 sabbatorum,
3537 3051 3645 3107 quo
3684 3036 3778 3095 die

2177 3127 2436 3183 Dominus
2465 3125 2795 3192 resurrexit;
2830 3125 2958 3180 illud
3001 3134 3177 3180 autem
3220 3127 3629 3198 quadragesimo
3661 3127 3773 3198 die,

2177 3220 2315 3275 sicut
2345 3219 2485 3276 idem
2515 3219 2630 3290 ipse
2657 3217 2830 3274 Lucas
2855 3218 2909 3274 in
2934 3218 3310 3289 Apostolorum
3345 3221 3568 3277 Actibus
3593 3230 3777 3279 narrat

2179 3313 2313 3385 (Act.
2339 3329 2386 3380 ι,
2403 3312 2552 3383 2-9).
2593 3310 2745 3379 Quod
2766 3319 2942 3368 autem
2968 3312 3097 3368 dicit
3118 3313 3372 3382 Joannes,
3395 3330 3504 3371 non
3525 3332 3648 3372 cum
3668 3317 3776 3373 illis

2178 3405 2344 3462 fuisse
2359 3413 2484 3461 tunc
2503 3405 2800 3474 apostolum
2817 3405 3099 3468 Thomam,
3120 3421 3242 3460 cum
3263 3406 3556 3462 secundum
3573 3408 3775 3464 Lucam

2179 3496 2284 3552 duo
2313 3495 2410 3562 illi,
2437 3509 2662 3566 quorum
2689 3503 2807 3550 erat
2831 3511 2970 3551 unus
2990 3495 3275 3566 Cleophas,
3299 3499 3528 3568 regressi
3551 3498 3777 3556 Jerusa-

2146 3586 2151 3592 ’
2179 3591 2307 3658 lem,
2335 3590 2638 3646 invenerint
2661 3599 3011 3660 congregatos
3038 3589 3304 3659 undecim,
3320 3599 3375 3646 et
3399 3606 3492 3647 eos
3520 3592 3611 3662 qui
3649 3607 3776 3648 cum

2183 3682 2317 3751 ipsis
2341 3690 2534 3748 erant;
2567 3679 2758 3750 procul
2774 3679 2938 3736 dubio
2964 3680 3363 3752 intelligendum
3382 3684 3620 3754 estquod
3648 3683 3778 3742 inde

2179 3775 2416 3832 Thomas
2447 3775 2658 3841 exierit,
2687 3781 2972 3845 antequam
2999 3775 3079 3831 eis
3102 3775 3360 3832 Dominus
3400 3777 3514 3832 haec
3552 3777 3778 3850 loquen-

2181 3866 2323 3922 tibus
2349 3873 2649 3935 appareret.

2251 3961 2340 4016 75.
2380 3959 2515 4014 Hinc
2539 3957 2649 4028 jam
2675 3956 2908 4014 Joannes
2943 3957 3101 4013 aliam
3132 3967 3519 4016 commemorat
3555 3959 3640 4016 sui
3679 3961 3776 4016 de-

2181 4052 2624 4110 monstrationem
2650 4067 2680 4106 a
2705 4051 2933 4108 Domino
2954 4051 3231 4122 discipulis
3271 4051 3468 4109 factam
3498 4062 3619 4124 post
3658 4053 3777 4112 dies

2179 4156 2320 4214 octo,
2350 4147 2440 4202 ubi
2467 4155 2584 4202 erat
2606 4155 2661 4202 et
2679 4145 2917 4202 Thomas
2943 4147 3034 4217 qui
3059 4146 3208 4218 prius
3243 4161 3364 4202 eum
3401 4161 3507 4202 non
3544 4145 3775 4203 viderat.

2187 4259 2205 4292 ι
2233 4240 2301 4295 Et
2324 4249 2446 4311 post
2469 4239 2584 4296 dies
2613 4247 2756 4304 octo,
2795 4257 2817 4292 ι
2863 4240 3050 4310 inquit,
3080 4257 3099 4292 ι
3138 4240 3329 4296 iterum
3355 4251 3504 4296 erant
3530 4241 3778 4312 discipuli

2181 4332 2298 4400 ejus
2313 4331 2476 4398 intus,
2500 4329 2801 4386 etThomas
2824 4345 2944 4386 cum
2965 4331 3044 4387 eis
3067 4348 3080 4385 :
3103 4332 3250 4388 venit
3264 4330 3420 4388 Jesus
3435 4331 3616 4402 januis
3631 4331 3778 4388 clau-

2181 4427 2277 4495 sis,
2307 4436 2362 4482 et
2395 4425 2543 4482 stetit
2585 4426 2637 4480 in
2683 4424 2884 4493 medio,
2925 4434 2979 4481 et
3014 4423 3148 4482 dixit
3179 4442 3192 4479 :
3219 4425 3330 4482 Pax
3358 4426 3530 4482 vobis.
3571 4426 3778 4484 Deinde

2181 4517 2311 4573 dicit
2335 4517 2555 4572 Thomas
2583 4535 2597 4575 :
2622 4516 2762 4572 lnler
2785 4515 3009 4588 digitum
3037 4525 3187 4573 tuum
3208 4516 3333 4586 huc,
3361 4526 3414 4574 et
3438 4517 3558 4574 vide
3584 4533 3778 4575 manus

2183 4624 2351 4678 meas,
2387 4619 2442 4666 et
2461 4608 2594 4666 alfer
2621 4624 2836 4664 manum
2864 4619 3029 4678 tuam,
3057 4619 3110 4666 et
3132 4609 3283 4667 mitte
3309 4609 3361 4664 in
3400 4610 3538 4666 latus
3571 4626 3774 4680 meum,

2183 4709 2238 4756 et
2265 4699 2375 4756 noli
2404 4714 2524 4756 esse
2553 4698 2878 4764 incredulus,
2894 4699 2988 4756 sed
3013 4699 3206 4756 ﬁdelis.
3230 4699 3776 4771 ResponditThomas

2183 4803 2240 4851 et
2266 4793 2400 4850 dixit
2422 4793 2472 4849 ei
2499 4809 2514 4847 :
2543 4793 2800 4848 Dominus
2825 4807 2980 4850 meus
3007 4803 3060 4849 et
3087 4793 3226 4849 Deus
3250 4808 3421 4849 meus.
3453 4793 3591 4850 Dicit
3609 4793 3660 4849 ei
3681 4792 3777 4850 Je-

2183 4902 2276 4944 sus
2308 4905 2322 4942 :
2349 4885 2484 4955 Quia
2509 4885 2691 4942 vidisti
2717 4901 2823 4950 me,
2852 4885 3125 4946 credidisti
3153 4905 3166 4942 :
3190 4887 3328 4942 beati
3359 4887 3450 4957 qui
3478 4902 3584 4942 non
3623 4887 3776 4943 vide-

2182 4990 2328 5048 runt,
2344 4988 2399 5036 et
2412 4977 2768 5034 crediderunt.
2781 4977 2958 5034 illanc
2977 4977 3264 5034 secundam
3286 4978 3495 5033 Domini
3518 4979 3778 5035 visionem

2182 5088 2307 5144 erga
2321 5071 2608 5142 discipulos
2632 5070 2846 5137 factam,
2862 5070 2914 5126 id
2935 5080 3018 5127 est
3035 5085 3194 5142 quam
3221 5070 3458 5126 secundo
3479 5071 3596 5126 loco
3611 5070 3780 5128 Joan-

2182 5183 2280 5224 nes
2304 5173 2709 5233 commemorat,
2729 5163 2870 5235 apud
2891 5163 3123 5220 Marcum
3159 5177 3436 5233 possemus
3461 5177 3777 5234 agnoscere,

2181 5259 2416 5317 breviter
2437 5273 2556 5314 eam
2582 5257 2738 5313 sicuti
2757 5255 2956 5314 assolet
2971 5255 3435 5326 perstringentem,
3457 5255 3559 5310 nisi
3589 5269 3780 5310 move-

2181 5361 2265 5410 ret
2291 5349 2433 5423 quod
2459 5351 2532 5407 ibi
2560 5349 2655 5418 ait,
2681 5348 2966 5405 Novissime
2990 5347 3388 5403 recumbsulibus
3413 5345 3518 5402 illis
3545 5346 3782 5402 undecim

2181 5447 2463 5519 apparuit:
2489 5461 2595 5502 nou
2626 5443 2748 5500 ideo
2777 5443 2896 5514 quia
2927 5441 3163 5499 Joannes
3189 5442 3354 5498 tacuit
3380 5439 3777 5505 recumbentes,

2181 5541 2354 5612 potuit
2388 5538 2532 5596 enim
2571 5535 2674 5594 hoc
2701 5535 3147 5608 praetermittere;
3181 5533 3276 5591 sed
3303 5534 3426 5606 quia
3465 5533 3567 5589 iste
3601 5531 3777 5601 dixit,

2185 5631 2490 5698 Novissime,
2519 5629 2669 5701 quasi
2712 5627 2850 5683 ultra
2880 5626 2992 5698 jam
3030 5640 3138 5682 non
3167 5624 3247 5682 eis
3283 5623 3623 5696 apparuerit;
3655 5637 3780 5678 cum

2181 5722 2359 5781 adhuc
2387 5721 2620 5778 Joannes
2637 5721 2845 5776 tertiam
2876 5723 2946 5776 sit
2971 5719 3086 5790 ejus
3105 5725 3419 5774 narraturus
3442 5715 3780 5773 demonstra-

2247 5861 2266 5892 ‘
2291 5860 2364 5908 Sic
2384 5857 2668 5926 IIS-juxta
2699 5852 3132 5920 gmc.,apostello.
3174 5859 3230 5903 At
3253 5851 3374 5904 editi
3409 5851 3596 5903 habent
3616 5847 3782 5903 fnum
3837 5851 3852 5882 ξ

2185 5927 2426 5983 tenipore,
2449 5924 2651 5974 nimam.
