4076 6488
343 586 544 642 tionem
584 580 652 638 ad
680 593 827 636 mare
853 575 1149 636 Tiberiadis
1176 592 1189 630 :
1216 574 1411 633 deinde
1452 572 1594 647 quod
1622 573 1752 629 dicit
1780 572 1921 629 idem

341 677 571 742 Marcus,
598 671 938 744 Exprobraus
964 669 1068 725 illis
1092 660 1488 725 incredulitatem
1511 668 1736 733 illorum,
1760 674 1807 720 et
1828 665 1930 719 du-

340 772 511 827 ritiu'm
550 768 736 835 cordis,
766 766 887 836 quia
915 764 993 819 his
1035 763 1123 835 qui
1160 763 1384 818 viderant
1422 777 1535 815 eum
1575 758 1924 827 resurrexisse,

344 879 447 918 non
466 861 779 917 crediderant
804 872 823 913 :
852 858 957 912 illis
981 855 1226 911 videlicet
1253 853 1458 909 duobus
1477 893 1491 918 ,
1518 851 1710 922 quibus
1737 851 1792 906 in
1821 849 1925 904 vil-

340 955 448 1012 lam
475 953 721 1010 euntibus
745 951 1004 1023 apparuit,
1034 958 1378 1019 posteaquam
1400 946 1726 1011 resurrexit;
1756 952 1810 1001 et
1830 944 1930 1000 Pe-

340 1056 444 1113 tro,
477 1049 561 1103 cui
589 1044 834 1117 primitus
876 1058 996 1098 eum
1025 1040 1334 1111 apparuisse
1372 1038 1509 1109 apud
1538 1037 1735 1093 Lucam
1777 1036 1926 1091 inve-

339 1142 589 1212 stigatum
637 1148 745 1204 est;
779 1137 1001 1192 fortasse
1043 1144 1098 1190 et
1140 1133 1314 1188 Maria:
1343 1132 1663 1202 Magdalena:
1684 1174 1697 1197 ,
1729 1140 1783 1185 et
1809 1131 1926 1185 aliis

338 1231 653 1289 mulieribus
679 1244 797 1299 quae
823 1242 944 1283 cum
976 1226 1064 1281 illa
1094 1234 1266 1291 erant,
1292 1223 1502 1294 quando
1528 1223 1606 1279 eis
1634 1232 1687 1278 et
1716 1221 1783 1276 ad
1812 1237 1927 1276 mo-

338 1334 651 1383 numentum
675 1321 939 1393 apparuit,
964 1330 1017 1377 et
1041 1320 1162 1375 inde
1183 1318 1525 1374 redeuntibus
1547 1319 1599 1371 in
1627 1317 1817 1372 itinere
1837 1330 1925 1370 occ

248 1432 249 1435 ‘
342 1417 526 1473 currit.
566 1414 698 1470 Nam
743 1415 813 1469 ita
851 1412 1087 1469 contexit
1123 1410 1480 1466 narrationem
1526 1408 1665 1464 idem
1694 1408 1921 1473 Marcus,

336 1525 459 1567 cum
484 1515 960 1563 commemorasset
987 1506 1218 1561 breviter
1246 1504 1313 1560 de
1341 1503 1703 1569 duobus‘illis,
1731 1502 1923 1573 quibus

334 1603 578 1676 apparuit
605 1603 661 1657 in
691 1602 866 1657 villam
893 1600 1159 1666 euntibus,
1176 1599 1317 1671 quod
1334 1598 1670 1653 nuntiassent
1694 1597 1921 1664 caeteris,

334 1711 435 1752 nec
458 1695 561 1750 illis
590 1693 848 1748 creditum
876 1701 1019 1746 esset
1045 1710 1057 1745 :
1086 1690 1387 1759 Novissime,
1418 1691 1604 1760 inquit,
1629 1692 1923 1744 recumben-

333 1789 465 1844 tibus
490 1788 591 1842 illis
617 1786 850 1841 undecim
879 1787 1136 1858 apparuit,
1169 1794 1213 1840 et
1244 1784 1559 1855 exprobravit
1586 1784 1919 1838 incredulita-

332 1892 434 1937 tem
457 1898 629 1935 eorum
657 1889 703 1935 et
731 1879 969 1933 duritiam
991 1880 1176 1945 cordis,
1199 1879 1318 1948 quia
1342 1878 1419 1932 Itis
1442 1879 1525 1948 qui
1555 1878 1781 1931 viderant
1809 1895 1921 1931 eum

331 1977 661 2031 resurrexisse
688 1992 791 2029 non
819 1975 1154 2029 crediderunt.
1179 1973 1456 2041 Quomodo
1482 1990 1609 2045 ergo
1633 1974 1918 2040 novissime,

331 2068 485 2137 quasi
508 2068 617 2138 jam
641 2066 776 2121 ultra
799 2082 919 2121 cum
942 2081 1048 2120 non
1071 2066 1327 2121 viderint?
1346 2065 1701 2120 Novissimum
1723 2066 1920 2135 quippe

330 2159 465 2215 illud
490 2169 569 2215 est
591 2202 605 2227 ,
634 2174 739 2228 quo
791 2160 1071 2213 Dominum
1099 2159 1340 2227 Apostoli
1377 2159 1429 2212 in
1475 2168 1615 2213 terra
1650 2158 1918 2225 viderunt,

328 2252 543 2323 quando
569 2252 809 2309 ascendit
838 2236 895 2305 in
917 2251 1144 2317 cmlum;
1173 2249 1317 2321 quod
1346 2249 1541 2305 factum
1581 2260 1661 2306 est
1689 2251 1919 2321 quadra-

329 2345 531 2415 gesimo
546 2344 630 2398 die
646 2354 762 2414 post
777 2343 889 2414 ejus
906 2343 1369 2399 resurreCtiouem.
1385 2342 1776 2410 Numquidnam
1798 2352 1922 2399 tunc

329 2436 741 2505 exprobraturus
770 2444 883 2491 erat
910 2435 1048 2506 quod
1080 2449 1183 2489 non
1204 2434 1553 2490 credidissent
1578 2435 1655 2491 eis
1680 2436 1764 2505 qui
1798 2451 1918 2490 eum

330 2528 574 2583 viderant
601 2528 980 2593 resurrexisse,
1008 2526 1224 2597 quando
1246 2526 1356 2596 jam
1385 2535 1438 2582 et
1464 2527 1563 2597 ipsi
1594 2538 1713 2598 post
1742 2543 1921 2583 resur-

328 2623 619 2679 rectionem
649 2623 804 2677 toties
824 2637 947 2678 eum
974 2621 1233 2686 viderant,
1256 2630 1309 2676 et
1334 2620 1563 2676 maxime
1588 2622 1703 2691 ipso
1723 2622 1808 2677 die
1836 2638 1920 2677 re-

329 2715 673 2771 surrectionis
696 2715 832 2784 ejus,
857 2714 909 2769 id
931 2722 1013 2769 est
1035 2728 1135 2768 una
1157 2713 1363 2769 sabbati
1386 2714 1497 2784 jam
1518 2715 1656 2770 circa
1683 2720 1915 2782 uectem,

326 2806 465 2861 sicut
489 2806 658 2860 Lucas
685 2805 1024 2875 Joannesque
1047 2805 1503 2860 commemorant?
1530 2805 1792 2861 Remanet
1818 2807 1917 2877 igi-

326 2906 415 2953 tur
441 2906 498 2953 ut
525 2900 876 2969 intelligamus
903 2897 1149 2953 eumdem
1174 2897 1314 2952 diem
1342 2900 1749 2954 resurrectionis
1779 2902 1915 2969 ejus,

325 2989 379 3045 id
402 3000 484 3045 est
507 3007 665 3046 unam
689 2991 913 3053 sabbati,
933 2990 1144 3061 quando
1169 3006 1289 3046 eum
1322 2999 1442 3061 post
1466 2992 1757 3047 diluculum
1784 2993 1916 3049 vidit

324 3081 485 3138 Maria
507 3094 559 3139 et
586 3085 701 3138 aliae
728 3100 849 3138 cum
876 3084 967 3138 illa
996 3084 1266 3151 mulieres,
1286 3086 1498 3155 quando
1522 3087 1679 3142 etiam
1702 3087 1912 3151 Petrus,

324 3176 537 3246 quando
571 3186 624 3232 et
653 3177 727 3231 illi
756 3177 861 3232 duo
891 3192 1115 3246 quorum
1144 3191 1281 3232 unus
1310 3187 1423 3233 erat
1455 3178 1719 3248 Cleophas
1739 3219 1753 3242 ,
1783 3193 1917 3247 quos

322 3268 532 3323 videtur
546 3269 704 3324 etiam
731 3269 870 3323 idem
892 3269 1097 3323 Marcus
1117 3284 1559 3336 commemorare,
1579 3270 1790 3340 quando
1807 3271 1917 3341 jam

321 3361 470 3416 circa
510 3370 719 3415 noctem
765 3362 839 3414 illi
884 3362 1127 3417 undecim
1157 3362 1384 3432 (praeter
1409 3363 1707 3437 Thomam)
1745 3375 1797 3420 et
1824 3365 1914 3435 qui

321 3470 445 3510 cum
471 3454 549 3509 eis
572 3465 744 3521 erant,
768 3454 977 3524 quando
1005 3455 1083 3509 eis
1107 3464 1161 3511 et
1187 3455 1271 3508 isti
1298 3455 1439 3525 quod
1465 3456 1704 3512 viderant
1730 3474 1915 3514 narra-

322 3557 535 3615 verunt,
568 3564 708 3602 nunc
737 3549 896 3603 etiam
926 3549 1155 3603 Marcum
1200 3565 1350 3605 more
1378 3564 1475 3604 suo
1503 3551 1735 3606 breviter
1761 3567 1912 3607 com-

322 3654 625 3695 memorare
654 3640 883 3696 voluisse
907 3657 920 3704 ;
954 3651 1007 3694 et
1035 3640 1152 3694 ideo
1178 3641 1378 3696 dixisse
1402 3682 1417 3708 ,
1449 3641 1761 3703 Novissime.
1791 3645 1916 3714 quia

323 3731 442 3801 ipso
470 3731 555 3786 die
576 3732 674 3786 hoc
704 3731 1048 3786 novissimum
1076 3732 1187 3799 fuit,
1210 3733 1318 3801 jam
1342 3734 1625 3803 incipiente
1653 3744 1914 3791 nocturno

323 3832 595 3894 tempore,
628 3832 971 3894 posteaquam
1002 3824 1076 3877 illi
1095 3823 1160 3878 de
1190 3824 1439 3891 castello,
1466 3825 1552 3880 ubi
1577 3842 1699 3881 eum
1719 3828 1773 3882 in
1810 3827 1916 3881 fra-

323 3916 501 3970 ctionc
532 3916 681 3984 panis
707 3924 1067 3986 agnoverant,
1100 3917 1372 3971 redierunt.
1412 3918 1463 3971 in
1504 3918 1829 3985 Jerusalem,
1859 3929 1914 3975 et

323 4007 674 4072 invenerunt,
702 4008 841 4063 sicut
869 4008 996 4063 dicit
1032 4007 1201 4062 Lucas
1220 4049 1236 4077 ,
1270 4008 1387 4062 illos
1417 4009 1662 4064 undecim
1682 4052 1697 4077 ,
1726 4020 1779 4066 et
1820 4027 1914 4069 eos

323 4099 417 4169 qui
441 4113 559 4154 cum
587 4098 688 4153 illis
716 4108 883 4165 erant,
904 4099 1013 4167 jam
1038 4099 1403 4169 colloquentes
1428 4100 1495 4154 de
1523 4102 1914 4159 resurrectione

324 4192 566 4258 Domini,
594 4201 645 4247 ct
692 4192 831 4263 quod
875 4191 1020 4247 visus
1064 4190 1221 4246 fuerit
1256 4192 1414 4247 Petro
1443 4211 1455 4246 :
1488 4193 1679 4264 quibus
1719 4204 1775 4249 et
1810 4196 1913 4266 ipsi

322 4293 674 4339 narraverunt
698 4285 838 4353 quod
861 4299 915 4337 ιιι
940 4284 1020 4336 via
1047 4293 1251 4352 gestum
1277 4292 1477 4351 erat,et
1497 4286 1764 4354 quomodo
1786 4302 1909 4342 eum

320 4376 668 4445 cognoverint
697 4375 748 4428 in
777 4374 1037 4430 fractione
1072 4376 1243 4444 panis.
1284 4375 1389 4432 Sed
1429 4387 1584 4433 erant
1621 4379 1695 4434 ibi
1728 4381 1912 4451 utique

321 4484 431 4523 non
459 4468 743 4523 credentes
773 4485 785 4519 :
815 4467 957 4523 unde
986 4483 1170 4523 verum
1201 4478 1283 4523 est
1310 4469 1449 4539 quod
1491 4469 1698 4525 Marcus
1740 4472 1907 4537 dicit,

322 4561 436 4617 Nec
462 4563 563 4616 illis
593 4562 929 4616 crediderunt.
961 4562 1049 4615 llis
1068 4577 1194 4631 ergo
1216 4562 1347 4629 jam,
1374 4562 1510 4616 sicut
1531 4563 1738 4617 Marcus
1758 4564 1906 4629 dicit,

319 4655 775 4710 discumbentibus
796 4695 810 4720 ,
840 4664 894 4708 et
919 4654 1094 4707 adhuc
1120 4654 1265 4719 inde,
1296 4655 1433 4707 sicut
1463 4653 1632 4708 Lucas
1657 4654 1804 4722 dicit,
1832 4656 1912 4709 lo-

319 4743 623 4816 quentibus,
652 4745 795 4796 stetit
821 4744 871 4796 in
902 4743 1078 4796 medio
1100 4756 1281 4795 eorum
1305 4742 1579 4808 Dominus,
1605 4751 1658 4797 et
1682 4745 1755 4797 ait
1782 4745 1906 4811 illis,

319 4838 441 4894 Pax
466 4836 600 4892 vobis
619 4878 634 4904 ,
657 4837 791 4890 sicut
816 4836 986 4889 Lucas
1015 4842 1069 4889 et
1105 4834 1334 4889 Joannes
1361 4851 1375 4890 :
1401 4834 1541 4890 fores
1568 4846 1743 4892 autem
1769 4838 1912 4892 clau-

319 4947 394 4987 sa:
425 4939 606 4997 erant,
638 4945 755 4984 eum
799 4928 864 4982 ad
894 4942 987 4983 eos
1026 4928 1271 4994 intravit,
1308 4928 1449 4998 quod
1492 4930 1636 4985 solus
1680 4930 1911 4985 Joannes

318 5030 723 5078 commemorat.
764 5020 952 5076 Verbis
990 5020 1165 5089 itaque
1199 5020 1408 5074 Domini
1452 5036 1568 5090 qua:
1618 5030 1742 5077 tunc
1787 5036 1909 5077 eum

320 5116 555 5170 locutum
596 5128 714 5168 esse
753 5112 1023 5182 discipulis
1052 5111 1224 5167 Lucas
1270 5110 1607 5182 Joannesque
1640 5112 1904 5180 dixerunt,

320 5207 674 5275 interponitur
699 5214 754 5260 et
782 5206 867 5260 illa
906 5202 1246 5273 exprobratio
1285 5202 1353 5258 de
1390 5218 1492 5274 qua
1517 5204 1721 5259 Marcus
1757 5205 1908 5274 dicit,

320 5300 462 5372 quod
482 5316 585 5354 non
603 5299 925 5354 crediderint
940 5297 1015 5351 eis
1029 5296 1117 5366 qui
1134 5312 1254 5351 eum
1273 5297 1629 5351 resurrexisse
1645 5297 1905 5352 viderant.

391 5396 478 5451 76.
520 5395 620 5449 Sed
653 5396 752 5449 hoc
782 5408 967 5447 rursus
1007 5400 1224 5455 movet,
1250 5391 1519 5460 quomodo
1562 5390 1908 5445 discumben-

321 5490 464 5545 tibus
495 5489 738 5543 undecim
779 5486 907 5541 dicit
938 5486 1213 5538 Dominum
1255 5485 1565 5552 apparuisse
1591 5484 1830 5549 Marcus,
1862 5486 1909 5541 si

323 5583 455 5638 illud
480 5594 689 5651 tempus
710 5587 791 5633 est
812 5579 915 5633 dici
943 5577 1192 5632 dominici
1219 5576 1326 5645 jam
1350 5576 1523 5631 noctis
1558 5576 1729 5641 initio,
1764 5578 1906 5647 quod

322 5675 496 5731 Lucas
511 5674 846 5741 Joannesque
864 5670 1240 5725 meminerunt.
1258 5670 1453 5738 Aperte
1469 5671 1663 5739 quippe
1675 5669 1908 5726 Joannes

322 5772 579 5827 dicitnon
620 5784 739 5823 cum
781 5768 858 5822 eis
886 5776 1008 5821 tunc
1054 5764 1215 5821 fuisse
1265 5767 1563 5836 apostolum
1608 5766 1906 5834 Thomam,

322 5880 481 5935 quem
512 5862 775 5918 credimus
803 5862 995 5917 exiisse
1036 5860 1159 5916 inde
1208 5870 1492 5930 antequam
1537 5861 1793 5917 Dominus
1840 5861 1908 5917 ad

322 5974 421 6018 eos
457 5958 714 6028 intraret,
743 5965 1089 6029 posteaquam
1126 5955 1203 6013 illi
1239 5954 1346 6012 duo
1380 5954 1665 6013 redeuntes
1708 5953 1777 6012 de
1814 5970 1907 6011 ca-

1701 454 1906 515 LIBER
1926 453 2265 524 ,TERTIUS.

3472 485 3614 545 i210

2031 578 2189 636 stello
2227 596 2348 638 cum
2386 586 2516 657 ipsis
2557 591 2799 648 undecim
2842 595 3089 653 collocuti
3117 606 3277 667 sunt,
3307 599 3445 657 sicut
3471 604 3612 673 apud

2035 676 2233 733 Lucam
2280 680 2563 739 invenitur.
2597 685 2702 744 Sed
2733 687 2903 745 Lucas
2948 692 3005 746 in
3039 707 3135 770 sua
3182 694 3487 751 narratione
3527 696 3619 752 dat

2033 771 2209 827 locum
2255 788 2360 843 quo
2409 778 2574 845 possit
2617 778 2872 850 intelligi,
2914 782 3040 837 dum
3088 783 3203 839 haec
3245 785 3617 855 loquerentur,

2032 864 2180 934 prius
2210 864 2332 920 inde
2359 868 2555 925 exiisse
2585 869 2876 941 Thomam,
2909 884 2963 930 et
3005 884 3185 943 postea
3216 876 3499 933 Dominum
3525 878 3616 933 in-

2032 963 2220 1012 trasse.
2249 958 2453 1015 Marcus
2480 970 2658 1017 autem
2695 964 2784 1034 qui
2813 964 2968 1033 dicit,
3006 965 3289 1022 Novissime
3324 968 3617 1023 recumben-

2032 1048 2162 1103 tibus
2189 1050 2291 1105 illis
2314 1052 2545 1106 undecim
2563 1057 2819 1126 apparuit,
2849 1059 3007 1112 etiam
3028 1058 3287 1113 Thomam
3318 1059 3423 1115 illic
3448 1060 3617 1116 fuisse

2030 1144 2170 1213 cogit
2199 1142 2372 1198 fateri.
2402 1144 2512 1200 Nisi
2543 1146 2707 1213 forte,
2740 1149 2981 1218 quamvis
3026 1165 3133 1204 uno
3158 1134 3411 1215 absente,
3441 1150 3615 1207 unde-

2030 1236 2134 1292 cim
2166 1245 2342 1292 tamen
2384 1238 2549 1294 voluit
2588 1241 2889 1311 appellare,
2921 1242 3045 1311 quia
3083 1242 3267 1299 eadem
3314 1252 3441 1298 tunc
3484 1258 3613 1312 apo-

2029 1330 2215 1386 stolica
2245 1330 2474 1386 societas
2498 1333 2597 1388 hoc
2618 1349 2839 1390 numero
2867 1336 3288 1405 nuncupabatur,
3319 1345 3607 1406 antequam

2028 1422 2274 1478 Matthias
2299 1424 2352 1478 in
2381 1425 2553 1483 locum
2582 1426 2730 1483 Judm
2760 1428 3158 1498 subrogaretur.
3187 1430 3294 1483 Aut
3312 1428 3358 1483 si
3386 1428 3490 1483 hoc
3514 1428 3614 1484 du-

2027 1532 2145 1571 rum
2190 1526 2273 1572 est
2319 1519 2396 1573 sic
2440 1520 2718 1590 accipere,
2764 1521 2893 1577 illud
2934 1537 3061 1593 ergo
3110 1523 3462 1593 accipiamus,
3494 1530 3614 1592 post

2026 1608 2221 1664 multas
2247 1609 2731 1668 demonstrationes
2756 1613 2872 1683 ejus
2901 1614 3092 1684 quibus
3119 1629 3213 1685 per
3239 1614 3354 1670 dies
3379 1612 3613 1684 quadra-

2025 1703 2168 1772 ginta
2196 1702 2467 1772 discipulis
2492 1715 2838 1774 prmsentatus
2870 1717 2969 1774 est,
2987 1723 3109 1763 eum
3136 1708 3293 1763 etiam
3320 1707 3610 1763 novissime

2026 1796 2457 1856 recumbentibus
2502 1798 2606 1855 illis
2647 1800 2891 1855 undecim
2917 1801 3258 1870 apparuisse,
3291 1800 3344 1855 id
3383 1810 3465 1855 est
3492 1801 3608 1870 ipso

2026 1888 2430 1960 quadragesimo
2456 1891 2542 1948 die
2562 1908 2575 1943 :
2596 1901 2649 1947 et
2670 1894 2917 1962 quoniam
2940 1894 3049 1963 jam
3081 1902 3195 1949 erat
3222 1893 3288 1948 ab
3313 1893 3391 1948 eis
3416 1907 3609 1948 ascen-

2025 1996 2179 2038 surus
2205 1984 2256 2037 in
2288 1984 2480 2037 coelum
2503 2027 2517 2050 ,
2548 1985 2647 2040 hoc
2673 1985 2750 2040 eis
2777 1985 2869 2039 illo
2913 1986 2999 2041 die
3029 1986 3257 2040 maxime
3282 1984 3608 2054 exprobrare

2024 2074 2260 2130 voluisse
2280 2116 2293 2142 ,
2318 2076 2440 2145 quia
2470 2076 2552 2129 his
2580 2077 2670 2146 qui
2694 2077 2938 2132 viderant
2963 2094 3085 2132 eum
3118 2078 3473 2132 resurrexisse
3499 2092 3607 2132 non

2024 2168 2375 2235 crediderant,
2411 2179 2697 2240 antequam
2724 2172 2823 2241 ipsi
2854 2186 2972 2226 eum
2997 2170 3269 2236 viderent;
3291 2185 3411 2224 cum
3431 2170 3611 2239 utique

2028 2269 2146 2330 post
2185 2260 2553 2317 ascensionem
2596 2278 2746 2316 suam
2787 2263 3201 2332 praedicantibus
3233 2262 3337 2315 illis
3364 2261 3609 2331 Evange-

2024 2349 2184 2419 lium,
2218 2352 2377 2407 etiam
2408 2363 2593 2422 gentes
2622 2354 2762 2424 quod
2792 2370 2895 2408 non
2926 2354 3172 2409 viderunt
3206 2353 3413 2407 fuerant
3437 2352 3612 2408 credi-

2024 2452 2177 2499 turae.
2207 2445 2335 2500 Post
2356 2446 2502 2501 illam
2533 2448 2724 2517 quippe
2757 2448 3221 2517 exprobrationem
3244 2488 3256 2509 ,
3289 2455 3502 2501 secutus
3537 2445 3612 2501 ait

2023 2535 2164 2591 idem
2204 2536 2452 2593 Marcus:
2483 2538 2551 2592 Et
2598 2538 2725 2593 dixit
2754 2540 2822 2593 eis
2852 2556 2871 2593 :
2904 2539 3098 2594 Euntes
3122 2540 3174 2593 in
3203 2538 3447 2592 mundum
3488 2538 3610 2592 uni-

2021 2644 2245 2697 versum,
2271 2628 2541 2700 pradicate
2566 2630 2899 2701 Evangelium
2927 2632 3065 2685 omni
3091 2640 3335 2686 creatura:
3358 2646 3376 2684 .°
3398 2630 3483 2701 qui
3501 2645 3609 2683 cre-

2023 2719 2207 2775 diderit
2230 2764 2243 2787 ,
2272 2731 2319 2775 et
2360 2722 2638 2791 baptizatus
2668 2724 2853 2795 fuerit,
2899 2723 3066 2777 salvus
3099 2723 3224 2787 erit;
3254 2723 3340 2792 qui
3366 2737 3481 2776 vero
3507 2736 3610 2775 non

2022 2813 2313 2883 crediderit,
2346 2816 2778 2871 condemnabitur.
2812 2817 2925 2873 Hoc
2940 2832 3069 2887 ergo
3094 2817 3451 2887 prtedicaturi,
3479 2830 3610 2885 quo-

2022 2909 2165 2962 niam
2192 2909 2281 2978 qui
2309 2924 2415 2964 non
2458 2910 2745 2965 crediderit
2780 2912 3242 2979 condemnabitur,
3272 2927 3392 2966 cum
3422 2911 3475 2967 id
3501 2910 3608 2966 uti-

2021 3018 2125 3072 que
2146 3017 2251 3057 non
2278 3002 2564 3058 crediderit
2581 3004 2719 3072 quod
2738 3020 2841 3058 non
2867 3003 3029 3069 vidit;
3052 3018 3226 3059 nonne
3248 3003 3345 3073 ipsi
3360 3002 3605 3073 primitus

2022 3095 2233 3150 fuerant
2262 3094 2608 3165 objurgandi,
2637 3096 2776 3166 quod
2809 3107 3091 3166 antequam
3137 3094 3417 3148 Dominum
3444 3093 3609 3149 vidis-

2020 3196 2160 3252 sent,
2185 3202 2290 3241 non
2316 3187 2657 3242 crediderunt
2680 3188 2758 3242 eis
2784 3187 2973 3257 quibus
2994 3187 3136 3256 prius
3157 3186 3527 3256 apparuisset?

2092 3279 2180 3333 77.
2222 3279 2369 3333 lianc
2396 3287 2573 3333 autem
2604 3279 2948 3333 novissimam
2979 3276 3146 3333 fuisse
3174 3277 3521 3345 corporaliter
3549 3275 3604 3331 in

2021 3378 2162 3425 terra
2196 3371 2720 3439 repraesentationem
2757 3370 2966 3423 Domini
2994 3369 3264 3440 Apostolis
3289 3368 3449 3423 etiam
3477 3366 3605 3422 illud

2019 3460 2272 3515 admonet
2315 3468 2371 3513 ut
2399 3450 2679 3515 credamus
2700 3502 2712 3519 .
2738 3461 2877 3531 quod
2918 3462 2987 3515 ita
3028 3461 3269 3529 sequitur
3304 3459 3442 3513 idem
3471 3458 3609 3513 Mar-

2019 3566 2115 3606 cus
2144 3568 2158 3604 :
2185 3548 2349 3620 Signa
2372 3561 2536 3604 autem
2576 3567 2658 3605 eos
2696 3551 2782 3622 qui
2810 3550 3143 3613 crediderint,
3168 3551 3275 3603 Iuvc
3302 3557 3567 3615 sequentur
3585 3565 3606 3604 :

2019 3641 2072 3695 in
2093 3641 2291 3694 nomine
2329 3658 2437 3694 meo
2473 3641 2722 3695 daemonia
2749 3640 2976 3711 ejicient,
3006 3640 3191 3711 linguis
3228 3639 3490 3707 loquentur
3514 3654 3607 3692 no-

2020 3734 2128 3799 vis;
2158 3742 2408 3804 serpentes
2449 3734 2650 3799 tollent,
2684 3742 2727 3785 ct
2765 3734 2807 3785 si
2851 3732 3166 3803 mortiferum
3199 3731 3320 3803 quid
3362 3731 3603 3798 biberint,

2019 3843 2119 3880 non
2148 3827 2216 3880 eis
2242 3825 2472 3889 nocebit;
2493 3842 2645 3894 super
2666 3836 2880 3895 azgrotos
2907 3842 3087 3877 manus
3106 3826 3361 3894 imponent
3380 3867 3393 3889 ,
3420 3832 3465 3877 et
3486 3823 3609 3878 bene

2019 3920 2287 3973 habebunt.
2321 3919 2520 3974 Deinde
2541 3918 2811 3988 subjungit
2841 3938 2854 3973 :
2882 3917 2945 3971 Et
2971 3917 3218 3973 Dominus
3238 3917 3435 3987 quidem
3467 3924 3608 3987 post-

2018 4029 2169 4081 quam
2190 4012 2382 4066 locutus
2407 4020 2476 4066 est
2501 4012 2570 4064 eis
2586 4053 2601 4076 ,
2633 4020 2924 4077 assumptus
2949 4019 3019 4063 est
3036 4011 3087 4062 in
3109 4009 3287 4063 calum
3308 4050 3323 4075 ,
3353 4018 3397 4063 et
3421 4007 3549 4063 sedit
3576 4022 3609 4060 α

2019 4104 2211 4160 dextris
2233 4103 2349 4157 Dei.
2379 4102 2468 4156 Illi
2492 4110 2659 4156 autem
2697 4102 2937 4174 profecti,
2979 4101 3375 4171 praedicaverunt
3406 4099 3605 4169 ubique,

2019 4194 2240 4250 Domino
2268 4204 2566 4265 coaperante
2587 4236 2600 4260 ,
2635 4203 2679 4248 et
2699 4209 2976 4247 sermonem
2998 4193 3326 4260 conﬁrmante
3353 4190 3607 4260 sequenti-

2018 4285 2108 4341 bus
2134 4286 2310 4357 signis.
2337 4283 2471 4339 Cum
2512 4300 2639 4355 ergo
2667 4286 2793 4339 dicit
2813 4272 2929 4350 ,Ἐι
2964 4283 3208 4337 Dominus
3243 4283 3442 4353 quidem
3468 4291 3608 4354 post—

2016 4396 2169 4449 quam
2198 4378 2393 4432 locutus
2418 4387 2488 4431 est
2516 4378 2587 4431 eis
2604 4417 2619 4443 ,
2643 4386 2930 4446 assumptus
2952 4387 3027 4430 est
3052 4377 3103 4429 in
3129 4376 3345 4441 caelum;
3369 4378 3497 4431 satis
3522 4376 3606 4431 vi-

2018 4468 2175 4523 detur
2219 4467 2502 4523 ostendere
2528 4468 2873 4522 novissimum
2902 4482 3023 4521 cum
3063 4467 3167 4521 illis
3205 4467 3259 4521 in
3296 4476 3435 4522 terra
3461 4466 3605 4539 hunc

2017 4574 2139 4614 eum
2167 4558 2416 4613 habuisse
2441 4572 2745 4613 sermonem
2776 4576 2786 4609 :
2811 4558 3055 4626 quamvis
3078 4568 3186 4613 neu
3208 4556 3516 4612 omnimodo
3535 4558 3605 4614 ad

2018 4649 2072 4705 id
2105 4658 2379 4705 coarctare
2417 4648 2677 4703 videatur.
2704 4647 2821 4703 Non
2861 4649 3001 4703 enim
3032 4649 3141 4716 ait,
3170 4649 3457 4717 Postquam
3488 4647 3606 4704 haec

2017 4741 2225 4796 locutus
2270 4748 2353 4795 est
2377 4740 2484 4805 eis;
2518 4739 2612 4794 sed
2633 4781 2648 4805 ,
2680 4750 2943 4808 postquam
2982 4738 3177 4794 locutus
3213 4748 3285 4794 est
3316 4740 3389 4794 eis
3418 4755 3437 4794 :
3462 4739 3606 4796 unde

2018 4834 2280 4899 admittit,
2313 4834 2357 4888 si
2384 4833 2673 4888 necessitas
2702 4841 2947 4903 cogeret,
2975 4848 3080 4887 non
3112 4833 3267 4886 istam
3307 4833 3468 4888 luisse
3507 4847 3606 4888 no—

2017 4924 2291 4980 vissimam
2338 4925 2692 4992 locutionem,
2725 4939 2822 4979 nec
2847 4924 3008 4979 istum
3050 4923 3217 4980 fuisse
3254 4924 3603 4979 novissimum

2016 5017 2157 5073 diem
2178 5032 2283 5087 quo
2303 5017 2380 5071 eis
2408 5017 2459 5070 in
2488 5026 2627 5071 terra
2655 5030 2893 5087 praesens
2921 5016 3048 5083 fuit,
3081 5016 3176 5071 sed
3196 5016 3261 5071 ad
3287 5018 3463 5071 omnia
3485 5032 3604 5087 quae

2018 5125 2137 5166 cum
2169 5112 2247 5166 eis
2270 5112 2518 5166 omnibus
2544 5110 2647 5165 illis
2667 5110 2852 5165 diebus
2876 5109 3085 5165 locutus
3111 5118 3222 5177 est,
3250 5126 3410 5181 posse
3440 5110 3605 5180 perti-

2019 5221 2149 5260 nere
2179 5206 2317 5277 quod
2355 5205 2552 5259 dictum
2596 5214 2712 5270 est,
2740 5214 3007 5275 postquam
3046 5205 3242 5258 locutus
3286 5213 3357 5258 est
3389 5207 3490 5269 eis,
3521 5220 3602 5258 as-

2018 5311 2247 5370 sumptus
2269 5300 2413 5355 estin
2435 5299 2633 5353 caelum.
2661 5296 2767 5353 Sed
2792 5299 2912 5368 quia
2940 5312 3000 5352 ea
3022 5314 3139 5368 qua:
3168 5313 3327 5369 supra
3348 5298 3601 5364 diximus,

2000 5395 2186 5463 “magis
2227 5394 2451 5449 suadent
2480 5392 2622 5446 hunc
2662 5391 3008 5447 novissimum
3038 5390 3180 5446 diem
3220 5392 3410 5458 fuisse,
3441 5405 3599 5459 quam

2017 5497 2076 5541 ut
2122 5485 2481 5554 intelligantur
2506 5482 2753 5538 undecim
2799 5483 2889 5552 qui
2919 5481 3124 5537 Thema
3167 5484 3386 5538 absente
3412 5483 3601 5540 decem

2017 5579 2267 5644 fuerunt;
2317 5578 2435 5631 ideo
2484 5584 2601 5644 post
2656 5576 2791 5631 hanc
2834 5577 3154 5632 locutionem
3198 5592 3355 5646 quam
3396 5576 3604 5632 Marcus

2019 5678 2435 5735 commemorat,
2471 5668 2733 5738 adjunctis
2753 5668 2915 5723 etiam
2945 5677 3334 5739 consequenter
3360 5669 3461 5723 illis
3485 5683 3607 5723 ver-

2015 5764 2130 5832 bis,
2177 5762 2264 5818 vel
2314 5761 2690 5832 discipulorum
2740 5764 2827 5818 vel
2862 5762 3057 5832 ipsius,
3102 5778 3218 5831 quae
3270 5776 3603 5817 commemo-

2016 5866 2203 5914 rantur
2245 5856 2297 5910 in
2347 5854 2569 5911 Actibus
2608 5855 2986 5926 Apostolorum
3017 5855 3150 5922 (Act.
3195 5871 3246 5921 ι,
3290 5853 3434 5927 4-8),
3490 5869 3607 5911 cre-

2017 5952 2250 6011 dendum
2288 5959 2371 6010 est
2410 5957 2742 6021 assumptum
2788 5949 3069 6009 Dominum
3114 5949 3169 6007 in
3213 5948 3445 6017 coelum,
3477 5962 3610 6019 qua—
