4076 6466
561 349 698 413 1211

559 465 862 538 dragesimo
886 462 1091 522 scilicet
1111 459 1199 519 die
1222 467 1345 533 post
1367 460 1508 517 diem
1536 453 1941 514 resurrectionis
1991 454 2125 524 ejus.

635 559 724 615 78.
761 558 995 616 Joannes
1035 564 1247 622 adesa,
1280 553 1524 625 quamvis
1576 551 1806 608 fateatur
1852 548 2019 604 multa
2068 562 2131 604 se

564 652 966 722 praetermisisse
1005 664 1123 720 quae
1164 647 1293 703 fecit
1333 645 1527 712 Jesus,
1552 644 1719 699 voluit
1762 652 1938 699 tamen
1966 642 2128 699 etiam

558 745 773 801 tertiam
807 744 922 815 ejus
946 742 1465 812 repraesentationem
1489 738 1761 809 discipulis
1801 744 1921 807 post
1942 750 2127 792 resur-

563 837 851 893 rectionem
880 835 1069 890 factam
1092 846 1513 891 connuemorare
1539 831 1607 885 ad
1634 844 1782 885 mare
1810 826 2124 895 Tiberiadis,

556 936 763 997 septem
791 926 991 983 scilicet
1008 925 1303 997 discipulis,
1329 924 1504 989 Petro,
1532 921 1771 987 Thomas,
1788 918 2123 987 Nathanaeli,

559 1020 682 1076 ﬁliis
716 1020 988 1087 Zebedaei,
1016 1029 1072 1077 et
1113 1020 1229 1076 aliis
1268 1018 1475 1075 duobus
1498 1031 1634 1089 quos
1660 1013 1976 1072 nominatim
2019 1026 2128 1068 non

563 1113 860 1183 expressit,
887 1126 1008 1169 cum
1044 1113 1405 1184 piscarentur;
1438 1109 1648 1182 quando
1671 1107 1822 1179 jussu
1849 1106 1965 1177 ejus
1991 1104 2127 1161 retia

558 1204 827 1260 mittentes
864 1204 917 1261 in
960 1204 1199 1262 dextram
1245 1212 1446 1281 partem
1468 1242 1483 1267 ,
1515 1207 1857 1259 extraxerunt
1906 1211 2125 1269 magnos

555 1295 732 1365 pisces
758 1305 969 1352 centum
996 1296 1372 1367 quinquaginta
1409 1303 1549 1360 tres;
1577 1291 1790 1364 quando
1833 1290 1994 1347 etiam
2022 1289 2126 1345 Pe-

552 1396 697 1444 trum
727 1396 810 1445 ter
852 1390 1196 1460 'mterrogavit
1221 1397 1397 1445 utrum
1441 1386 1509 1443 ab
1550 1386 1643 1441 illo
1683 1392 1968 1451 amaretur,
1999 1390 2052 1439 et
2075 1381 2127 1439 ei

559 1481 850 1551 pascendas
876 1481 1267 1541 commendavit
1286 1495 1413 1537 oves
1451 1493 1576 1535 suas
1595 1520 1609 1546 ,
1640 1486 1695 1533 et
1717 1477 1785 1533 de
1812 1476 1928 1546 ejus
1962 1476 2126 1546 ipsius

558 1572 804 1641 passione
827 1573 1100 1643 praedixit,
1130 1583 1186 1630 et
1222 1572 1292 1629 de
1328 1573 1444 1643 ipso
1482 1571 1684 1628 Joanne
1718 1569 1821 1635 ait,
1849 1566 1939 1624 Sic
1968 1568 1986 1600 ¹
2013 1583 2126 1622 eum

555 1664 668 1719 volo
708 1680 909 1720 manere
930 1665 1087 1721 donec
1112 1666 1324 1721 veniam.
1366 1663 1447 1720 Ad
1475 1664 1576 1720 hoc
1613 1662 1848 1719 Joannes
1881 1660 2124 1729 Evange-

557 1754 685 1811 lium
710 1771 864 1812 suum
888 1757 1204 1813 terminavit.

630 1848 717 1905 79.
757 1848 875 1904 Jam
919 1864 1057 1905 nunc
1100 1848 1444 1921 quaerendum
1493 1854 1576 1902 est
1628 1844 1842 1916 quando
1893 1843 2124 1913 primum

554 1939 702 1995 visus
727 1941 799 1996 sit
834 1957 863 1996 a
896 1942 1167 2012 discipulis
1203 1943 1258 1997 in
1295 1940 1545 2005 Galilma;
1592 1937 1713 2010 quia
1742 1945 1796 1992 et
1841 1935 1944 1991 hoc
1981 1933 2123 2006 quod

560 2031 721 2087 tertio
747 2040 925 2088 narrat
941 2032 1194 2101 Joannes,
1221 2033 1275 2087 in
1301 2030 1514 2097 Galiltea
1541 2030 1734 2085 lacuum
1766 2036 1851 2083 est
1880 2027 1947 2082 ad
1974 2041 2125 2082 mare

556 2119 850 2178 Tiberiadis
872 2140 887 2177 :
909 2123 1047 2193 quod
1070 2122 1228 2180 facile
1250 2122 1393 2179 videt
1416 2122 1504 2193 qui
1528 2120 1715 2177 recolit
1734 2119 1865 2174 illud
1890 2119 2123 2174 miracu-

552 2208 666 2267 lum
710 2210 781 2268 de
824 2214 1054 2284 quinque
1100 2215 1349 2284 panibus,
1380 2207 1522 2283 quod
1559 2214 1630 2267 ita
1670 2225 1889 2266 narrare
1931 2208 2119 2279 incipit

556 2300 698 2358 idem
736 2303 1005 2361 Joannes:
1029 2304 1157 2361 Post
1176 2307 1283 2361 Ittec
1306 2306 1425 2359 abiit
1447 2304 1598 2360 Jesus
1639 2313 1778 2358 trans
1811 2319 1949 2358 mare
1980 2301 2125 2358 Gali-

553 2392 699 2463 ιωω,
727 2396 866 2468 quod
903 2406 1003 2465 est,
1031 2396 1311 2453 Tiberiadis
1351 2398 1526 2469 (Joan.
1559 2414 1641 2465 vt,
1673 2396 1753 2469 l).
1800 2395 1906 2453 Ubi
1945 2405 2123 2453 autem

552 2486 727 2556 putari
752 2497 925 2557 potest
948 2490 1176 2560 primum
1198 2505 1230 2545 a
1246 2490 1517 2559 discipulis
1536 2498 1655 2560 post
1676 2489 2122 2546 resurrectionem

552 2575 720 2632 videri
748 2578 1026 2648 debuisse,
1058 2581 1159 2636 nisi
1184 2579 1238 2636 in
1277 2579 1533 2637 Galilma?
1561 2580 1606 2635 si
1637 2580 1939 2636 recolantur
1962 2579 2124 2635 verba

554 2667 699 2724 illius
727 2670 900 2740 angeli
924 2671 1016 2742 qui
1053 2672 1342 2728 secundum
1368 2671 1670 2726 Matthamm
1697 2670 2032 2727 venientibus
2058 2668 2127 2724 ad

552 2770 957 2817 monumentum
991 2762 1302 2819 mulieribus
1329 2763 1400 2818 ita
1437 2762 1688 2833 loquitur,
1716 2760 1891 2816 Nolite
1918 2761 2123 2824 timere,

548 2864 672 2906 vos:
690 2851 797 2907 scio
821 2852 955 2908 enim
984 2854 1118 2925 quod
1152 2852 1331 2909 Issum
1354 2854 1438 2923 qui
1461 2853 1733 2922 cruciﬁxus
1769 2861 1842 2907 est
1867 2851 2126 2923 queritis;

552 2958 657 2998 non
676 2954 751 3000 est
774 2945 857 3019 hic
873 2986 890 3013 ,
918 2947 1133 3002 surrexit
1159 2948 1290 3001 enim
1323 2949 1448 3001 sicut
1483 2947 1652 3001 dixit:
1669 2946 1826 3001 vertite
1844 2985 1859 3010 ,
1881 2954 1929 2999 et
1965 2944 2126 2999 uidete

549 3032 720 3088 locum
746 3035 831 3090 ubi
870 3036 1062 3108 positus
1102 3046 1207 3091 erat
1231 3036 1498 3091 Dominus.
1543 3035 1611 3091 Et
1633 3037 1733 3091 cito
1764 3044 1937 3091 euntes
1977 3034 2128 3089 dicite

554 3125 818 3197 discipulis
845 3128 956 3199 ejus
1000 3128 1119 3197 quia
1162 3130 1415 3195 surrexit,-
1443 3137 1490 3182 et
1533 3143 1643 3183 ecce
1679 3126 1914 3199 prlecedit
1942 3142 2029 3181 vos
2069 3126 2124 3180 in

553 3212 858 3283 Galilaeam;
884 3216 955 3272 ibi
972 3235 1085 3274 eum
1110 3218 1336 3275 uidebitis
1357 3236 1378 3274 :
1397 3235 1509 3274 ecce
1533 3219 1642 3273 dixi
1684 3217 1817 3273 vobis
1841 3234 1859 3272 :
1882 3218 2008 3273 item
2034 3231 2123 3273 se-

550 3306 782 3363 cundum
825 3308 1089 3375 Marcum,
1117 3311 1229 3365 sive
1275 3311 1387 3380 ipse
1428 3310 1497 3365 sit
1537 3309 1757 3380 angelus
1799 3309 1910 3364 sive
1948 3308 2083 3364 alius
2107 3349 2122 3373 ,

554 3396 762 3465 Nolite,
795 3399 992 3471 inquit,
1029 3416 1355 3471 expavescere
1384 3416 1403 3454 :
1425 3399 1601 3454 Jesum
1628 3400 1849 3470 quieritis
1890 3397 2124 3453 Nazare-

548 3506 674 3546 nam
709 3492 1044 3561 cruciﬁxum;
1070 3494 1316 3558 surrexit,
1350 3508 1451 3546 non
1486 3501 1558 3547 est
1586 3492 1667 3545 hic
1690 3507 1709 3545 :
1728 3507 1838 3545 ecce
1876 3491 2016 3545 locus
2042 3490 2128 3543 ubi
2146 3528 2163 3545 α

552 3590 825 3652 posuerunt
852 3598 988 3638 eum.
1013 3582 1121 3639 Sed
1142 3583 1237 3649 ite,
1265 3582 1415 3638 dicite
1440 3582 1699 3652 discipulis
1722 3583 1831 3652 ejus
1859 3591 1907 3636 et
1938 3579 2093 3635 Petro
2109 3621 2124 3647 ,

546 3671 669 3742 quia
691 3673 928 3744 pracedit
953 3689 1041 3729 vos
1081 3674 1133 3727 in
1160 3672 1425 3728 Galilteam
1447 3689 1464 3726 :
1487 3673 1553 3726 ibi
1596 3689 1712 3725 eum
1739 3672 1961 3726 videbitis
2000 3672 2129 3725 sicut

550 3761 683 3817 dixit
697 3763 833 3818 vobis
847 3765 874 3820 2
897 3764 1023 3819 Ηίῧϐ
1047 3764 1210 3821 verba
1230 3765 1302 3820 ita
1323 3764 1566 3821 videntur
1585 3779 1795 3830 sonare,
1813 3764 1953 3834 quod
1972 3762 2129 3820 Jesus

552 3868 659 3909 non
681 3863 797 3910 erat
818 3870 878 3911 se
894 3855 1348 3913 demonstraturus
1368 3864 1487 3926 post
1505 3856 1946 3913 resurrectionem
1965 3857 2130 3914 disci-

554 3945 718 4015 palis,
748 3946 849 4002 nisi
886 3947 940 4001 in
983 3946 1218 4003 Galilaea.
1264 3948 1431 4014 Quam
1475 3948 1979 4004 demonstrationem
2030 3962 2132 4004 nec

552 4034 670 4105 ipse
720 4035 926 4092 Marcus
982 4039 1447 4103 commemoravit,
1487 4040 1577 4109 qui
1626 4054 1745 4095 emn
1796 4040 1929 4095 dixit
1974 4056 2131 4097 mane

552 4127 725 4197 prima
751 4126 959 4183 sabbati
1002 4129 1315 4204 apparuisse
1352 4128 1525 4197 primo
1553 4128 1728 4184 Maria:
1770 4130 2127 4202 ilagdalenm,

553 4225 609 4272 et
642 4215 786 4271 illam
825 4217 1103 4273 nuntiasse
1124 4217 1396 4288 discipulis
1414 4259 1429 4284 ,
1458 4217 1542 4273 his
1566 4219 1656 4288 qui
1685 4234 1804 4274 cum
1832 4234 1898 4274 eo
1921 4222 2133 4275 fuerant

554 4306 861 4377 lugentibus
886 4316 944 4364 et
970 4308 1249 4376 ﬂentibus;
1278 4309 1399 4365 illos
1429 4318 1608 4365 autem
1651 4325 1757 4365 non
1796 4310 2085 4368 credidisse
2112 4328 2128 4368 :

554 4405 679 4468 post
702 4398 818 4454 hmc
841 4398 1033 4455 deinde
1052 4398 1257 4456 duobus
1283 4415 1350 4456 ex
1370 4399 1453 4455 his
1474 4400 1780 4472 apparuisse
1808 4401 2055 4458 euntibus
2076 4402 2133 4458 in

556 4488 738 4544 villam
758 4529 774 4557 ,
806 4496 861 4545 et
882 4488 1005 4547 illos
1033 4492 1239 4548 cteteris
1277 4492 1584 4558 nuntiasse;
1616 4492 1757 4564 quod
1786 4490 1984 4549 factum
2011 4504 2127 4560 est,

550 4581 693 4637 sicut
718 4582 889 4638 Lucas
926 4592 979 4638 et
1014 4581 1247 4640 Joannes
1282 4591 1683 4652 coattestantur,
1710 4583 1764 4639 in
1800 4582 2128 4651 Jerusalem,

555 4672 746 4729 eodem
776 4672 895 4744 ipso
915 4673 1000 4731 die
1027 4672 1432 4732 resurrectionis
1449 4718 1463 4742 ,
1489 4674 1602 4746 jam
1630 4676 1801 4733 noctis
1830 4676 1980 4732 initio
2003 4694 2017 4732 :
2040 4674 2134 4732 de-

555 4762 681 4832 inde
709 4765 854 4820 venit
894 4765 959 4820 ad
986 4765 1127 4821 illam
1153 4766 1268 4837 ejus
1302 4766 1780 4823 manifestationem
1799 4808 1815 4833 ,
1844 4782 2003 4840 quam
2032 4783 2131 4824 no-

556 4857 828 4914 vissimam
873 4857 1031 4925 dicit,
1082 4860 1515 4915 recumbentihus
1555 4859 1662 4915 illis
1704 4859 2135 4931 undecimzpost

556 4948 694 5006 hanc
718 4950 846 5007 dicit
873 4966 995 5007 eum
1031 4958 1361 5022 assumptum
1403 4950 1455 5007 in
1494 4951 1720 5020 emtum;
1748 4950 1893 5024 quod
1937 4953 2132 5009 factum

552 5038 756 5097 scimus
799 5042 853 5096 in
891 5048 1073 5098 monte
1109 5040 1332 5109 Oliveti,
1362 5057 1468 5098 non
1504 5041 1662 5114 longe
1697 5042 1765 5098 ab
1787 5041 2080 5099 Jerusalem
2113 5062 2129 5100 :

554 5145 816 5202 nusquam
844 5131 1001 5204 igitur
1019 5143 1401 5190 commemorat
1421 5132 1629 5189 Marcus
1648 5133 1966 5205 completum
1988 5135 2131 5206 quod

555 5223 624 5278 ab
651 5224 841 5294 angelo
868 5226 1276 5295 praenuntiatum
1296 5240 1416 5283 esse
1437 5234 1678 5283 testatur.
1705 5226 1984 5284 Matthaaus
2004 5245 2131 5286 vero

557 5314 692 5370 nihil
739 5314 881 5371 aliud
929 5315 1091 5385 dicit,
1118 5332 1219 5373 nec
1265 5316 1431 5373 ullum
1483 5317 1646 5373 alium
1693 5317 1868 5373 locum
1915 5319 2132 5377 omnino

557 5420 976 5477 commemorat,
1019 5407 1105 5465 vel
1148 5417 1277 5466 ante
1331 5407 1411 5466 vel
1468 5421 1687 5482 postea,
1720 5409 1809 5467 ubi
1853 5410 2132 5482 discipuli,

556 5508 901 5572 posteaquam
950 5500 1276 5571 resurrexit,
1322 5501 1550 5559 viderint
1591 5502 1902 5571 Dominum,
1940 5503 2043 5558 nisi
2078 5503 2132 5560 in

619 5654 640 5687 ⁸
656 5659 789 5727 [οῖ-ν
811 5653 883 5727 δίς
899 5656 1238 5727 intumum
1260 5671 1472 5727 erm
1496 5670 1605 5727 ιρις
1625 5662 1882 5727 Attat-P.-
1901 5665 2136 5727 «armes

558 5723 692 5827 πεεῶ
705 5721 774 5769 sic
802 5726 986 5783 :atqne
1007 5721 1323 5785 angustinuin
1343 5723 1409 5775 ita
1431 5721 1616 5786 legime
1636 5728 1771 5786 patet
1806 5722 1943 5787 infra,
1972 5721 2057 5774 lib.
2084 5723 2133 5785 4,

1298 340 1390 399 nn
1425 328 1779 397 consensu
1818 286 2475 403 summatim,
2514 332 2573 390 s.
2612 330 2980 393 AUGUSTINI

3680 337 3828 395 l2”

2236 449 2452 507 Galilaa
2479 449 2768 505 secundum
2788 446 2961 521 angeli
2988 446 3407 519 praedictionem.
3426 449 3665 522 Denique
3683 467 3822 509 curn

2234 543 2559 600 insinuasset
2578 542 2710 613 quid
2736 543 2806 598 ab
2828 540 3023 613 amelo
3048 541 3363 598 mulieribus
3398 542 3598 599 dictum
3623 545 3692 600 sit
3708 587 3725 612 ,
3756 556 3822 602 et

2234 634 2340 692 illis
2363 633 2675 691 abeuntibus
2703 632 3016 704 subiecisset
3035 632 3161 702 quid
3181 632 3250 687 de
3276 634 3541 706 corruptis
3568 634 3636 691 ad
3657 651 3821 692 men-

2234 724 2472 783 tiendum
2496 724 2803 780 custodibus
2847 732 3061 796 gestum
3111 723 3214 789 sit;
3257 724 3507 782 continuo
3557 736 3821 799 tanquam

2232 817 2365 876 nihil
2389 816 2533 873 aliud
2555 824 2868 886 sequeretur
2902 815 3049 888 (quia
3074 823 3127 871 et
3152 830 3335 871 revera
3361 817 3439 872 sic
3463 826 3579 873 erat
3605 818 3821 882 dictum

2230 908 2302 963 ab
2324 908 2513 979 angelo
2529 947 2547 975 ,
2577 906 2837 975 Surrexit,
2859 914 2907 962 et
2927 922 3039 962 ecce
3061 906 3297 979 prtecedit
3311 922 3397 962 vos
3420 908 3475 962 in
3503 905 3775 964 Galilaeam
3794 926 3821 975 ,-

2230 1001 2302 1058 ibi
2317 1018 2431 1056 eum
2453 1001 2708 1068 uidebitis,
2737 1008 2795 1056 ut
2832 997 2967 1055 nihil
3006 998 3150 1054 aliud
3175 1000 3326 1070 sequi
3343 999 3592 1057 debuisse
3620 1001 3811 1057 videa-

2231 1094 2369 1165 tur),
2417 1092 2661 1150 Undecim
2702 1101 2903 1158 autem,
2952 1092 3155 1163 inquit,
3193 1093 3431 1162 discipuli
3478 1093 3709 1148 abierunt
3753 1096 3813 1148 in

2194 1185 2529 1253 'Galilteant,
2557 1187 2611 1241 in
2639 1196 2855 1241 montem
2898 1185 2984 1241 ubi
3029 1188 3351 1241 constituerat
3393 1185 3498 1241 illis
3543 1185 3817 1243 Jesus:et

2229 1278 2447 1335 videntes
2469 1296 2601 1348 estut,
2632 1280 2967 1334 adoraverunt
2982 1295 3001 1343 ;
3019 1278 3226 1350 quidam
3249 1288 3416 1333 autem
3434 1278 3813 1333 dubitaverunt.

2229 1367 2301 1425 Et
2326 1370 2565 1426 accedens
2588 1370 2621 1426 J
2628 1387 2738 1427 esus
2758 1370 2955 1426 locutus
2978 1379 3050 1425 est
3067 1370 3143 1426 eis
3160 1411 3175 1436 ,
3202 1369 3371 1425 dicens
3389 1385 3408 1424 :
3426 1369 3564 1423 Data
3582 1379 3656 1424 est
3684 1370 3816 1423 mihi

2229 1462 2392 1517 omnis
2417 1470 2633 1533 potestas
2666 1463 2721 1518 in
2755 1464 2880 1518 ante
2907 1471 2953 1518 et
2988 1463 3042 1517 in
3077 1470 3212 1517 terra
3242 1477 3263 1516 :
3289 1471 3460 1517 euntes
3494 1477 3613 1533 ergo
3638 1462 3815 1516 docete

2229 1569 2401 1610 omnes
2435 1563 2602 1627 gentes
2618 1596 2636 1623 ,
2664 1555 2972 1628 baptizantes
2992 1571 3075 1609 eos
3102 1554 3155 1609 in
3181 1554 3381 1608 nomine
3399 1551 3573 1608 Patris
3590 1593 3607 1619 ,
3636 1562 3684 1607 et
3712 1550 3815 1605 Fi-

2230 1644 2316 1711 lii,
2343 1654 2389 1701 et
2409 1644 2633 1717 Spiritus
2658 1647 2857 1712 sancti;
2885 1646 3115 1700 docentes
3144 1660 3228 1699 eos
3253 1660 3451 1699 servare
3477 1642 3649 1697 omnia
3666 1658 3815 1713 qua-

2228 1752 2439 1807 eautque
2462 1736 2698 1792 mandavi
2720 1738 2875 1793 vobis.
2915 1735 2981 1791 Et
3004 1752 3115 1792 ecce
3132 1751 3225 1807 ego
3263 1735 3519 1790 vobiscum
3560 1751 3673 1790 sum
3697 1750 3813 1789 om-

2227 1826 2374 1881 nibus
2420 1826 2593 1882 diebus
2642 1843 2797 1898 usque
2845 1826 2915 1881 ad
2956 1826 3432 1881 consummationem
3474 1824 3666 1879 ποιαί.
3724 1821 3809 1879 ita

2229 1916 2506 1974 Matthacus
2525 1918 2714 1974 clausit
2739 1917 3083 1989 Evangelium
3111 1931 3286 1972 suum.

2300 2009 2389 2065 80.
2431 2010 2510 2064 Ac
2535 2024 2634 2080 per
2662 2008 2781 2077 hoc,
2797 2011 2843 2064 si
2868 2007 3091 2063 aliorum
3112 2005 3459 2062 considerata:
3472 2003 3811 2059 narrationes

2229 2098 2296 2154 ad
2342 2100 2729 2170 diligentiorem
2784 2098 3176 2170 inquisitionem
3232 2110 3338 2152 non
3382 2094 3808 2165 compellerent,

2230 2189 2361 2245 nihil
2390 2187 2530 2244 aliud
2559 2189 2943 2245 arbitraremur
2972 2187 3073 2242 nisi
3113 2187 3393 2242 Dominum
3418 2193 3539 2257 post
3563 2198 3818 2240 resurre-

2232 2281 2462 2337 ctionem
2502 2296 2760 2353 nusquam
2798 2288 2994 2351 praeter
3018 2279 3070 2333 in
3096 2278 3312 2335 Galilaea
3361 2278 3590 2348 primum
3615 2289 3742 2331 esse
3782 2289 3817 2330 a

2231 2370 2509 2444 discipulis
2537 2373 2730 2427 visum.
2755 2370 2908 2440 item,
2950 2371 2994 2427 si
3032 2370 3243 2426 Marcus
3271 2368 3338 2425 de
3366 2368 3456 2424 illa
3485 2367 3819 2439 praenuntia-

2230 2462 2379 2518 tione
2426 2462 2597 2533 angeli
2628 2462 2911 2528 tacuisset,
2958 2468 3141 2530 posset
3170 2460 3417 2529 cuiquam
3462 2456 3635 2527 putari
3680 2455 3821 2512 llat-

2230 2554 2403 2611 thacus
2434 2554 2553 2610 ideo
2578 2553 2775 2609 dixisse
2809 2552 3103 2623 discipulos
3139 2550 3337 2607 abiisse
3371 2549 3427 2606 in
3454 2549 3727 2605 Galilaeam
3762 2548 3822 2604 in

2230 2654 2486 2711 montem,
2516 2654 2674 2717 atque
2715 2645 2789 2701 ibi
2820 2645 3073 2700 adorasse
3095 2643 3398 2707 Dominum,
3426 2648 3489 2696 ut
3532 2640 3821 2712 impletum

2230 2738 2501 2795 videretur
2528 2737 2670 2809 quod
2696 2738 2811 2809 ipse
2838 2752 2932 2807 per
2957 2736 3202 2807 angelum
3228 2733 3532 2790 mandatum
3558 2746 3622 2789 ac
3674 2746 3823 2803 prat-

2231 2829 2529 2886 nuntiatum
2562 2844 2682 2885 esse
2711 2836 3035 2884 narraverat.
3065 2825 3218 2883 Nunc
3244 2835 3425 2882 autem
3456 2832 3512 2881 et
3549 2824 3720 2880 Lucas
3761 2832 3820 2880 et

2229 2920 2465 2979 Joannes
2505 2922 2635 2977 satis
2672 2920 2904 2977 dilucide
2944 2921 3341 2977 manilestantes
3367 2919 3484 2989 ipso
3510 2916 3599 2974 die
3622 2932 3816 2972 resur-

2230 3016 2485 3073 rectionis
2514 3016 2629 3087 ejus
2657 3017 2829 3071 visum
2855 3030 2976 3073 esse
3023 3016 3303 3071 Dominum
3332 3014 3388 3071 in
3442 3011 3735 3070 Jerusalem
3788 3024 3819 3065 a

2231 3106 2503 3177 discipulis
2526 3107 2659 3174 suis,
2683 3106 2825 3162 unde
2850 3108 2920 3161 ita
2943 3106 3100 3178 longe
3120 3115 3207 3163 est
3231 3104 3468 3170 Galilaea,
3498 3112 3558 3158 ut
3584 3115 3694 3158 uno
3719 3099 3814 3156 die

2232 3197 2302 3252 ab
2330 3197 2409 3252 eis
2430 3205 2653 3267 utroque
2679 3197 2799 3252 loco
2810 3195 2976 3252 videri
2993 3211 3100 3252 non
3124 3201 3334 3265 posset;
3357 3201 3412 3252 et
3429 3193 3634 3248 Marcus
3662 3190 3816 3246 illam

2232 3291 2445 3363 quidem
2474 3290 2871 3361 pnndictionem
2902 3288 3073 3359 angeli
3095 3287 3339 3343 similiter
3352 3298 3598 3353 narrans,
3624 3283 3682 3339 in
3698 3280 3817 3339 Ga-

2232 3381 2372 3436 lilaea
2396 3396 2524 3437 vero
2551 3382 2723 3436 visum
2742 3396 2772 3436 a
2811 3378 3083 3450 discipulis
3104 3379 3384 3435 Dominum
3424 3387 3545 3448 post
3571 3390 3820 3432 resurre-

2230 3466 2460 3530 ctionem
2494 3487 2749 3542 nusquam
2770 3484 3192 3526 commemorans
3214 3486 3229 3523 :
3251 3468 3599 3525 vehementer
3617 3475 3819 3537 cogunt

2232 3578 2473 3634 quaerere
2497 3562 2941 3634 quemadmodum
2967 3561 3165 3615 dictum
3195 3560 3281 3625 sit,
3306 3556 3438 3615 Ecce
3460 3558 3704 3629 praecedit
3728 3571 3816 3612 nos

2232 3655 2287 3709 in
2307 3653 2611 3721 Galilatam;
2639 3655 2709 3708 ibi
2736 3670 2849 3707 eum
2876 3651 3121 3707 videbitis.
3142 3650 3275 3707 Nam
3302 3661 3356 3707 et
3382 3651 3496 3721 ipse
3530 3649 3819 3705 Matthzeus

2234 3746 2279 3801 si
2310 3747 2526 3801 omnino
2557 3760 2661 3799 non
2690 3744 2893 3801 diceret
2920 3743 3163 3799 undecim
3192 3742 3478 3813 discipulos
3520 3742 3719 3798 abiisse
3758 3741 3813 3796 in

2233 3845 2468 3891 montem
2512 3836 2564 3890 in
2593 3834 2863 3891 Galilaeam
2884 3877 2899 3905 ,
2942 3836 3031 3890 ubi
3060 3835 3405 3892 constituerat
3428 3833 3506 3891 eis
3536 3832 3718 3897 Jesus,
3763 3840 3817 3888 et

2232 3926 2346 3982 illic
2375 3942 2495 3982 eum
2525 3927 2719 3983 vidisse
2742 3936 2900 3998 atque
2936 3928 3217 3996 adorasse,
3261 3926 3392 3982 nihil
3421 3941 3487 3982 ex
3526 3925 3630 3981 hac
3676 3940 3814 3995 prai-

2234 4019 2467 4075 dictione
2492 4019 2813 4089 completum
2842 4019 2907 4073 ad
2933 4019 3159 4076 litteram
3176 4030 3504 4091 putaremus,
3527 4018 3623 4074 sed
3644 4025 3815 4072 totum

2234 4109 2457 4179 ﬁgurata
2488 4109 2870 4180 signiﬁcatione
2902 4110 3209 4179 prmdictum
3238 4127 3252 4165 :
3283 4108 3421 4166 sicut
3449 4108 3577 4163 illud
3616 4122 3812 4167 secun-

2235 4202 2360 4256 dum
2388 4202 2582 4257 Lucam
2605 4244 2618 4268 ,
2648 4200 2783 4256 Ecce
2819 4202 2969 4257 hodie
3002 4211 3051 4257 et
3088 4218 3201 4256 cras
3250 4202 3398 4274 ejicio
3446 4200 3697 4256 dxmonia
3720 4242 3735 4264 ,
3768 4208 3816 4255 et

2236 4295 2475 4350 sanitates
2502 4296 2726 4365 perﬁcio,
2742 4304 2786 4350 et
2804 4295 2948 4350 tertia
2973 4310 3322 4363 consummor;
3339 4293 3479 4364 quod
3490 4292 3558 4348 ad
3578 4292 3814 4348 litteram

2236 4395 2442 4442 certum
2473 4393 2556 4441 est
2581 4400 2684 4441 non
2720 4400 2839 4441 esse
2863 4384 3182 4455 completum
3212 4383 3307 4458 (a).
3342 4384 3475 4440 ltem
3522 4383 3568 4438 si
3594 4382 3816 4453 angelus

2237 4475 2481 4546 dixisset,
2512 4475 2771 4531 Praecedit
2791 4490 2885 4531 vos
2914 4476 2967 4530 in
3004 4474 3304 4541 Galilrram;
3336 4474 3409 4530 ibi
3431 4473 3663 4544 primum
3688 4487 3810 4528 eum

2235 4565 2514 4634 videbitis;
2535 4574 2660 4635 aut,
2683 4565 2755 4621 ibi
2779 4574 2985 4622 tantum
3009 4581 3132 4622 eum
3155 4564 3432 4631 videbitis;
3460 4572 3570 4632 aut,
3597 4562 3814 4618 nonnisi

2235 4658 2308 4715 ibi
2336 4675 2459 4715 eum
2483 4658 2763 4724 videbitis;
2787 4657 2995 4714 cateris
3020 4656 3372 4729 Evangelistis
3395 4654 3672 4711 Mattheus
3698 4655 3812 4710 sine

2236 4751 2397 4807 dubio
2426 4759 2745 4820 repugnaret
2765 4767 2779 4804 :
2802 4764 2921 4805 cum
2948 4763 3077 4806 vero
3094 4748 3293 4804 dictum
3306 4757 3410 4816 est,
3430 4747 3560 4802 Ecce
3577 4745 3814 4818 prccedit

2237 4859 2324 4899 vos
2362 4843 2418 4897 in
2443 4841 2707 4897 Galilteam
2728 4858 2748 4908 ;
2776 4840 2845 4895 ibi
2872 4857 2986 4897 eum
3004 4840 3231 4895 videbitis
3244 4856 3262 4905 ;
3283 4853 3382 4896 nec
3399 4852 3713 4910 expressum
3733 4845 3815 4893 est

2237 4931 2448 5004 quando
2473 4931 2526 4986 id
2559 4929 2791 4986 futurum
2817 4937 2996 4997 esset,
3029 4939 3206 4985 utrum
3232 4929 3624 5000 quamprimum
3663 4934 3815 4982 ante-

2237 5039 2396 5097 quam
2430 5023 2555 5079 alibi
2584 5022 2652 5077 ab
2681 5022 2760 5078 eis
2800 5021 2947 5077 visus
2972 5029 3147 5087 esset;
3187 5035 3254 5075 an
3298 5029 3642 5091 posteaquam
3689 5034 3812 5074 eum

2234 5114 2426 5172 alicubi
2457 5114 2615 5170 etiam
2640 5124 2993 5185 prmittrqnam
3021 5113 3075 5168 in
3098 5110 3314 5170 Catilina
3342 5111 3636 5168 vidissent:
3656 5112 3815 5183 idque

2235 5207 2411 5278 ipsum
2435 5204 2573 5276 quod
2593 5204 2880 5277 discipulos
2894 5203 3170 5260 Matthaens
3190 5201 3319 5260 dicit
3341 5203 3447 5259 isse
3464 5204 3519 5259 in
3539 5202 3812 5260 Galilazam

2238 5299 2293 5355 in
2317 5307 2574 5361 montem,
2598 5311 2701 5351 non
2728 5296 2975 5366 exprimit
2996 5296 3159 5363 diem,
3180 5309 3280 5350 nec
3301 5295 3548 5351 narrandi
3568 5295 3812 5351 ordinem

2236 5391 2311 5449 ita
2336 5391 2591 5459 contexit,
2617 5397 2673 5445 ut
2695 5389 3068 5446 necessitatem
3091 5386 3298 5459 ingerat
3320 5386 3451 5444 nihil
3476 5386 3622 5443 aliud
3657 5387 3811 5442 inte.-

2242 5482 2460 5555 iigendi,
2484 5496 2643 5555 quam
2680 5481 2786 5537 hoc
2807 5479 3051 5552 primitus
3096 5478 3294 5536 factum
3320 5496 3335 5534 :
3366 5493 3474 5535 non
3497 5476 3811 5536 adversatur

2241 5576 2451 5650 quidem
2498 5572 2894 5631 narrationibus
2918 5582 3255 5639 cmterorum,
3281 5577 3339 5628 et
3362 5568 3455 5626 dat
3492 5570 3573 5627 eis
3610 5567 3807 5626 intelli-

2240 5669 2431 5743 gendis
2457 5676 2616 5739 atque
2642 5664 2966 5737 accipiendis
3008 5663 3214 5759 locum;
3263 5669 3630 5722 verumtamen
3665 5658 3807 5736 quod

2304 5783 2378 5847 (o)
2399 5780 2517 5833 vide
2539 5793 2699 5844 supra,
2720 5778 2807 5831 lib.
2832 5782 2882 5853 2,
2904 5790 3009 5841 cap.
3032 5775 3115 5840 75,
3136 5789 3188 5829 ιι.
3212 5776 3321 5833 ΗΒ.
