4076 6458
353 430 499 492 12ιὸ

351 547 608 604 Dominus
660 557 764 600 non
794 541 883 598 ubi
921 539 1148 612 primum
1177 526 1236 594 se
1281 536 1739 594 demonstraturus
1781 539 1922 598 erat,

353 639 448 696 sed
475 638 527 693 in
557 635 791 703 Galilaaa,
822 633 907 690 ubi
935 631 1240 689 necessario
1261 639 1448 701 postea
1468 627 1609 682 visus
1634 632 1734 690 est,
1759 638 1817 679 se
1843 623 1926 677 vi-

351 729 587 786 dendum
630 725 916 792 mandavit,
951 733 1003 780 et
1043 739 1138 796 per
1181 721 1427 792 angelum
1476 718 1760 781 dicentem,
1794 711 1928 769 Ecce

359 824 594 895 prtecedit
629 837 714 877 vos
747 822 800 876 in
827 819 1130 885 Galilaeam;
1185 819 1252 872 ibi
1299 835 1410 872 cum
1455 815 1710 880 videbitis;
1739 821 1793 869 et
1836 827 1930 883 per

353 918 588 986 seipsum
617 914 817 981 dicens,
849 913 937 978 ite,
963 912 1192 967 nuntiate
1217 909 1454 982 fratribus
1492 907 1614 962 meis
1651 915 1705 961 ut
1733 913 1847 960 eant
1877 905 1931 959 in

355 1007 653 1073 Galateam;
681 1007 748 1062 ibi
777 1022 854 1062 me
877 1006 1142 1069 videbunt;
1166 1002 1404 1074 quemvis
1434 1001 1641 1056 ﬁdelem
1671 999 1796 1055 facit
1843 997 1928 1052 in-

356 1108 562 1156 tentum
588 1097 652 1154 ad
674 1098 1014 1170 quairendum
1031 1095 1084 1151 in
1105 1109 1212 1166 quo
1227 1094 1482 1167 mysterio
1523 1091 1721 1148 dictum
1775 1089 1934 1146 intel-

353 1189 562 1260 ligatur.

427 1281 516 1337 81.
557 1277 664 1337 Sed
705 1278 851 1350 prius
891 1274 1333 1332 considerandum
1393 1281 1473 1329 est
1514 1271 1726 1345 quando
1771 1270 1932 1327 etiam

357 1370 708 1442 corporaliter
741 1370 796 1424 in
826 1366 1044 1424 Galilrea
1089 1366 1253 1422 videri
1271 1364 1523 1437 potuerit,
1563 1364 1771 1418 dicente
1797 1360 1932 1415 Mat-

359 1462 500 1519 thaao
531 1480 546 1518 :
582 1459 827 1518 Undecim
851 1469 1015 1513 autent
1056 1457 1296 1528 discipuli
1321 1457 1546 1511 abierunt
1573 1456 1625 1510 in
1648 1453 1931 1520 Catilinam,

357 1554 410 1609 in
435 1561 652 1608 montem
669 1551 753 1606 ubi
781 1547 1101 1605 constituerat
1128 1549 1228 1604 illis
1269 1546 1307 1602 Ι
1311 1564 1422 1603 esus
1447 1562 1466 1602 :
1494 1555 1542 1602 et
1571 1545 1789 1600 videntes
1819 1560 1937 1598 eum

357 1646 724 1713 adoraverunt;
769 1643 974 1712 quidam
1000 1651 1165 1697 autem
1206 1642 1574 1696 dubitaverunt.
1611 1637 1742 1706 Quia
1793 1637 1937 1693 enim

364 1753 470 1793 non
500 1735 617 1806 ipso
643 1735 729 1790 die
753 1747 860 1804 quo
887 1733 1177 1790 resurrexit
1205 1732 1544 1787 manifestum
1573 1740 1656 1786 est
1683 1746 1696 1784 :
1736 1743 1858 1784 nam
1884 1727 1938 1783 in

357 1825 655 1884 Jerusalem
689 1824 860 1880 visum
888 1839 1006 1880 esse
1048 1839 1114 1879 eo
1155 1823 1241 1880 die
1279 1822 1430 1878 initio
1458 1823 1626 1878 noctis
1667 1821 1840 1877 Lucas
1884 1826 1942 1876 et

361 1920 596 1977 Joannes
639 1915 974 1988 apertissime
1012 1923 1302 1970 consonant
1330 1931 1344 1980 ;
1373 1913 1580 1968 Marcus
1609 1920 1782 1966 autem
1832 1923 1940 1964 non

356 2020 565 2083 aperte.
605 2008 826 2079 Quando
854 2023 980 2080 ergo
1008 2008 1255 2064 viderunt
1281 2007 1562 2063 Dominum
1593 2007 1648 2061 in
1673 2004 1894 2062 Galilrea
1913 2001 1940 2057 ?

363 2119 468 2158 non
502 2101 794 2158 secundum
821 2098 874 2156 id
905 2099 1044 2170 quod
1070 2099 1198 2155 dicit
1234 2099 1482 2164 Joannes,
1503 2099 1578 2154 ad
1607 2113 1755 2154 mare
1777 2097 1942 2153 Tibe-

364 2191 562 2257 riadis;
591 2200 715 2246 tunc
730 2191 872 2245 enim
896 2202 1098 2259 septem
1126 2189 1358 2254 fuerunt,
1377 2197 1432 2244 et
1456 2186 1938 2259 piseantesinventi

363 2291 524 2338 sunt:
553 2281 646 2337 sed
671 2279 958 2337 secundmn
987 2278 1038 2334 id
1056 2280 1195 2351 quod
1216 2280 1345 2334 dicit
1366 2279 1664 2342 Mattbacus,
1683 2279 1771 2334 ubi
1791 2284 1946 2335 erant

363 2373 610 2430 undecim
631 2372 683 2428 in
731 2381 934 2440 monte,
964 2387 1070 2442 quo
1107 2386 1200 2426 eos
1229 2370 1518 2426 secundum
1544 2370 1941 2441 praedictionem

363 2464 535 2535 angeli
581 2463 735 2520 Jesus
772 2472 1139 2536 praecesserat.
1185 2461 1316 2517 Nam
1349 2462 1418 2516 ita
1457 2477 1676 2519 narrare
1700 2471 1940 2532 apparet,

362 2553 505 2625 quod
533 2553 638 2609 illic
663 2569 782 2608 eum
812 2552 1122 2622 repererint,
1152 2552 1276 2622 quia
1302 2553 1482 2621 utique
1500 2552 1794 2608 secundum
1816 2567 1944 2608 eon-

365 2647 606 2702 stitutum
653 2651 1016 2714 pratcesserat.
1039 2641 1156 2698 Non
1197 2657 1324 2714 ergo
1353 2643 1470 2714 ipso
1508 2643 1596 2698 die
1621 2658 1726 2711 quo
1762 2657 1944 2698 resur-

364 2737 520 2798 rexit,
548 2749 720 2805 neque
745 2734 798 2788 in
824 2733 1268 2804 consequentibus
1291 2743 1411 2788 octo
1431 2733 1641 2801 diebus,
1674 2742 1791 2804 post
1810 2747 1947 2804 quos

362 2826 491 2882 dicit
507 2825 736 2883 Joannes
756 2823 1029 2895 discipulis
1051 2823 1360 2896 apparuisse
1381 2825 1682 2890 Dominum,
1711 2826 1802 2880 ubi
1825 2841 1945 2880 cum

367 2919 538 2991 primo
565 2917 696 2973 vidit
722 2915 976 2984 Thomas,
999 2917 1088 2989 qui
1116 2933 1239 2973 eum
1285 2933 1392 2973 non
1417 2918 1620 2973 viderat
1643 2918 1730 2974 die
1760 2933 1945 2973 resur-

369 3009 619 3064 rectionis
645 3010 781 3078 ejus.
805 3007 939 3063 Nam
963 3009 1146 3080 utique
1169 3008 1213 3063 si
1236 3009 1374 3063 intra
1402 3009 1617 3065 eosdem
1665 3019 1787 3065 octo
1831 3010 1948 3066 dies

367 3117 488 3156 eum
516 3102 567 3154 in
595 3117 717 3154 mon
727 3109 776 3156 te
797 3098 1029 3156 Galilma:
1045 3099 1154 3170 jam
1182 3098 1254 3154 illi
1277 3099 1523 3156 undecim
1538 3100 1797 3167 viderant,
1817 3116 1950 3171 quo-

370 3191 530 3247 modo
553 3197 673 3261 post
697 3199 818 3245 octo
848 3189 963 3246 dies
992 3206 1111 3247 eum
1141 3189 1374 3261 primum
1418 3190 1550 3246 vidit
1574 3191 1827 3259 Thomas,
1858 3192 1950 3264 qui

369 3283 425 3337 in
459 3282 564 3337 illis
586 3281 830 3337 undecim
867 3281 1069 3337 iuerat?
1106 3281 1216 3337 Nisi
1246 3281 1364 3352 quis
1383 3282 1526 3338 dicat
1552 3298 1656 3338 non
1696 3283 1818 3338 illos
1847 3300 1949 3338 un-

371 3372 542 3427 decim
564 3373 654 3442 qui
675 3371 786 3442 jam
817 3382 940 3426 tunc
962 3373 1200 3444 Apostoli
1225 3374 1570 3443 vocabantur,
1599 3375 1692 3431 sed
1716 3375 1954 3445 discipu-

371 3465 456 3520 los
485 3463 592 3518 illic
620 3464 865 3519 undecim
894 3463 1076 3531 fuisse,
1104 3481 1168 3520 ex
1197 3466 1364 3521 multo
1401 3482 1625 3522 numero
1670 3467 1956 3538 discipulo-

374 3571 512 3612 rum.
554 3555 661 3610 Soli
711 3555 906 3625 quippe
960 3552 1135 3610 adhuc
1198 3555 1523 3611 vocabantur
1583 3556 1821 3626 Apostoli
1877 3557 1954 3613 illi

374 3646 644 3712 undecim,
678 3644 771 3699 sed
811 3660 916 3700 non
963 3645 1061 3700 soli
1108 3653 1262 3702 erant
1311 3646 1579 3717 discipuli.
1616 3647 1796 3704 Potest
1824 3663 1956 3721 ergo

375 3737 493 3793 fieri
523 3745 576 3792 ut
608 3753 709 3792 non
738 3753 944 3805 omnes,
971 3737 1066 3794 sed
1092 3737 1252 3809 aliqui
1275 3755 1458 3794 eorum
1490 3739 1558 3796 ibi
1593 3741 1822 3808 fuerint;
1865 3743 1956 3799 alii

375 3843 504 3884 vero
527 3828 769 3899 discipuli
800 3845 920 3884 cum
943 3829 1040 3896 eis,
1070 3830 1138 3884 ita
1166 3838 1222 3884 ut
1250 3829 1492 3885 undecim
1515 3834 1907 3902 complerentur
1937 3851 1951 3888 :

377 3931 439 3973 ac
464 3918 539 3973 sic
569 3935 673 3973 non
706 3919 776 3974 ibi
815 3919 977 3974 fuisse
1006 3918 1285 3988 Thomam,
1312 3921 1399 3992 qui
1422 3933 1538 3992 post
1561 3921 1678 3978 illos
1704 3923 1817 3978 dies
1834 3934 1955 3979 octo

375 4010 549 4078 primo
594 4009 877 4065 Dominum
910 4009 1058 4065 vidit.
1105 4010 1310 4066 Marcus
1353 4014 1546 4082 quippe
1596 4013 1806 4083 quando
1836 4013 1957 4070 illos

377 4101 621 4154 undecim
649 4101 980 4176 memoravit,
1005 4117 1112 4156 non
1128 4111 1412 4171 utcumque
1435 4103 1698 4168 undecim,
1715 4104 1806 4158 sed
1828 4104 1950 4169 illis,

377 4192 566 4264 inquit,
598 4193 825 4247 undecim
845 4194 1098 4269 apparuit.
1148 4193 1319 4249 Lucas
1344 4195 1522 4261 etiam,
1557 4194 1789 4266 Regressi
1814 4206 1953 4266 sunt,

375 4283 566 4354 inquit,
603 4283 907 4350 Jerusalem,
937 4294 985 4338 et
1021 4285 1308 4339 invenerunt
1333 4296 1658 4356 congregatos
1701 4287 1952 4352 undecim,

380 4384 425 4430 et
454 4392 538 4430 eos
560 4377 644 4446 qui
664 4392 774 4429 cum
788 4375 910 4446 ipsis
931 4385 1092 4429 erant.
1107 4374 1167 4430 El
1194 4377 1290 4431 iste
1305 4377 1537 4432 ostendit
1554 4377 1672 4432 illos
1689 4377 1953 4447 undecim,

375 4463 482 4520 hoc
509 4474 608 4532 est,
653 4464 937 4534 Apostolos
975 4465 1159 4522 fuisse.
1190 4463 1324 4521 Nam
1353 4482 1474 4522 cum
1499 4465 1756 4536 adjunxit,
1802 4476 1846 4521 et
1871 4481 1958 4524 eos

379 4556 598 4626 quicum
627 4557 750 4626 ipsis
775 4567 914 4613 erant
932 4573 952 4623 ,°
973 4558 1101 4612 satis
1128 4560 1306 4628 utique
1334 4557 1618 4612 declaravit
1640 4557 1958 4613 eminentius

379 4648 500 4704 illos
528 4649 773 4704 undecim
801 4651 1094 4720 appellatos
1112 4666 1229 4704 cum
1252 4649 1442 4719 quibus
1471 4659 1620 4705 erant
1642 4650 1819 4706 caeteri
1850 4669 1863 4705 :
1895 4665 1959 4706 ac

377 4751 476 4807 per
504 4739 604 4791 hoc
631 4739 707 4792 illi
736 4739 1098 4808 intelliguntur
1117 4739 1202 4808 qui
1220 4739 1328 4809 jam
1347 4739 1668 4794 vocabantur
1695 4741 1954 4810 Apostoli.

379 4828 497 4887 Hoc
524 4830 741 4900 proinde
771 4830 884 4885 fieri
913 4831 1102 4901 potuit,
1131 4839 1188 4886 ut
1213 4847 1279 4888 ex
1323 4845 1544 4909 numero
1583 4832 1957 4902 Apostolorum

383 4930 438 4977 et
461 4921 684 4975 aliorum
715 4918 1120 4991 discipulorum,
1154 4919 1399 4976 undecim
1445 4921 1687 4992 discipuli
1718 4923 1956 4993 comple-

381 5020 586 5078 rentur,
630 5013 718 5083 qui
746 5011 980 5068 viderint
1023 5011 1162 5068 intra
1192 5012 1312 5069 illos
1339 5020 1461 5068 octo
1485 5012 1600 5070 dies
1632 5014 1684 5068 in
1723 5013 1958 5071 Galilaea':

379 5114 561 5160 monte
585 5104 786 5160 Jesum.

453 5195 540 5252 8‘2.
573 5197 677 5251 Sed
704 5197 932 5252 occurrit
951 5195 1092 5251 aliud
1120 5195 1258 5266 quod
1278 5195 1500 5251 absistat
1521 5195 1794 5254 :‘Jomnes
1815 5198 1957 5254 enim

381 5287 590 5357 quando
620 5287 1054 5343 commemoravit
1078 5302 1181 5342 non
1209 5288 1262 5342 in
1289 5298 1469 5343 monte
1497 5289 1563 5342 ab
1581 5290 1844 5359 undecim,
1863 5292 1958 5347 sed

383 5380 448 5434 ad
488 5395 631 5434 mare
660 5380 954 5434 Tiberiadis
993 5396 1024 5434 a
1053 5388 1255 5451 septem
1282 5380 1606 5450 piscantibus
1635 5383 1805 5437 visum
1837 5399 1957 5439 esse

381 5470 689 5537 Dominum,
711 5467 824 5525 Hoc
841 5471 954 5541 jam
975 5471 1140 5538 tertio,
1157 5471 1344 5541 inquit,
1361 5472 1706 5543 manifestatus
1723 5483 1793 5527 est
1805 5473 1838 5527 Ι
1844 5489 1957 5527 esus

383 5561 643 5635 discipulis
658 5565 778 5632 suis,
800 5579 913 5619 cum
927 5563 1274 5618 resurrexisset
1295 5577 1324 5617 a
1350 5565 1575 5618 mortuis.
1594 5563 1648 5620 Si
1666 5575 1842 5621 autem
1872 5582 1958 5622 ac-

383 5658 825 5727 eeperimusintra
845 5654 966 5711 illos
991 5664 1111 5710 octo
1134 5655 1268 5720 dies,
1287 5664 1566 5726 antequam
1587 5655 1819 5712 Thomas
1835 5674 1956 5714 eum

384 5742 636 5817 vidisset,
667 5749 734 5805 ab
762 5746 1005 5804 undecim
1042 5747 1337 5817 quibusque
1365 5746 1632 5816 discipulis
1675 5749 1956 5806 Dominum

387 5843 587 5907 visum;
614 5857 720 5899 non
749 5843 850 5898 erit
877 5845 976 5897 hoc
1004 5840 1069 5896 ad
1102 5855 1248 5896 mare
1275 5839 1568 5898 Tiberiadis
1599 5839 1755 5897 tertio
1782 5843 1955 5900 mani-

1685 411 1888 470 LlBER
1923 408 2238 472 TERTIUS.

3469 403 3602 463 12M

2033 530 2282 586 testatum
2335 540 2473 594 esse,
2503 526 2597 584 sed
2639 534 2846 598 quarto.
2878 523 3028 594 Quod
3069 524 3281 596 quidem
3308 522 3602 579 cavendum

2033 632 2136 686 est.
2162 638 2228 678 ne
2246 623 2366 693 quis
2392 622 2658 679 existimet
2677 620 2832 677 tertio
2853 618 3108 674 Joannem
3121 618 3332 684 dixisse,
3350 624 3600 688 tanquam

2033 723 2140 771 tres
2168 715 2295 771 solae
2323 715 2470 770 factre
2501 713 2692 769 fuerint
2717 712 3164 769 manifestationes
3195 711 3347 781 ejus:
3380 709 3471 765 sed
3499 709 3599 764 hoc

2033 807 2403 879 intelligendus
2427 817 2508 863 est
2541 806 2605 862 ad
2651 822 2930 862 numerum
2968 805 3172 860 dierum
3201 803 3462 867 retulisse,
3493 817 3599 858 non

2032 899 2098 954 ad
2127 915 2399 954 numerum
2420 900 2649 967 ipsarum
2669 897 3184 987 manifestqtionum;
3209 910 3306 950 nec
3329 895 3603 949 continuo-

2035 1009 2153 1049 rum
2181 993 2404 1058 dierum,
2439 991 2532 1046 sed
2565 1006 2658 1061 per
2687 990 2980 1052 intervalla,
3011 989 3149 1044 sicut
3176 987 3312 1044 idem
3359 987 3470 1056 ipse
3522 992 3604 1040 tc-

2035 1093 2222 1141 statur.
2245 1084 2374 1140 Nam
2393 1084 2562 1155 primo
2575 1084 2688 1153 ipso
2708 1082 2794 1138 die
2814 1082 3215 1138 resurrectionis
3226 1096 3356 1147 sum,
3382 1087 3608 1148 excepto

2036 1176 2176 1246 quod
2202 1191 2230 1230 a
2259 1175 2568 1230 mulieribus
2597 1174 2740 1228 visus
2765 1182 2866 1240 est,
2899 1174 2948 1226 id
2976 1181 3056 1227 est
3081 1172 3290 1242 quodin
3317 1170 3608 1240 Evangelia

2037 1267 2220 1334 claret,
2242 1266 2333 1321 'ter
2362 1281 2420 1321 se
2446 1265 2829 1330 manifestavit;
2873 1265 3034 1319 semel
3062 1264 3240 1331 Petro,
3268 1263 3457 1317 iterum
3475 1261 3610 1316 duo-

2039 1357 2138 1413 bus
2160 1357 2263 1412 illis
2301 1372 2527 1427 quorum
2557 1370 2694 1412 unus
2721 1364 2833 1410 erat
2873 1354 3158 1424 Cleophas,
3186 1355 3344 1407 tertio
3372 1351 3610 1422 plurimis

2030 1448 2141 1520 jam
2162 1449 2282 1504 inde
2299 1448 2716 1518 colloquentibus
2737 1448 2906 1501 noctis
2923 1446 3137 1503 exordio
3163 1463 3174 1500 :
3199 1445 3290 1499 sed
3318 1445 3416 1500 hoc
3444 1453 3610 1499 totum

2037 1537 2272 1595 Joannes
2300 1537 2365 1593 ad
2407 1555 2567 1594 unum
2620 1539 2761 1593 diem
2812 1538 3046 1593 referens
3097 1537 3261 1593 semel
3313 1544 3607 1606 computat;

2042 1631 2232 1686 iterum
2257 1639 2454 1697 autem,
2482 1628 2583 1684 hoc
2612 1640 2693 1685 est
2738 1629 2841 1685 alio
2876 1628 2982 1694 die,
3012 1628 3223 1698 quando
3247 1642 3367 1682 eum
3408 1626 3536 1681 vidit
3560 1634 3614 1681 et

2041 1721 2304 1789 Thomas;
2335 1723 2489 1777 tertio
2519 1737 2645 1777 vero
2672 1721 2737 1776 ad
2759 1737 2905 1776 mare
2927 1720 3242 1786 Tiberiadis,
3276 1720 3376 1774 hoc
3397 1727 3479 1774 est
3498 1726 3608 1774 ter-

2045 1815 2117 1869 tio
2137 1814 2222 1870 die
2244 1815 2684 1870 manifestationis
2707 1815 2842 1885 ejus,
2868 1830 2970 1868 non
2995 1814 3148 1869 tertia
3167 1813 3609 1868 manifestatione.

2043 1906 2122 1962 Ac
2144 1923 2237 1977 per
2255 1905 2357 1962 hoc
2376 1917 2495 1977 post
2519 1907 2631 1962 haec
2651 1908 2828 1962 omnia
2850 1906 3087 1978 cogimur
3108 1905 3400 1975 intelligere
3420 1902 3615 1957 factum

2045 2014 2180 2064 esse,
2198 1998 2336 2068 quod
2353 2015 2474 2054 eum
2495 2000 2546 2054 in
2569 2008 2747 2069 monte
2766 1999 2994 2056 Galilaetc
3011 1998 3298 2054 secundum
3316 1997 3617 2052 Matthrcum

2045 2088 2289 2160 discipuli
2313 2089 2555 2144 undecim
2579 2091 2840 2156 viderunt,
2874 2106 2978 2160 quo
3006 2105 3098 2145 eos
3121 2089 3408 2145 secundum
3433 2087 3619 2142 consti-

2045 2188 2214 2236 tutum
2244 2191 2621 2251 praecesserat,
2649 2192 2707 2236 ut
2735 2182 3045 2252 impleretur
3085 2181 3242 2236 etiam
3281 2178 3348 2234 ad
3390 2179 3621 2234 litteram

2045 2273 2189 2346 quod
2211 2282 2263 2330 et
2300 2290 2392 2344 per
2411 2275 2653 2345 angelum
2684 2283 2736 2329 et
2760 2286 2856 2343 per
2875 2275 3108 2343 seipsum
3142 2271 3476 2341 praedixerat.

2116 2367 2206 2422 83.
2249 2367 2548 2421 invenimus
2600 2366 2777 2436 itaque
2820 2364 2957 2435 apud
2992 2373 3217 2435 quatuor
3252 2362 3618 2432 Evangelistas

2046 2457 2224 2512 decies
2249 2456 2722 2512 eoinmemoratum
2752 2457 3031 2511 Dominum
3063 2457 3230 2510 visum
3271 2468 3389 2509 esse
3422 2453 3489 2508 ab
3518 2453 3616 2508 ho-

2048 2550 2278 2604 minibus
2297 2558 2416 2619 post
2440 2548 2902 2603 resurrectionem.
2922 2547 3118 2610 Semel,
3140 2546 3206 2600 ad
3223 2552 3621 2600 monumentum

2049 2641 2357 2695 mulieribus
2383 2639 2560 2711 (Joan.
2589 2655 2688 2706 xx,
2719 2639 2828 2711 14).
2855 2639 3068 2705 lterum,
3100 2638 3298 2694 eisdem
3323 2636 3625 2708 regredien-

2050 2731 2190 2788 tibus
2215 2747 2243 2785 a
2261 2739 2602 2786 monumento
2632 2731 2684 2786 in
2705 2731 2892 2787 itinere
2919 2730 3130 2801 (Matth.
3165 2745 3355 2795 xxvm,
3384 2728 3464 2800 9).
3491 2727 3624 2784 Ter.

2051 2823 2143 2888 tio,
2185 2823 2343 2878 Petro
2381 2821 2532 2892 (Luc.
2572 2839 2727 2890 xxnv,
2757 2824 2872 2893 55).
2901 2823 3117 2889 Quarto,
3144 2821 3351 2876 duobus
3379 2819 3626 2876 euntibus

2051 2915 2105 2969 in
2131 2915 2405 2970 castellum
2436 2914 2593 2984 (Ibid.
2625 2914 2730 2984 15).
2757 2915 2973 2981 Quinto,
2998 2913 3239 2983 pluribus
3258 2913 3308 2966 in
3331 2910 3628 2967 Jerusalem

2054 3007 2140 3063 ubi
2170 3023 2273 3061 non
2303 3017 2416 3062 erat
2443 3007 2674 3062 Thomas
2715 3005 2889 3076 (Joan.
2918 3021 3017 3073 xx,
3059 3005 3272 3075 19-24).
3319 3005 3502 3070 Sexto,
3538 3004 3630 3060 ubi

2053 3115 2175 3155 eum
2199 3099 2327 3152 vidit
2345 3098 2578 3152 Thomas
2605 3096 2762 3168 (Ibid.
2787 3097 2903 3169 26).
2933 3096 3191 3166 Septimo,
3215 3097 3280 3150 ad
3307 3109 3454 3152 mare
3471 3094 3632 3152 Tibe-

2055 3189 2218 3246 riadis
2245 3188 2354 3263 (Id.
2387 3188 2590 3261 xxr,l).
2622 3189 2839 3253 Octavo,
2872 3189 2923 3244 in
2948 3198 3128 3243 monte
3155 3187 3408 3256 Galilzeaa,
3443 3202 3633 3244 secun-

2056 3283 2181 3338 dum
2212 3283 2513 3337 Matthrcum
2546 3282 2755 3354 (Matth.
2787 3297 2980 3348 xxvut,
3014 3281 3098 3344 ιϐ,
3148 3279 3256 3354 l7).
3283 3279 3455 3348 Nono,
3490 3279 3630 3351 quod

2055 3373 2186 3431 dicit
2212 3375 2438 3440 Marcus,
2474 3373 2758 3429 Novissime
2785 3374 3200 3438 recumbentibus,
3233 3374 3353 3443 quia
3379 3374 3490 3444 jam
3523 3387 3629 3429 non

2059 3477 2211 3524 erant
2238 3468 2291 3523 in
2335 3477 2475 3523 terra
2503 3483 2625 3522 cum
2673 3467 2764 3522 illo
2789 3468 3112 3522 convivaturi
3141 3466 3328 3540 (Marc.
3373 3483 3482 3536 xvi,
3521 3464 3631 3538 Μ).

2062 3557 2298 3625 Decimo,
2327 3558 2380 3612 in
2416 3560 2532 3628 ipso
2557 3557 2664 3622 die,
2691 3573 2795 3611 non
2820 3558 2929 3627 jam
2967 3558 3019 3611 in
3061 3568 3222 3625 terra,
3255 3559 3347 3614 sed
3373 3558 3635 3613 elevatum

2059 3649 2116 3705 in
2140 3649 2300 3717 nube,
2333 3665 2453 3704 cum
2491 3648 2545 3703 in
2573 3649 2764 3705 omium
2793 3649 3141 3714 ascenderet;
3183 3649 3322 3719 quod
3352 3648 3556 3703 Marcus
3583 3657 3639 3702 et

2059 3739 2232 3798 Lucas
2251 3749 2700 3795 commemorant:
2722 3739 2928 3794 Marcus
2953 3739 3168 3810 quidem
3190 3748 3306 3809 post
3327 3737 3473 3802 illud,
3495 3734 3639 3807 quod

2061 3833 2140 3888 eis
2157 3830 2605 3886 discumbenlibus
2619 3830 2880 3900 apparuit,
2899 3829 2969 3883 ita
2986 3830 3300 3884 continuatis
3320 3837 3377 3882 ut
3401 3827 3599 3883 diceret
3622 3843 3636 3883 τ

2063 3923 2131 3976 Et
2155 3921 2403 3976 Dominus
2424 3919 2623 3991 quidem
2647 3929 2910 3990 postquam
2937 3920 3131 3974 locutus
3153 3930 3223 3973 est
3248 3918 3338 3986 eis,
3357 3927 3643 3990 assumptus

2062 4023 2134 4068 est
2163 4013 2216 4067 in
2262 4013 2442 4066 coelum
2494 4010 2655 4081 (Ibid.
2707 4010 2800 4080 l9)
2826 4029 2838 4063 :
2867 4009 3038 4065 Lucas
3067 4020 3242 4065 autem
3276 4010 3642 4080 praetermissis

2062 4105 2310 4159 omnibus
2337 4119 2455 4174 qua:
2497 4118 2596 4173 per
2639 4102 2987 4174 quadraginta
3034 4103 3148 4157 dies
3181 4103 3262 4173 agi
3305 4103 3372 4156 ab
3401 4102 3492 4156 illo
3521 4116 3644 4156 cum

2062 4193 2338 4264 discipulis
2359 4203 2662 4263 petuerunt,
2685 4193 2758 4248 illi
2780 4197 2949 4261 primo
2975 4193 3077 4247 diei
3102 4192 3502 4247 resurrectionis
3523 4192 3641 4261 ejus

2063 4283 2280 4355 quando
2323 4285 2376 4339 in
2419 4284 2716 4340 Jerusalem
2763 4284 3002 4353 pluribus
3048 4284 3320 4352 apparuit,
3374 4282 3646 4352 conjungit

2064 4379 2221 4433 tacite
2247 4377 2592 4432 novissimum
2635 4375 2775 4430 diem
2815 4391 2920 4445 quo
2955 4374 3193 4446 ascendit
3230 4375 3282 4429 in
3317 4375 3538 4440 cazlum,
3571 4374 3646 4429 ita

2064 4486 2290 4526 narrans
2330 4487 2343 4522 :
2386 4469 2576 4524 Eduxit
2613 4478 2780 4521 autem
2816 4469 2930 4523 illos
2967 4471 3104 4538 foras
3145 4469 3198 4524 in
3230 4468 3565 4536 Bel/laniant,
3597 4477 3646 4523 et

2063 4562 2268 4618 elevatis
2295 4563 2524 4616 manibus
2553 4562 2656 4615 suis
2681 4560 2930 4616 benedixit
2957 4563 3028 4616 eis
3055 4577 3075 4617 :
3098 4571 3146 4617 et
3174 4567 3364 4635 factum
3393 4571 3495 4629 cst,
3530 4577 3646 4614 cum

2066 4653 2373 4710 benediceret
2409 4655 2510 4720 eis,
2540 4654 2740 4708 recessit
2778 4654 2842 4708 ab
2876 4654 2978 4719 eis,
3011 4664 3058 4709 et
3089 4654 3340 4723 ferebatur
3373 4655 3425 4706 in
3464 4651 3645 4709 caelum

2067 4743 2214 4814 (Luc.
2239 4745 2380 4806 xxiv,
2410 4744 2507 4810 50,
2533 4741 2647 4814 5i).
2679 4741 2939 4799 Viderunt
2962 4759 3092 4814 ergo
3125 4760 3244 4800 eum
3281 4753 3474 4814 prmter
3502 4743 3644 4814 quod

2063 4837 2118 4891 in
2146 4844 2284 4890 terra
2310 4834 2572 4903 viderant,
2603 4835 2761 4889 etiam
2790 4834 2917 4890 dum
2946 4833 3175 4891 ferretur
3204 4836 3255 4890 in
3285 4837 3500 4892 ere-lum.
3533 4835 3643 4891 To-

2065 4929 2164 4983 ties
2202 4942 2328 4996 ergo
2357 4928 2410 4982 in
2445 4925 2763 4996 evangelicis
2787 4925 2962 4982 Libris
2989 4936 3436 4982 commemoratus
3463 4933 3546 4982 est
3577 4927 3646 4981 ab

2063 5019 2367 5075 hominibus
2395 5020 2535 5073 visus
2554 5059 2568 5085 ,
2597 5028 2877 5088 antequam
2905 5017 3227 5074 ascendisset
3251 5018 3306 5072 in
3333 5019 3561 5085 caelum;
3591 5019 3644 5073 in

2063 5120 2206 5166 terra
2235 5111 2436 5166 scilicet
2461 5111 2664 5177 novies,
2691 5111 2821 5165 etin
2849 5125 2973 5165 aere
2997 5111 3162 5165 semei
3188 5110 3498 5168 ascendens.

2136 5204 2226 5259 84.
2254 5203 2359 5259 Sed
2381 5217 2490 5258 non
2515 5203 2690 5257 omnia
2717 5203 2913 5274 scripta
2933 5212 3074 5268 sunt,
3103 5203 3238 5258 sicut
3259 5204 3488 5259 Joannes
3516 5203 3645 5258 fatc«

2065 5305 2152 5351 tur
2184 5293 2360 5367 (Joan.
2386 5310 2502 5359 xxi,
2530 5294 2643 5363 25).
2677 5293 2871 5348 Crebra
2911 5295 3051 5349 enim
3087 5304 3201 5349 erat
3244 5294 3360 5363 ejus
3398 5309 3517 5348 cum
3543 5296 3646 5351 illis

2065 5387 2398 5441 conversatio
2433 5400 2528 5455 per
2559 5384 2676 5440 dies
2704 5385 3048 5456 quadraginta
3069 5427 3084 5452 ,
3117 5386 3422 5456 priusquam
3459 5402 3647 5441 ascen-
3693 5436 3698 5442 .

2066 5476 2232 5531 dissct
2263 5476 2315 5529 in
2340 5475 2534 5530 emlum
2563 5475 2695 5544 (Act.
2719 5491 2756 5542 ι,
2779 5475 2832 5545 5)
2864 5494 2875 5527 :
2906 5491 3011 5530 non
3041 5487 3212 5531 tamen
3241 5476 3317 5529 eis
3343 5491 3437 5545 per
3457 5490 3644 5532 omnes

2066 5567 2406 5638 quadraginta
2428 5564 2539 5621 dies
2560 5566 2837 5621 continuos
2859 5576 3191 5637 apparuerat.
3211 5566 3338 5620 Nam
3362 5574 3480 5635 post
3499 5566 3643 5622 diem

2061 5658 2294 5730 primum
2315 5656 2717 5712 resurrectionis
2733 5656 2866 5726 ejus,
2887 5659 3018 5712 alios
3033 5667 3150 5713 octo
3168 5657 3278 5711 dies
3295 5656 3645 5714 intervenisse
3717 5643 3721 5646 ’

2066 5751 2193 5804 dicit
2221 5747 2485 5814 Joannes,
2515 5758 2635 5820 post
2666 5764 2796 5817 quos
2838 5752 2913 5805 eis
2954 5768 3133 5804 rursus
3173 5752 3433 5818 apparuit.
3467 5753 3645 5808 Tertio

2067 5854 2241 5900 autem
2274 5844 2340 5899 ad
2368 5859 2513 5899 mare
2544 5839 2868 5910 Tibcriadis,
2907 5842 3142 5901 fortassis
3174 5846 3422 5903 continuo
3451 5860 3638 5904 coma
