4042 6358
498 543 683 618 quenti
719 541 840 611 die;
868 540 999 598 nihil
1028 537 1170 597 enim
1198 546 1457 611 repugnat
1495 555 1509 590 :
1546 545 1602 591 et
1633 534 1827 591 deinde
1865 531 2076 604 quando

497 638 698 704 voluit,
728 635 1058 692 constituens
1084 634 1163 690 eis
1182 674 1197 700 ,
1224 631 1366 704 quod
1403 638 1458 686 et
1493 639 1616 686 ante
1646 627 2079 698 praedixerat,-ut

498 745 594 788 eos
613 730 667 787 in
684 728 914 788 Galilaue
930 737 1166 783 montem
1186 725 1511 797 praecederet
1534 742 1546 776 :
1569 732 1726 793 atque
1748 720 1966 776 omnino
1984 734 2081 790 per

499 822 624 878 illos
661 820 1005 892 quadraginta
1051 819 1168 874 dies
1204 817 1413 888 quoties
1446 815 1642 882 voluit,
1672 815 1860 885 quibus
1889 811 2075 880 voluit,

498 910 944 984 quemadmodum
967 909 1165 974 voluit;
1192 908 1328 963 sicut
1348 907 1538 962 Petrus
1557 905 1701 971 dicit,
1726 904 1936 974 quando
1957 918 2079 959 eum

499 1003 749 1059 Cornelio
773 1012 827 1059 et
856 1002 920 1058 iis
945 1002 1034 1073 qui
1060 1017 1180 1056 cum
1211 1001 1300 1056 illo
1327 999 1566 1067 fuerant,
1595 997 1914 1069 prmdicabat
1933 1039 1949 1062 ,
1979 996 2082 1062 Qui

499 1093 672 1160 simul,
701 1093 891 1161 inquit,
921 1092 1330 1146 manducavimus
1357 1098 1404 1147 et
1430 1090 1641 1144 bibimus
1664 1105 1779 1143 cum
1805 1089 1913 1154 illo,
1943 1096 2081 1157 post-

498 1202 709 1257 eaquam
734 1185 1005 1239 resurrexit
1029 1203 1061 1238 a
1088 1185 1316 1248 mortuis,
1336 1199 1424 1253 per
1450 1182 1554 1236 dies
1579 1181 1914 1254 quadraginta
1940 1178 2076 1253 (Act.

497 1296 555 1347 x,
581 1279 675 1351 41)
703 1298 716 1332 :
744 1293 850 1334 non
885 1278 1026 1349 quod
1055 1277 1289 1348 quotidie
1318 1292 1413 1346 per
1444 1275 1559 1330 dies
1586 1274 1932 1346 quadraginta
1957 1287 2080 1328 cum

499 1370 593 1426 illo
620 1369 1034 1425 manducassent
1059 1376 1113 1423 et
1147 1367 1434 1432 bibissent;
1463 1381 1588 1421 nam
1616 1367 1719 1422 erit
1750 1365 2078 1420 contrarium

497 1461 710 1527 Joanni,
741 1462 830 1531 qui
856 1471 976 1516 octo
1004 1461 1124 1516 illos
1149 1461 1262 1516 dies
1283 1459 1597 1529 interposuit
1620 1459 1810 1530 quibus
1834 1459 1913 1514 eis
1933 1459 2079 1514 visus

482 1570 604 1622 non
640 1562 752 1620 est,
783 1562 840 1608 ut
867 1553 1022 1607 tertio
1050 1551 1479 1606 manifestaretur
1501 1549 1566 1605 ad
1592 1565 1739 1605 mare
1760 1549 2073 1605 Tiberiadis.

497 1643 626 1701 lnde
647 1647 757 1715 jam
783 1645 989 1700 etiamsi
1021 1644 1255 1714 quotidie
1283 1643 1387 1698 illis
1412 1643 1557 1696 visus
1585 1653 1639 1696 et
1669 1657 1789 1697 cum
1819 1642 1926 1697 illis
1951 1657 2080 1697 con-

498 1735 704 1791 vivatus
728 1744 843 1802 est,
883 1734 1015 1789 nihil
1049 1743 1324 1804 repugnat.
1371 1733 1440 1788 Et
1479 1733 1702 1787 fortasse
1739 1733 1857 1787 ideo
1878 1732 2078 1788 dictum

498 1837 601 1894 est,
631 1845 718 1898 per
735 1827 1070 1900 quadraginta
1095 1827 1219 1893 dies,
1248 1826 1337 1896 qui
1362 1834 1550 1896 quater
1571 1825 1696 1881 deni
1725 1833 1850 1880 sunt
1877 1825 1931 1878 in
1957 1841 2077 1895 my-

497 1920 664 1980 sterio
705 1919 789 1974 vel
819 1919 978 1973 totius
1004 1917 1185 1973 mundi
1213 1918 1296 1972 vel
1326 1918 1486 1971 totius
1525 1916 1835 1984 temporalis
1875 1916 2074 1982 sazculi,
2105 1985 2112 1990 I

497 2009 622 2080 quia
648 2017 702 2064 et
724 2009 799 2062 illi
828 2009 982 2078 primi
1010 2007 1195 2062 decem
1224 2007 1359 2075 dies,
1385 2007 1441 2061 in
1467 2006 1660 2076 quibus
1679 2015 1832 2061 erant
1856 2007 1930 2060 illi
1956 2016 2079 2062 octo

499 2100 617 2156 dies
635 2142 652 2167 ,
679 2116 708 2153 a
737 2109 885 2169 parte
925 2108 1091 2153 totum
1118 2107 1340 2170 possunt
1363 2113 1513 2154 more
1541 2098 1930 2168 Scripturarum
1967 2114 2076 2154 non

498 2192 714 2248 dissone
736 2191 1055 2262 computari.

571 2285 662 2341 85.
687 2282 1006 2339 Conferatur
1029 2298 1156 2354 ergo
1184 2292 1238 2339 et
1260 2282 1401 2354 quod
1428 2283 1502 2338 ait
1541 2282 1814 2353 apostolus
1850 2283 2075 2350 Paulus,

498 2382 675 2430 utrum
716 2374 846 2429 nihil
883 2373 1071 2428 afferat
1121 2372 1430 2444 quaestionis
1458 2388 1477 2426 :
1501 2371 1817 2439 Resurrexit,
1867 2372 2073 2442 inquit,

499 2465 643 2520 tertio
663 2465 744 2519 die
761 2464 1034 2519 secundum
1055 2463 1370 2534 Scripturas,
1397 2473 1447 2518 et
1468 2465 1706 2534 apparuit
1731 2462 1932 2535 Cephte.
1959 2463 2077 2521 Non

499 2555 664 2621 dixit,
688 2555 868 2610 Primo
893 2556 1135 2625 apparuit
1159 2554 1387 2625 (Iephte;
1415 2571 1537 2610 nam
1561 2565 1703 2612 esset
1718 2559 2075 2626 contrarium,

501 2647 643 2717 quod
671 2648 843 2717 primo
863 2647 1175 2702 mulieribus
1202 2649 1512 2718 apparuisse
1541 2649 1594 2704 in
1631 2650 1916 2719 Evangelio
1942 2652 2078 2722 legi-

500 2746 606 2792 tur.
629 2736 836 2804 Postea,
870 2738 1058 2807 inquit,
1089 2738 1352 2792 duodecim
1382 2739 1787 2809 â€˜zquibuslibet,
1815 2758 1918 2811 qua
1945 2743 2076 2799 hora

503 2828 666 2895 libet,
698 2829 812 2898 ipso
839 2837 1014 2884 tamen
1033 2831 1438 2885 resurrectionis
1461 2831 1567 2886 die.
1600 2832 1803 2888 Deinde
1839 2835 2078 2904 apparuit

499 2919 766 2991 plusquam
792 2920 1071 2990 quingentis
1101 2921 1342 2991 fratribus
1366 2922 1553 2975 simul:
1572 2923 1682 2978 sive
1714 2924 1797 2978 isti
1825 2939 1943 2979 cum
1975 2927 2078 2981 illis

499 3008 744 3064 undecim
762 3020 913 3064 erant
932 3012 1236 3081 congregati
1258 3012 1452 3067 clausis
1472 3015 1624 3069 ostiis
1642 3025 1856 3085 propter
1877 3029 2076 3074 metum

499 3101 835 3166 Iudaeorum,
869 3102 1010 3156 unde
1039 3117 1161 3157 eum
1189 3104 1407 3159 exiisset
1433 3105 1684 3170 Thomas,
1704 3108 1850 3162 venit
1877 3110 1943 3163 ad
1981 3125 2076 3167 eos

499 3190 684 3257 Jesus;
728 3192 840 3248 sive
869 3201 989 3261 post
1035 3205 1156 3248 oeto
1197 3194 1317 3249 illos
1358 3195 1472 3249 dies
1510 3197 1722 3267 quando
1753 3199 1912 3265 libet;
1944 3201 2076 3258 nihil

498 3282 660 3338 habet
684 3282 913 3339 adversi.
956 3284 1168 3351 Postea,
1208 3285 1408 3356 inquit,
1445 3290 1683 3358 apparuit
1709 3291 1900 3346 Jacobo
1926 3309 1946 3348 :
1969 3310 2076 3351 non

500 3383 626 3430 tunc
675 3385 851 3430 autem
906 3375 1134 3444 primum
1165 3379 1408 3446 accipere
1453 3378 1708 3437 debemus
1748 3383 1918 3437 visum
1959 3400 2079 3441 esse

500 3464 700 3520 Jacobo
719 3507 735 3532 ,
769 3465 864 3521 sed
890 3467 1065 3537 aliqua
1092 3469 1306 3537 prapria
1334 3468 1763 3527 manifestatione
1793 3474 2077 3542 singulari-

499 3565 600 3611 ter.
631 3555 827 3612 Deinde
846 3557 1101 3628 Apostalis
1126 3560 1353 3614 omnibus
1369 3577 1387 3614 :
1411 3576 1509 3616 nec
1538 3562 1644 3617 illis
1675 3570 1798 3619 tunc
1821 3567 2072 3634 primum,

498 3647 593 3703 sed
624 3647 735 3717 jam
775 3657 835 3703 ut
876 3648 1185 3704 familiarius
1221 3661 1626 3707 conversaretur
1651 3669 1771 3709 cum
1797 3656 1874 3710 eis
1906 3672 2074 3729 usque

501 3739 569 3794 ad
595 3738 739 3795 diem
765 3741 1091 3796 ascensionis
1138 3757 1270 3796 sum.
1314 3741 1600 3798 Novissime
1625 3755 1790 3800 autem
1827 3749 2068 3816 omnium,

501 3830 706 3900 inquit,
762 3835 908 3901 quasi
961 3834 1181 3887 abortivo
1233 3836 1473 3906 apparuit
1498 3845 1546 3890 et
1573 3837 1696 3891 mihi
1742 3838 1784 3908 (Î™
1815 3837 1932 3893 Cor.
1981 3856 2070 3909 xv,

497 3923 624 3993 4-8)
657 3941 670 3976 :
703 3923 797 3979 sed
826 3924 926 3978 hoc
950 3925 1060 3994 jam
1087 3926 1155 3981 de
1179 3928 1318 3983 ctnlo
1342 3937 1463 3998 post
1484 3942 1590 3984 non
1621 3945 1840 4000 parvum
1865 3942 2076 4002 tempus

499 4015 829 4070 ascensionis
858 4029 989 4070 suae.

569 4104 659 4159 86.
685 4103 837 4160 Nunc
857 4105 968 4174 jam
998 4105 1270 4161 videamus
1294 4107 1438 4176 quod
1465 4108 1843 4168 distuleramus
1861 4154 1877 4178 ,
1919 4115 2072 4186 cujus

498 4197 745 4268 mysterii
774 4198 940 4268 gratia
974 4199 1267 4254 secundum
1297 4199 1601 4256 Matthzeum
1630 4212 1682 4258 et
1705 4203 1941 4260 Marcum
1984 4223 2076 4263 re-

496 4306 721 4368 surgens
747 4291 819 4346 ita
846 4292 1196 4357 mandaverit,
1232 4291 1525 4348 Prtecedum
1566 4310 1652 4350 vos
1689 4297 1740 4351 in
1771 4296 2076 4369 Galilwam;

495 4383 567 4438 ibi
602 4400 680 4437 me
705 4385 928 4438 videbitis
963 4382 1175 4457 (Matth.
1214 4401 1363 4452 xxvr,
1393 4387 1480 4454 â¸52,
1537 4402 1722 4457 xxvln,
1754 4391 1806 4458 7,
1834 4400 1880 4445 et
1906 4391 2072 4448 Marc.

495 4476 726 4542 xxv,28,
759 4492 868 4542 XVI,
903 4477 970 4548 7)
1002 4496 1014 4531 :
1046 4477 1186 4547 quod
1212 4486 1266 4534 et
1304 4478 1348 4533 si
1387 4480 1708 4549 completum
1757 4494 1867 4549 est,
1898 4493 2074 4542 tamen

501 4575 624 4637 post
651 4569 814 4622 multa
861 4570 1182 4638 completum
1213 4577 1323 4635 est,
1354 4584 1476 4624 cum
1529 4571 1605 4626 sic
1660 4575 1966 4630 mandatum
2004 4577 2077 4632 sit

504 4658 840 4727 (quanquam
868 4658 982 4713 sine
1012 4659 1316 4730 praajudicio
1345 4662 1730 4736 necessitatis),
1759 4674 1818 4720 ut
1865 4675 1955 4722 aut
1975 4667 2076 4725 hoc

560 4811 973 4884 fnum,
994 4822 1050 4884 {tt
1063 4821 1170 4866 Mss.
1191 4818 1240 4866 in
1261 4818 1353 4884 hoc
1369 4821 1574 4884 Apostoll
1596 4825 1871 4877 testimonio
1893 4828 2078 4882 habent

495 4882 790 4934 constanter,
807 4874 1103 4943 duodecim;
1135 4874 1551 4943 consentientibus
1571 4885 1650 4935 hic
1671 4886 1762 4937 loci
1787 4874 2078 4943 edidisti;

495 4943 594 5014 ita}.
613 4937 922 5014 etfrllieet
943 4937 1088 4988 iidem
1112 4947 1218 4991 Mss.
1241 4942 1434 4994 codices
1456 4944 1598 5006 paulo
1621 4955 1729 5010 post
1750 4937 1925 5014 ferant,
1938 4937 2078 5006 36,;

1250 417 1342 476 DE
1376 411 1722 474 CONSENSU
1760 400 2422 478 EVANGELISTARUM,â€™
2443 407 2502 466 S.
2540 409 2904 470 AUGUSTINI

2182 527 2354 581 solum
2374 569 2390 596 ,
2420 538 2513 584 aut
2537 529 2640 586 hoc
2659 533 2892 604 primum
2923 542 3321 606 exspectaretur
3340 535 3455 594 ï¬eri
3490 538 3764 598 debuisse.

2185 618 2380 675 Procul
2406 619 2568 677 dubio
2610 637 2737 694 ergo
2782 624 3032 695 quoniam
3066 641 3170 682 vox
3199 636 3282 683 est
3312 628 3414 684 ista
3445 645 3550 685 non
3583 632 3765 686 Evan-

2181 710 2388 781 gelistze
2415 715 2682 771 narrantis
2722 715 2863 786 quod
2891 716 2962 771 ita
2989 716 3187 773 factum
3228 720 3327 786 sit,
3358 721 3455 777 sed
3483 723 3659 794 angeli
3701 740 3767 780 ex

2183 802 2434 858 mandato
2473 804 2684 861 Domini
2709 814 2766 863 et
2788 807 2955 877 ipsius
2987 817 3173 878 postea
3205 810 3448 877 Domini,
3477 813 3766 884 Evangeliâ€”

2183 904 2282 952 stae
2307 906 2483 952 autem
2512 899 2809 968 narrantis,
2840 899 2933 956 sed
2961 901 3104 972 quod
3126 900 3201 957 ita
3225 902 3294 957 ab
3312 904 3504 974 angelo
3523 912 3579 960 et
3602 919 3631 958 a
3659 904 3767 961 Do-

2182 991 2329 1046 mino
2352 992 2551 1048 dictum
2571 994 2668 1062 sit,
2699 995 3008 1065 pr0phetice
3033 996 3233 1052 dictum
3262 998 3631 1070 accipiendum
3657 1010 3762 1058 est.

2183 1079 2398 1136 Galilaea
2428 1098 2657 1154 namque
2681 1085 3062 1156 interpretatur
3088 1087 3174 1142 vel
3199 1087 3649 1161 Transmigratio,
3677 1091 3763 1146 vel

2183 1171 2474 1230 Revelatio.
2510 1174 2665 1231 Prius
2714 1177 2892 1248 itaque
2935 1179 3230 1235 secundum
3279 1184 3760 1254 transmigrationis

2183 1263 2657 1336 significationem,
2702 1270 2828 1340 quid
2869 1271 3011 1328 aliud
3038 1274 3271 1329 occurrit
3321 1275 3758 1348 intelligendum,

2187 1355 2437 1412 Prwcedit
2461 1373 2548 1415 vos
2574 1361 2627 1414 in
2657 1359 2957 1429 Galilaeam;
2981 1364 3052 1418 ibi
3079 1381 3192 1419 eum
3218 1366 3477 1434 videbitis;
3506 1369 3610 1424 nisi
3640 1370 3764 1440 quia

2183 1445 2377 1504 Christi
2399 1451 2568 1521 gratia
2596 1452 2664 1508 de
2690 1454 2885 1524 populo
2905 1454 3067 1512 Israel
3094 1459 3533 1529 transmigratura
3554 1459 3762 1516 eratad

2181 1539 2418 1599 Gentes?
2477 1544 2681 1612 Quibus
2729 1547 2970 1617 Apostoli
3018 1549 3368 1619 pradicantes
3413 1552 3762 1624 Evangelium

2182 1634 2330 1689 nullo
2355 1635 2514 1692 modo
2537 1637 2901 1706 crederentur,
2935 1639 3035 1694 nisi
3063 1641 3143 1696 eis
3175 1641 3290 1712 ipse
3329 1642 3587 1698 Dominus
3624 1644 3764 1699 viam

2181 1727 2237 1782 in
2261 1728 2509 1784 cordibus
2536 1729 2809 1787 hominum
2840 1742 3169 1803 pnnpararet
3197 1753 3209 1788 :
3231 1743 3285 1790 et
3305 1734 3407 1791 hoc
3427 1736 3761 1808 intelligitur,

2184 1816 2434 1872 Prwcedit
2455 1835 2540 1874 vos
2566 1821 2620 1874 in
2657 1818 2948 1876 Galilwam.
2973 1822 3123 1890 Quod
3145 1834 3322 1880 autem
3346 1826 3640 1898 gaudentes
3665 1827 3766 1882 ini-

2182 1919 2433 1966 rarentur
2469 1911 2726 1983 disruptis
2775 1923 2829 1970 et
2847 1914 3031 1970 evictis
3078 1915 3508 1985 difficultatibus,
3563 1919 3762 1989 aperiri

2182 2001 2283 2056 sibi
2312 2001 2508 2058 ostium
2549 2003 2602 2058 in
2643 2005 2867 2060 Domino
2895 2021 2990 2076 per
3017 2006 3456 2064 illuminationem
3488 2008 3762 2077 fidelium;

2181 2091 2283 2148 hoc
2309 2094 2634 2165 intelligitur,
2664 2097 2734 2150 ibi
2754 2113 2866 2151 eum
2891 2098 3137 2166 videbitis,
3170 2100 3222 2154 id
3241 2111 3344 2167 est,
3371 2102 3443 2158 ibi
3464 2103 3582 2172 ejus
3599 2118 3765 2158 mem-

2180 2182 2274 2237 bra
2302 2183 2611 2250 invenietis,
2649 2186 2722 2242 ibi
2742 2186 2919 2241 vivum
2948 2203 3142 2258 corpus
3169 2190 3285 2260 ejus
3327 2191 3380 2244 in
3429 2192 3492 2246 iis
3521 2194 3612 2262 qui
3661 2207 3756 2251 vos

2179 2277 2514 2345 susceperint
2538 2279 2856 2347 agnoscetis.
2885 2279 3187 2335 Secundum
3232 2282 3362 2338 illud
3400 2292 3579 2338 autem
3622 2284 3766 2355 quod

2181 2363 2397 2421 Galilaea
2433 2366 2813 2438 interpretatur
2841 2369 3116 2426 Revelatio
3138 2413 3152 2438 ,
3197 2387 3304 2428 non
3330 2373 3443 2445 jam
3483 2375 3539 2430 in
3593 2375 3765 2431 forma

2179 2457 2321 2512 servi
2358 2457 2753 2529 intelligendum
2779 2461 2909 2527 'est,
2958 2463 3053 2518 sed
3091 2463 3144 2518 in
3195 2464 3282 2518 illa
3308 2465 3362 2520 in
3397 2481 3502 2536 qua
3546 2467 3767 2538 mqualis

2181 2557 2264 2604 est
2307 2549 2452 2604 Patri
2481 2549 2740 2623 (Philipp.
2785 2567 2848 2620 Î¹Î¹,
2886 2553 2941 2620 6,
2988 2553 3059 2627 7)
3091 2571 3104 2607 :
3133 2571 3291 2625 quam
3337 2555 3581 2626 promisit
3625 2557 3766 2628 apud

2179 2638 2442 2697 Joannem
2470 2641 2815 2699 dilectoribus
2842 2643 2955 2699 suis
2974 2686 2990 2712 ,
3021 2659 3143 2700 cum
3187 2645 3426 2714 diceret,
3456 2646 3526 2701 Et
3555 2663 3647 2719 ego
3676 2648 3761 2702 di-

2185 2734 2341 2805 ligam
2379 2751 2511 2798 eum,
2560 2745 2606 2789 et
2644 2735 2903 2790 ostendam
2943 2752 3022 2791 me
3061 2737 3228 2807 ipsum
3269 2737 3346 2792 illi
3402 2736 3593 2810 (Joan.
3642 2753 3764 2808 xxv,

2181 2824 2300 2898 ÎµÎ¹).
2335 2826 2452 2882 Non
2505 2826 2688 2898 utique
2730 2827 3022 2883 secundum
3062 2828 3116 2882 id
3161 2829 3304 2900 quod
3337 2829 3448 2900 jam
3491 2829 3763 2899 videbant,

2182 2916 2399 2986 etquod
2426 2917 2586 2972 etiam
2609 2933 2894 2989 resurgens
2915 2934 3034 2973 cum
3059 2920 3415 2987 cicatricibus,
3445 2935 3553 2977 non
3581 2923 3756 2978 solum

2181 3009 2465 3064 videndum
2485 3051 2499 3073 ,
2531 3009 2626 3065 sed
2645 3011 2804 3064 etiam
2834 3010 3155 3083 tangendum
3195 3012 3534 3082 postmodum
3579 3023 3765 3070 osten-

2181 3102 2260 3158 dit
2288 3121 2300 3157 :
2331 3103 2423 3158 sed
2451 3103 2741 3158 secundum
2771 3103 2915 3158 illam
2955 3103 3274 3160 ineï¬‚'abilem
3325 3104 3499 3161 lucem
3518 3147 3534 3173 ,
3565 3120 3670 3177 qua
3697 3105 3766 3162 il-

2181 3193 2404 3248 luminat
2426 3209 2640 3249 omnem
2677 3194 2952 3250 hominem
3003 3196 3303 3252 venientem
3330 3197 3385 3252 in
3411 3196 3552 3253 hunc
3609 3213 3766 3252 mun-

2182 3284 2337 3350 dum,
2367 3285 2656 3341 secundum
2695 3300 2853 3355 quam
2898 3285 3036 3341 lucet
3061 3286 3114 3340 in
3136 3288 3406 3353 tenebris,
3447 3289 3765 3345 ettenebra

2182 3389 2305 3430 eum
2333 3391 2436 3429 non
2462 3375 2920 3446 comprehendunt
2943 3375 3069 3446 (Id.
3097 3391 3137 3444 Î¹,
3166 3375 3220 3442 9,
3245 3377 3322 3448 5).
3345 3378 3474 3434 Illuc
3500 3393 3599 3434 nos
3618 3393 3764 3450 pra-

2181 3469 2362 3534 eessit,
2384 3468 2522 3524 unde
2554 3467 2621 3522 ad
2657 3482 2755 3522 nos
2784 3467 3002 3523 veniens
3030 3483 3140 3523 non
3169 3470 3408 3538 recessit,
3436 3480 3490 3526 et
3514 3486 3621 3541 quo
3645 3483 3750 3526 nos

2182 3559 2491 3630 praecedens
2522 3575 2629 3614 non
2677 3559 2932 3616 deseruit.
2970 3559 3063 3615 llla
3101 3561 3204 3616 erit
3231 3563 3484 3618 revelatio
3511 3571 3766 3634 tanquam

2182 3667 2306 3707 vera
2332 3651 2566 3719 Galilma,
2592 3667 2714 3706 cum
2745 3651 2944 3707 similes
2968 3652 3018 3707 ei
3045 3654 3275 3719 erimus;
3302 3654 3372 3710 ibi
3394 3670 3518 3710 eum
3545 3655 3758 3711 videbi-

2182 3760 2303 3799 mus
2331 3743 2485 3798 sicuti
2527 3751 2610 3797 est
2631 3743 2674 3817 (Î™
2693 3741 2850 3796 Joan.
2879 3759 2957 3809 Î¹Î¹Î¹,
2986 3743 3064 3813 2).
3096 3744 3213 3814 Ipsa
3241 3745 3344 3800 erit
3367 3747 3528 3801 etiam
3553 3746 3766 3804 beatior

2181 3835 2574 3907 transmigratio
2617 3851 2679 3891 ex
2733 3835 2836 3890 isto
2859 3838 3054 3891 sznculo
3092 3837 3146 3891 in
3189 3837 3335 3892 illam
3362 3841 3750 3908 aeternitatem,

2181 3928 2227 3983 si
2247 3927 2361 3998 ejus
2391 3935 2652 3997 pmcepta
2695 3927 2772 3980 sic
2812 3927 3212 3995 amplectamur,
3253 3937 3310 3984 ut
3329 3929 3396 3984 ad
3421 3930 3537 3999 ejus
3571 3929 3759 3986 dexte-

2181 4034 2297 4074 ram
2344 4017 2613 4090 segregari
2642 4032 2961 4072 mereamur.
2993 4018 3144 4074 Tunc
3184 4019 3328 4075 enim
3371 4019 3524 4076 ibunt
3558 4021 3763 4077 sinistri

2182 4108 2237 4164 in
2287 4109 2707 4164 combustionem
2757 4117 3041 4174 aeternam,
3085 4108 3215 4178 justi
3265 4119 3442 4165 autem
3493 4110 3548 4166 in
3599 4111 3763 4167 vitam

2181 4207 2435 4254 teternam
2466 4197 2679 4269 (Matth.
2717 4214 2844 4264 xxv,
2879 4199 2968 4266 53,
3000 4199 3112 4272 46).
3162 4201 3296 4256 Hinc
3339 4202 3463 4257 illuc
3509 4205 3764 4260 transmi-

2182 4291 2430 4362 grabunt,
2472 4299 2526 4345 et
2549 4290 2622 4345 ibi
2663 4305 2784 4346 eum
2815 4289 3092 4359 videbunt,
3138 4291 3405 4362 quomodo
3445 4308 3554 4349 non
3582 4293 3767 4351 vident

2183 4382 2354 4452 impii.
2395 4381 2634 4437 Tolletur
2671 4381 2811 4436 enim
2839 4381 3052 4451 impius,
3085 4390 3142 4437 ut
3187 4397 3292 4438 non
3328 4383 3507 4440 videat
3547 4385 3765 4441 clarita-

2183 4483 2288 4530 tem
2326 4471 2535 4528 Domini
2581 4471 2732 4543 (Isai.
2783 4488 2932 4538 xxvi,
2989 4472 3080 4546 10)
3105 4491 3118 4526 :
3145 4483 3200 4530 et
3243 4475 3390 4546 impii
3432 4477 3612 4533 lumen
3654 4493 3762 4534 non

2180 4565 2457 4622 videbunt.
2529 4562 2657 4618 Hazc
2695 4572 2770 4619 est
2823 4573 2988 4618 autem
3013 4606 3027 4631 ,
3068 4563 3272 4636 inquit,
3314 4567 3415 4620 vita
3457 4555 3666 4633 (eterna,
3708 4580 3765 4624 ut

2179 4663 2482 4729 cognoscant
2518 4663 2566 4708 te
2620 4670 2775 4708 unum
2820 4669 2990 4708 verum
3046 4653 3227 4722 Deum,
3285 4664 3332 4711 et
3389 4674 3535 4728 quem

2178 4748 2356 4803 Iesum
2419 4747 2670 4801 Christum
2734 4745 2754 4816 (
2799 4744 2960 4801 Joan.
3023 4762 3170 4814 xvu,
3244 4746 3334 4820 5);
3389 4749 3527 4805 sicut
3576 4750 3631 4806 in
3672 4751 3766 4808 illa

2180 4840 2476 4896 aeternitate
2527 4844 2876 4908 cognoscetur
2899 4879 2916 4905 ,
2947 4852 3067 4916 quo
3117 4852 3298 4893 servos
3362 4839 3616 4910 perducet
3664 4858 3765 4913 per

2178 4935 2418 5003 formam
2443 4931 2600 4997 servi,
2631 4937 2689 4986 ut
2717 4929 2870 4985 liberi
2922 4930 3350 5016 contemplemur
3393 4931 3622 4990 formam
3649 4935 3762 4993 Do-

2178 5044 2326 5083 á¿á¿Î¹Î¹Î¹Î¹Î¹.

493 5097 3753 5136 -â€”â€”â€”â€”â€”_________.____________________________

1447 5145 1927 5258 LIBER
2028 5151 2481 5282 QUAR
2504 5148 2825 5256 TUS.

1470 5313 1540 5356 De
1561 5308 1621 5359 iis
1641 5320 1751 5372 quae
1775 5311 2034 5373 peculiaria
2053 5322 2168 5367 sunt
2185 5313 2344 5373 Marci,
2366 5318 2502 5361 Luca:
2525 5316 2578 5360 et
2597 5308 2808 5360 Joannis.

566 5395 864 5452 Pnowcus.
877 5398 982 5453 â€”l
995 5435 1009 5449 .
1028 5395 1176 5452 Nunc
1195 5399 1444 5468 quoniam
1465 5400 1695 5457 ÎœÎ±Î¹Î±Î¹Ï‰á½¶
1720 5407 2076 5464 narrationem

495 5488 784 5544 contextim
812 5488 1231 5557 considerantes,
1269 5500 1323 5546 et
1354 5492 1408 5546 ei
1448 5502 1552 5548 tres
1577 5495 1710 5551 alios
1743 5498 2078 5556 conferentes

496 5594 667 5650 usque
682 5580 734 5636 in
764 5580 942 5647 ï¬nem,
969 5582 1019 5637 in
1047 5583 1192 5637 nullo
1213 5599 1307 5640 eos
1337 5585 1416 5639 vel
1447 5586 1547 5642 sibi
1571 5589 1653 5643 vel
1675 5590 1812 5644 inter
1833 5606 1892 5646 se
1921 5609 2079 5662 repu-

499 5687 666 5742 gnare
688 5673 983 5740 docuimus,
1004 5675 1238 5731 Marcum
1260 5677 1504 5735 similiter
1518 5679 1819 5748 videamus;
1842 5695 1896 5739 ut
1924 5700 2080 5740 exce-

498 5765 606 5834 ptis
632 5765 696 5818 iis
724 5781 840 5836 quae
878 5781 997 5823 cum
1029 5767 1272 5824 Mattlueo
1296 5769 1448 5836 dixit,
1479 5770 1546 5827 de
1571 5771 1762 5841 quibus
1799 5775 1909 5845 jam
1936 5776 2080 5848 quod

497 5857 867 5920 disserendum
907 5861 1183 5921 videbatur
1225 5863 1547 5923 absolvimus
1569 5907 1586 5934 ,
1614 5875 1806 5926 caetera
1835 5868 1949 5942 ejus
1995 5872 2078 5930 in-

2187 5417 2368 5478 specta
2395 5413 2555 5476 atque
2593 5403 2802 5470 collata,
2858 5404 2987 5460 nulli
3039 5419 3225 5461 eorum
3270 5421 3568 5479 repugnare
3611 5399 3787 5468 mon;

2190 5510 2422 5556 strentur
2435 5511 2602 5566 usque
2623 5495 2688 5550 ad
2703 5511 2912 5552 cumam
2932 5497 3158 5553 Domini.
3172 5497 3304 5552 Nam
3320 5497 3445 5554 inde
3452 5499 3567 5570 jam
3587 5503 3765 5558 omnia

2189 5591 2424 5647 omnium
2441 5597 2668 5660 quatuor
2688 5587 3132 5659 quemadmodum
3148 5590 3248 5646 sibi
3264 5593 3582 5649 conveniant
3595 5609 3767 5668 usque

2189 5685 2241 5740 in
2273 5686 2428 5739 linem
2452 5681 2783 5738 considerata
2810 5681 3167 5737 tractavimus.

2190 5774 2415 5833 CAPUT
2443 5771 2898 5830 PRIMUMâ€”In
2928 5772 3203 5844 Evangelia
3230 5775 3412 5846 Marci,
3438 5780 3657 5851 exceptis
3681 5781 3764 5837 his

2190 5886 2300 5942 qua:
2335 5886 2449 5926 cum
2496 5866 2738 5926 Mattiaco
2778 5867 2924 5937 dixit,
2966 5869 3212 5938 quomodo
3253 5871 3396 5925 nulla
3425 5873 3766 5943 repugnantia
