4076 6456
339 382 479 441 ιςιιι

340 500 707 554 demonstretur
734 492 796 548 ab
812 490 955 549 initio
988 505 1143 561 usque
1167 487 1235 543 ad
1262 486 1393 543 illud
1420 472 1503 541 ubi
1529 485 1618 552 ait,
1648 483 1719 539 Et
1742 484 1921 553 ingre-

340 591 557 645 diuntur
578 586 970 658 Capharnaum,
993 592 1047 639 et
1074 582 1251 637 statim
1269 579 1502 636 sabbatis
1525 576 1751 633 docebat
1790 589 1885 631 eos
1902 593 1922 647 7:

340 683 481 751 quod
506 699 623 737 cum
646 680 786 735 Luca
811 679 949 733 dicit.

412 776 466 829 2.
494 775 584 831 Sic
609 787 736 842 ergo
783 771 968 841 incipit
993 769 1200 824 Marcus
1230 784 1242 820 :
1276 764 1489 821 Initium
1516 760 1778 833 Evangelii
1796 757 1925 814 Iesu

344 867 529 923 Christi
547 863 671 918 Filii
688 862 801 927 Dei,
818 864 945 917 sicut
964 862 1205 929 scriptum
1217 868 1286 913 est
1307 858 1357 911 in
1371 856 1513 910 Isaia
1528 854 1926 925 prOpheta,etc.,

346 973 514 1028 usque
542 955 605 1011 ad
636 954 760 1008 illud
812 954 899 1007 ubi
939 956 1044 1017 ait,
1078 951 1140 1003 Et
1165 949 1516 1021 ingrediuntur
1543 945 1927 1016 Capharncum,

342 1060 387 1101 et
410 1049 577 1101 statim
591 1045 806 1099 sabbatis
818 1045 1068 1115 ingressus
1080 1056 1388 1112 synagogam
1409 1039 1615 1092 docebat
1633 1052 1716 1089 eos
1736 1033 1812 1108 (M
1821 1050 1927 1087 are.

342 1155 380 1205 ι,
418 1137 600 1208 1-21).
631 1136 685 1190 lu
728 1136 828 1190 hac
874 1144 982 1189 tota
1024 1133 1364 1187 eontextioue
1414 1130 1592 1185 omnia
1650 1128 1929 1197 superiora

341 1248 463 1286 cum
506 1230 752 1285 Matthmo
802 1227 1135 1283 considerata
1166 1234 1291 1281 sunt
1322 1244 1334 1278 :
1363 1224 1465 1278 hoc
1494 1230 1670 1277 autem
1723 1220 1931 1274 Marcus

342 1324 466 1394 quia
495 1322 765 1393 ingressus
791 1318 1161 1389 Capharnaum
1192 1319 1243 1371 in
1266 1330 1589 1388 synagogam
1619 1328 1806 1370 eorum
1832 1312 1928 1367 do-

342 1418 500 1474 cebat
519 1430 612 1473 eos
640 1414 890 1478 sabbatis,
923 1428 1044 1468 cum
1071 1412 1212 1468 Luca
1237 1408 1532 1480 dixit(Luc.
1564 1424 1640 1476 IV,
1671 1405 1801 1479 '51);
1836 1404 1933 1461 sed

343 1508 476 1568 nihil
504 1506 666 1562 habet
692 1504 1020 1576 quaestionis.

341 1598 568 1655 CAPUT
608 1597 747 1652 ll.—
761 1596 841 1651 De
863 1596 1064 1651 homine
1093 1613 1124 1650 a
1140 1611 1239 1666 quo
1260 1594 1465 1665 spiritus
1491 1592 1782 1647 immundus
1825 1592 1932 1662 eje-

412 1700 522 1745 ctus
568 1697 642 1744 est
664 1705 947 1743 convemans
973 1705 1104 1757 eum,
1128 1686 1379 1759 quomodo
1408 1684 1563 1741 Lucte
1589 1684 1675 1755 qui
1704 1685 1799 1738 hoc
1818 1698 1933 1736 cum

414 1798 472 1837 eo
496 1781 645 1848 dixit,
677 1797 779 1835 non
800 1789 1065 1851 repugnet.

418 1895 469 1950 5.
497 1892 748 1963 Sequitur
795 1891 1025 1957 Marcus,
1070 1898 1125 1945 et
1162 1886 1421 1944 dicit:Et
1468 1886 1738 1959 stupebant
1781 1900 1933 1956 super

344 1987 573 2042 doctrina
621 1986 768 2057 ejus:
812 1994 917 2039 erat
960 1984 1091 2039 enim
1119 1983 1300 2037 docens
1344 1999 1426 2037 eos
1469 1982 1615 2053 quasi
1644 1989 1935 2051 potestatem

345 2078 553 2145 habens,
579 2088 624 2132 et
647 2095 747 2131 non
770 2079 898 2132 sicut
923 2075 1135 2132 Scribas.
1171 2075 1237 2129 Et
1260 2084 1365 2129 erat
1394 2075 1446 2127 in
1472 2088 1730 2144 synagoga
1761 2087 1935 2124 eorum

346 2171 493 2225 homo
516 2172 569 2223 in
595 2169 777 2239 spiritu
806 2168 1087 2234 innnundo,
1120 2175 1165 2221 et
1208 2165 1529 2230 exclamavit,
1559 2164 1728 2217 dicens
1755 2181 1767 2216 :
1796 2160 1932 2226 Quid

344 2265 486 2319 nobis
510 2273 555 2319 et
582 2263 697 2329 tibi,
724 2261 849 2317 Iesu
877 2261 1184 2315 Nazarene?
1210 2260 1386 2313 venisti
1413 2259 1620 2331 perdere
1656 2274 1767 2325 nos,
1800 2264 1930 2323 etc.,

344 2368 511 2425 USque
535 2354 599 2408 ad
626 2370 745 2408 eum
775 2354 950 2409 locum
979 2352 1069 2407 ubi
1098 2352 1194 2419 ait,
1220 2350 1290 2404 Et
1316 2360 1423 2404 erat
1452 2349 1733 2420 praedicans
1752 2349 1806 2401 in
1836 2365 1927 2419 sy-

344 2447 556 2517 nagogis
581 2462 771 2511 eorum,
806 2455 850 2499 et
872 2445 923 2498 in
953 2444 1091 2498 omni
1118 2440 1353 2508 Galilwa,
1386 2450 1435 2495 et
1462 2440 1709 2494 daemonia
1728 2439 1932 2510 ejiciens

349 2537 544 2610 (Marc.
571 2553 609 2605 ι,
635 2534 846 2609 22-59).
891 2536 958 2591 Et
1000 2537 1053 2590 in
1095 2535 1197 2590 hoc
1234 2543 1345 2590 toto
1375 2535 1493 2587 loco
1545 2533 1785 2604 quamvis
1829 2532 1936 2588 sint

343 2628 605 2699 quaedam,
633 2643 754 2698 quae
778 2642 900 2683 cum
919 2628 1033 2683 solo
1053 2627 1197 2682 Luca
1212 2626 1366 2692 dixit,
1391 2635 1566 2680 tamen
1582 2624 1691 2695 jam
1713 2633 1936 2680 tractata

344 2727 487 2785 sunt,
501 2734 619 2774 cum
640 2719 871 2774 Matthmi
890 2720 1249 2773 narrationem
1264 2718 1570 2774 continuam
1592 2726 1896 2773 teneremus
1916 2734 1931 2784 ;

344 2812 467 2882 quia
496 2813 548 2866 in
575 2813 749 2882 ipsum
774 2813 1015 2885 ordinem
1043 2812 1121 2867 sic
1154 2812 1512 2879 incurrerant,
1540 2821 1597 2866 ut
1625 2826 1687 2866 ea
1716 2820 1937 2882 prmter-

343 2902 601 2958 mittenda
650 2918 756 2959 non
804 2902 1115 2958 arbitrarer.
1170 2901 1277 2959 Sed
1326 2904 1494 2957 Lucas
1514 2903 1580 2959 de
1610 2903 1800 2973 spiritu
1831 2903 1935 2956 im-

343 2995 542 3051 mundo
567 2998 643 3051 ait
666 2996 808 3068 quod
834 2996 913 3053 sic
939 2996 1133 3052 exierit
1158 2996 1225 3050 ab
1250 2996 1489 3063 homine,
1514 3005 1571 3050 ut
1592 2995 1722 3050 nihil
1754 2995 1805 3051 ei
1835 3010 1935 3051 no-

343 3100 489 3147 ceret
520 3108 533 3145 :
562 3092 769 3147 Marcus
794 3100 993 3158 autem,
1024 3090 1093 3144 Et
1123 3090 1409 3161 discerpens
1436 3106 1571 3157 eum,
1600 3090 1789 3160 inquit,
1820 3092 1929 3161 spi-

342 3183 471 3236 ritus
499 3182 819 3251 immundus,
865 3184 1156 3238 exclamans
1203 3198 1320 3236 voce
1354 3198 1557 3253 magna,
1597 3182 1698 3236 exit
1741 3182 1803 3235 ab
1854 3198 1931 3238 eo.

346 3272 532 3328 Potest
558 3289 687 3343 ergo
714 3273 883 3329 videri
932 3275 1257 3329 contrarium
1290 3292 1302 3328 :
1337 3273 1604 3343 quomodo
1655 3274 1797 3327 enim
1828 3274 1936 3328 dis-

342 3378 572 3432 cenpens,
602 3362 709 3429 vel,
756 3364 893 3417 sicut
937 3363 1099 3434 aliqui
1146 3364 1361 3419 codices
1411 3364 1625 3428 habent,
1656 3379 1936 3418 convexum

344 3468 480 3520 eum,
512 3454 597 3509 cui
624 3454 755 3508 nihil
791 3455 969 3509 nocuit
989 3454 1280 3509 secundum
1322 3454 1561 3509 Lucam?
1605 3454 1710 3510 Sed
1740 3462 1793 3511 et
1822 3456 1937 3525 ipse

344 3542 536 3609 Lucas,
590 3543 657 3597 Et
700 3561 815 3597 cum
840 3545 1128 3616 profecisset
1170 3544 1337 3612 illum,
1394 3545 1599 3615 inquit,
1633 3546 1937 3601 daemonium

344 3637 399 3689 in
444 3635 685 3703 medium,
732 3638 852 3691 exiit
876 3638 939 3690 ab
966 3636 1077 3704 illo,
1121 3637 1415 3708 nihilqueei
1457 3638 1626 3691 nocuit
1658 3636 1805 3709 (Luc.
1862 3655 1934 3707 ιν,

346 3728 547 3799 55-55).
580 3728 734 3785 Unde
783 3730 1092 3801 intelligitur
1134 3731 1237 3787 hoc
1276 3731 1476 3787 dixisse
1504 3732 1760 3799 Marcum,
1810 3749 1936 3788 con-

345 3836 532 3875 veaans
562 3838 694 3891 eum,
714 3822 855 3893 quod
902 3822 1075 3878 Lucas
1121 3822 1274 3891 dixit,
1298 3840 1409 3877 cum
1435 3825 1725 3895 projecisset
1750 3842 1863 3880 eum
1882 3826 1937 3881 in

347 3912 564 3966 medium
587 3928 605 3967 :
626 3921 685 3968 ut
719 3914 859 3984 quod
880 3926 1091 3969 secutus
1139 3916 1228 3981 ait,
1280 3916 1504 3985 nihilque
1528 3918 1573 3970 ei
1611 3919 1802 3983 nocuit,
1833 3918 1936 3974 hoc

347 4003 690 4075 intelligatur,
736 4006 859 4075 quia
924 4007 1011 4060 illa
1064 4006 1285 4075 jactatio
1346 4008 1723 4064 membrorum
1776 4018 1937 4080 atque

346 4096 557 4149 vexatio
606 4110 711 4149 non
760 4110 882 4151 eum
907 4097 1230 4163 debilitavit,
1272 4098 1408 4154 sicut
1436 4100 1607 4154 solent
1648 4100 1794 4156 exire
1824 4100 1936 4156 dae-

346 4186 544 4252 monia,
580 4186 742 4242 etiam
770 4187 1086 4257 quibusdam
1136 4188 1391 4244 membris
1434 4199 1608 4246 amota
1656 4192 1935 4249 vexatione

346 4277 491 4337 elisis
519 4278 559 4331 ί.

346 4366 571 4425 CAPUT
601 4368 687 4425 Ill.
716 4399 786 4411 —
806 4368 886 4424 De
927 4371 1129 4425 nomine
1183 4369 1346 4440 Petri,
1382 4373 1631 4443 quomodo
1661 4374 1811 4429 etiam
1857 4383 1937 4429 at-

418 4476 513 4530 que
551 4461 699 4515 etiam
748 4463 1141 4529 commendetur,
1170 4479 1271 4516 non
1298 4479 1582 4534 repugnare
1606 4461 1818 4530 Ioanni,
1850 4465 1935 4533 qui

418 4550 547 4605 dixit
570 4552 771 4621 quando
798 4554 891 4606 hoc
916 4569 1096 4606 nomen
1125 4555 1334 4621 accepit.

415 4642 469 4697 4.
512 4641 761 4711 Sequitur
790 4643 929 4697 idem
960 4643 1163 4698 Marcus
1188 4660 1200 4694 :
1231 4642 1299 4696 Et
1321 4646 1453 4697 venit
1477 4644 1543 4696 ad
1560 4660 1673 4697 eum
1711 4642 1935 4715 leprosus

345 4735 620 4805 deprecans
636 4750 769 4796 eum,
788 4742 833 4787 et
853 4751 982 4805 genu
993 4737 1125 4804 ﬂexo
1148 4735 1277 4789 dixit
1300 4750 1318 4789 :
1341 4735 1403 4790 Si
1424 4737 1515 4803 vis,
1540 4746 1678 4806 potes
1692 4753 1771 4791 me
1789 4755 1937 4794 mun-

344 4826 487 4894 dare,
520 4834 648 4894 etc.,
682 4841 849 4896 usque
874 4826 940 4880 ad
969 4826 1097 4880 illud
1127 4827 1215 4881 ubi
1242 4828 1335 4893 ait,
1358 4828 1426 4880 Et
1450 4829 1735 4882 clamabant
1759 4830 1934 4885 dicen-

345 4928 416 4974 tes
442 4934 460 4973 :
493 4917 570 4972 Tu
612 4935 662 4973 es
688 4916 827 4985 ﬁlius
852 4917 968 4973 Dei.
1004 4918 1070 4973 Et
1098 4920 1407 4974 vehementer
1435 4921 1837 4977 comminabatur
1863 4925 1936 4979 eis

344 5028 408 5066 ne
430 5012 807 5083 manifestarent
830 5012 975 5067 illum
1002 5011 1193 5087 (Marc.
1222 5014 1346 5082 1,40
1363 5030 1377 5081 ;
1394 5030 1471 5081 ιιι,
1500 5016 1615 5088 12).
1639 5015 1773 5071 Huic
1794 5017 1937 5088 quod

344 5102 591 5161 ultimum
630 5104 903 5174 posuimus
934 5104 1109 5161 simile
1137 5106 1335 5177 aliquid
1363 5115 1416 5162 et
1450 5106 1622 5163 Lucas
1644 5108 1805 5176 dicit,
1840 5110 1937 5166 sed

346 5195 461 5251 sine
488 5195 663 5265 aliqua
686 5197 1048 5267 repugnantim
1085 5199 1381 5268 qurestione
1408 5197 1559 5272 (Luc.
1588 5216 1659 5265 ιν,
1691 5202 1808 5272 41).
1834 5202 1936 5259 Se-

345 5286 524 5357 quitur
551 5287 798 5343 Marcus:
830 5288 896 5342 Et
922 5290 1197 5344 ascendens
1231 5291 1283 5344 in
1312 5300 1531 5345 montem
1572 5296 1761 5347 vocavit
1785 5296 1852 5348 ad
1884 5312 1936 5350 se

346 5395 469 5448 quos
488 5378 644 5433 voluit
668 5380 794 5452 ipse,
836 5388 883 5434 et
911 5390 1150 5435 venerunt
1179 5382 1247 5435 ad
1272 5400 1383 5436 eum
1410 5400 1429 5437 :
1471 5392 1519 5437 et
1544 5385 1659 5455 fecit
1682 5394 1737 5438 ut
1775 5397 1936 5442 essent

346 5468 611 5524 duodecim
634 5486 750 5523 cum
785 5469 895 5537 illo,
927 5480 974 5525 et
1001 5480 1055 5525 ut
1084 5472 1299 5526 mitteret
1325 5489 1407 5527 eos
1442 5475 1758 5544 praedicare;
1784 5484 1829 5530 et
1849 5477 1937 5533 de-

345 5561 417 5614 ait
441 5560 544 5618 illis
571 5570 862 5633 potestatem
887 5564 1099 5617 curandi
1128 5564 1461 5632 inﬁrmitates,
1501 5576 1547 5621 et
1573 5567 1805 5637 ejiciendi
1826 5570 1934 5625 da:-

346 5652 535 5708 monia.
563 5652 634 5709 Et
658 5654 899 5726 imposuit
930 5655 1131 5711 Simoni
1165 5673 1348 5712 nomen
1384 5656 1735 5728 Petrus,etc.,
1766 5677 1934 5732 usque

347 5792 559 5910 σὲῶωεε.
598 5800 809 5858 septem,
832 5792 1059 5847 membris
1092 5795 1447 5861 amputatisaut
1482 5797 1671 5852 evulsis.
1711 5798 1927 5853 alin/tut

1636 363 1837 423 LIBER
1873 362 2219 432 QUARTUS.

3477 336 3616 427 ms

2033 481 2099 535 ad
2131 480 2258 535 illud
2286 479 2374 535 ubi
2400 482 2503 549 ait,
2532 480 2598 536 Et
2622 482 2773 549 abiit,
2808 488 2857 537 et
2884 480 3033 552 cmpit
3070 481 3345 552 praedicare
3369 483 3422 538 in
3450 482 3610 539 Deca.

2033 575 2139 645 poli
2157 584 2343 645 quanta
2362 574 2454 629 sibi
2468 574 2660 642 fecisset
2674 574 2843 643 Iesus,
2861 584 2907 629 et
2922 590 3088 630 omnes
3102 575 3410 629 mirabanlur
3426 574 3616 648 (Marc.

2033 682 2089 721 ιιι
2112 686 2124 732 ;
2146 685 2196 735 v,
2225 667 2351 739 ΞΟ).
2390 669 2464 723 De
2486 670 2789 724 nominibus
2816 669 3191 739 discipulorum
3220 669 3329 739 jam
3372 679 3427 725 et
3467 680 3622 727 antea

2035 774 2121 814 me
2159 760 2389 815 locutum
2436 762 2567 827 scio,
2622 776 2745 815 cum
2799 761 3029 816 Matthaei
3080 776 3333 831 sequerer
3375 762 3622 819 ordinem

2036 851 2253 921 (Supra,
2302 852 2386 905 lib.
2439 852 2494 917 2,
2524 869 2571 907 c.
2605 854 2671 907 l7
2697 863 2749 907 et
2774 852 2898 926 55);
2932 864 2985 909 et
3016 853 3102 909 hic
3130 870 3312 910 rursus
3338 855 3619 925 admoneo,

2035 959 2104 999 ne
2132 946 2405 1015 quisquam
2437 955 2587 1014 putet
2615 962 2755 1001 nunc
2793 949 3061 1018 accepisse
3088 964 3278 1005 nomen
3312 950 3581 1005 Simonem
3602 992 3620 1020 ,

2036 1044 2094 1090 ut
2122 1037 2312 1092 Petrus
2338 1048 2635 1103 vocaretur,
2664 1049 2718 1095 et
2741 1041 2809 1095 sit
2835 1043 3156 1096 contrarium
3183 1042 3371 1098 Joanni
3395 1044 3482 1114 qui
3508 1044 3624 1098 lon-

2035 1144 2101 1199 ge
2142 1140 2264 1186 ante
2306 1132 2378 1185 illi
2406 1133 2604 1187 dictum
2645 1149 2767 1190 esse
2800 1145 3216 1203 commemorat,
3267 1136 3343 1191 Tu
3372 1136 3627 1193 vocaberis

2038 1220 2253 1292 Cephas,
2282 1225 2415 1290 quod
2436 1224 2789 1296 interpretatur
2813 1226 2994 1281 Petrus
3028 1225 3205 1299 (Ioan.
3242 1245 3291 1295 ι,
3330 1229 3420 1301 42)
3460 1248 3471 1282 :
3506 1230 3621 1299 ipsa

2038 1315 2178 1369 enim
2204 1315 2363 1369 verba
2392 1316 2598 1370 Domini
2636 1320 3102 1387 commemoravit,
3132 1321 3320 1390 quibus
3350 1320 3397 1374 ci
3429 1337 3624 1377 nomen

2039 1406 2323 1476 imposuit;
2370 1408 2574 1463 Marcus
2614 1418 2789 1464 autem
2831 1411 2932 1464 hoc
2977 1411 3096 1465 loco
3137 1412 3189 1465 id
3228 1411 3625 1481 recapitulando

2038 1501 2493 1566 commemoravit,
2541 1516 2660 1556 cum
2688 1502 2781 1569 ait,
2810 1500 2878 1554 Et
2914 1502 3153 1573 imposuit
3200 1503 3398 1558 Simoni
3446 1521 3627 1559 nomen

2040 1588 2246 1645 Petrus.
2275 1592 2406 1646 Cum
2434 1592 2575 1646 enim
2606 1591 2767 1647 vellet
2797 1593 3010 1648 nomina
3036 1593 3316 1649 duodecim
3345 1596 3626 1664 Apostolo-

2038 1699 2156 1739 rum
2183 1699 2518 1749 ennmerare,
2550 1692 2604 1739 et
2645 1699 2865 1739 necesse
2895 1684 3117 1741 haberet
3157 1686 3371 1741 Petrum
3409 1687 3622 1755 dicere,

2039 1775 2272 1831 breviter
2300 1777 2571 1831 insinuare
2598 1776 2765 1831 voluit
2792 1776 2933 1847 quod
2962 1792 3065 1832 non
3092 1776 3194 1833 hoc
3227 1788 3379 1833 antea
3404 1794 3625 1835 vocare-

2039 1876 2145 1935 tur,
2168 1868 2261 1923 sed
2285 1868 2386 1923 hoc
2406 1869 2457 1924 ei
2485 1868 2741 1923 Dominus
2764 1883 2955 1923 nomen
2979 1870 3309 1939 imposuerit,
3338 1885 3443 1925 non
3470 1880 3620 1939 tunc,

2040 1961 2132 2015 sed
2171 1960 2383 2031 quando
2411 1960 2643 2016 Joannes
2685 1961 2798 2031 ipsa
2830 1962 2989 2015 verba
3020 1960 3228 2016 Domini
3268 1962 3462 2032 posuit.
3507 1962 3623 2018 Cm—

2040 2061 2153 2107 tera
2178 2052 2310 2107 nihil
2346 2052 2590 2123 cuiquam
2640 2061 2967 2123 repugnant,
3010 2060 3065 2107 et
3093 2061 3247 2108 antea
3274 2052 3383 2123 jam
3412 2063 3624 2124 pertra-

2038 2152 2176 2199 ctata
2214 2151 2359 2198 sunt.

2039 2259 2265 2316 CAPUT
2303 2258 2392 2313 Ν.
2424 2288 2497 2299 -
2525 2256 2675 2324 Quod
2715 2257 2863 2325 dixit,
2893 2257 3103 2324 Quanto
3132 2256 3299 2327 magis
3338 2258 3415 2312 eis
3440 2258 3627 2329 praci-

2109 2353 2291 2422 piebat
2315 2359 2372 2405 ut
2412 2358 2668 2415 tacerent,
2700 2358 2846 2403 tanto
2874 2348 3043 2417 magis
3071 2350 3188 2418 plus
3215 2348 3481 2417 dicebant,
3502 2368 3630 2421 quo-

2109 2445 2259 2497 modo
2285 2460 2385 2497 non
2410 2452 2651 2513 repugnet
2676 2442 3001 2512 prtcscientia:
3025 2442 3203 2511 ipsius,
3230 2458 3343 2512 qua:
3370 2443 3423 2496 in
3448 2442 3624 2499 Evan-

2110 2537 2239 2607 gelio
2268 2536 2663 2589 commendatur.

2096 2650 2165 2706 .5.
2205 2649 2451 2720 Sequitur
2479 2649 2683 2703 Marcus
2713 2664 2725 2701 :
2759 2646 2825 2700 Et
2853 2662 2968 2701 cum
2994 2649 3375 2703 transcendisset
3398 2648 3549 2707 Iesus
3572 2652 3628 2707 in

2039 2741 2155 2794 navi
2183 2755 2357 2793 rursus
2379 2748 2517 2792 trans
2539 2740 2740 2807 fretum,
2762 2738 2991 2791 convenit
3017 2738 3159 2795 turba
3178 2738 3337 2792 multa
3363 2741 3430 2794 ad
3457 2742 3625 2812 illum,

2039 2840 2087 2886 et
2113 2840 2218 2885 erat
2246 2833 2379 2885 circa
2398 2848 2554 2896 mare,
2574 2839 2703 2897 etc.,
2725 2844 2889 2899 usque
2905 2829 2970 2883 ad
2998 2829 3123 2883 illud
3148 2830 3236 2885 ubi
3252 2832 3342 2891 ait.
3363 2830 3429 2885 Et
3444 2848 3628 2888 conve-

2040 2926 2230 2978 nientes
2259 2921 2489 2994 Apostoli
2533 2922 2599 2974 ad
2618 2920 2827 2987 Iesum,
2878 2921 3287 2975 renuntiaverunt
3336 2922 3412 2977 illi
3457 2926 3628 2979 omnia

2040 3034 2152 3090 quae
2200 3026 2403 3088 egerant
2428 3024 2473 3070 et
2516 3016 2787 3069 docuerant
2834 3013 3021 3083 (Marc.
3051 3030 3102 3079 γ,
3139 3014 3317 3081 2|;v1,
3368 3016 3479 3086 50).
3515 3017 3629 3074 Hoc

2040 3111 2285 3165 ultimum
2326 3109 2458 3163 dixit
2484 3122 2603 3161 cum
2648 3106 2814 3173 Luca,
2841 3106 3009 3160 nihilo
3035 3106 3343 3161 discordans
3373 3108 3390 3175 (
3402 3108 3523 3163 Luc.
3544 3125 3626 3179 ιχ,

2041 3203 2133 3275 10)
2169 3221 2183 3259 :
2209 3210 2401 3258 cetera
2425 3201 2533 3271 jam
2562 3209 2684 3255 ante
2709 3207 2929 3254 tractata
2950 3206 3091 3254 sunt.
3120 3198 3368 3270 Sequitur
3385 3200 3629 3263 Marcus:

2041 3293 2110 3348 Et
2124 3295 2194 3347 ait
2218 3293 2321 3347 illis
2352 3309 2369 3348 :
2389 3293 2545 3346 venite
2568 3308 2791 3346 seorsum
2806 3292 2857 3343 in
2879 3291 3129 3344 desertum
3150 3292 3333 3358 locum,
3358 3302 3404 3347 et
3428 3296 3627 3364 requie-

2040 3386 2161 3439 scite
2194 3384 2454 3455 pusillum,
2472 3393 2599 3449 etc.,
2624 3396 2788 3453 usque
2809 3381 2872 3434 ad
2904 3381 3031 3436 illud
3062 3382 3145 3436 ubi
3174 3383 3265 3449 ait,
3301 3382 3501 3448 Quanto
3529 3401 3627 3439 au-

2043 3487 2143 3533 tem
2162 3478 2232 3530 eis
2251 3476 2590 3546 praecipiebat,
2611 3483 2749 3527 tanto
2777 3474 2935 3544 magis
2965 3473 3078 3544 plus
3105 3474 3464 3544 prtedicabant,
3493 3484 3540 3530 et
3569 3492 3627 3532 eo

2042 3568 2261 3639 amplius
2272 3567 2674 3632 admirabantur,
2694 3564 2910 3619 dicentes
2928 3581 2947 3619 :
2962 3563 3097 3618 Bene
3111 3566 3280 3619 omnia
3298 3567 3414 3637 fecit
3430 3584 3449 3632 ;
3465 3575 3510 3620 et
3522 3584 3630 3623 sur-

2042 3660 2134 3713 dos
2160 3658 2480 3730 fecitaudire,
2502 3666 2546 3710 et
2564 3664 2726 3709 mutos
2744 3655 2876 3726 loqui
2902 3654 3090 3725 (Marc.
3118 3672 3191 3721 γι,
3215 3657 3303 3722 5|,
3329 3658 3628 3729 vn,57).ln

2043 3750 2127 3805 his
2147 3765 2267 3805 cum
2296 3750 2439 3804 Luca
2468 3748 2676 3803 Marcus
2703 3747 2831 3801 nihil
2853 3755 2934 3802 est
2964 3746 3104 3817 quod
3130 3763 3423 3819 repugnare
3443 3750 3627 3805 videa-

2044 3852 2165 3896 tur:
2196 3851 2249 3897 et
2275 3840 2548 3910 superiora
2578 3840 2754 3894 omnia
2776 3840 2883 3910 jam
2911 3839 3383 3909 consideravimus,
3416 3843 3627 3912 quando

2042 3948 2136 3990 eos
2182 3932 2433 3988 Matthmo
2476 3931 2903 3987 conferebamus.
2947 3930 3053 3986 Sed
3101 3932 3393 3987 cavendum
3435 3941 3519 3987 est
3560 3947 3629 3990 ne

2041 4026 2318 4096 quisquam
2336 4024 2642 4090 arbitretur,
2667 4022 2769 4078 hoc
2793 4022 2933 4093 quod
2959 4023 3015 4077 in
3042 4024 3227 4079 ultimo
3247 4039 3311 4080 ex
3340 4025 3630 4097 Evangelia

2041 4117 2201 4173 Marci
2238 4116 2425 4189 posui,
2480 4128 2777 4186 repugnare
2816 4113 3059 4169 omnibus
3085 4116 3172 4184 qui
3218 4130 3338 4170 eum
3369 4117 3486 4171 aliis
3512 4117 3629 4187 ejus

2040 4209 2309 4281 plerisque
2336 4207 2491 4263 factis
2517 4216 2573 4261 et
2598 4205 2755 4261 dictis
2779 4205 3068 4261 ostendunt
3093 4208 3259 4261 scisse
3284 4207 3408 4276 quid
3435 4222 3627 4277 agere-

2040 4311 2127 4357 tur
2151 4303 2204 4356 in
2226 4300 2550 4363 hominibus,
2580 4297 2631 4351 id
2652 4306 2750 4362 est,
2777 4296 2916 4366 quod
2938 4311 3056 4351 eum
3079 4296 3426 4366 cogitationes
3451 4305 3506 4354 et
3533 4313 3629 4355 vo-

2040 4394 2271 4447 luntates
2291 4406 2474 4446 eorum
2502 4390 2670 4443 latere
2691 4402 2795 4442 non
2822 4395 3064 4456 poterant
3091 4405 3102 4439 :
3132 4388 3267 4442 sicut
3291 4390 3628 4457 apertissime

2039 4484 2270 4539 Joannes
2298 4483 2446 4546 dicit,
2493 4479 2615 4551 Ipse
2652 4490 2820 4533 autem
2863 4478 3011 4534 Iesus
3040 4496 3138 4533 non
3165 4482 3391 4536 credebat
3444 4497 3627 4542 semet-

2040 4577 2207 4646 ipsum
2230 4575 2321 4640 eis,
2350 4590 2406 4627 eo
2430 4573 2563 4642 quod
2580 4573 2685 4643 ipse
2705 4580 2869 4625 nosset
2889 4588 3075 4639 omnes,
3098 4582 3141 4649 et
3164 4575 3282 4644 quia
3311 4592 3439 4647 opus
3462 4580 3506 4632 ei
3526 4597 3629 4637 non

2040 4677 2145 4723 erat
2169 4676 2219 4720 ut
2248 4667 2356 4738 quis
2384 4666 2717 4743 testimonium
2744 4664 3018 4734 perhiberet
3039 4664 3101 4719 de
3116 4666 3350 4723 homine:
3370 4670 3477 4741 ipse
3495 4672 3630 4728 enim

2039 4762 2221 4816 sciebat
2240 4760 2359 4830 quid
2386 4768 2510 4812 esset
2534 4759 2587 4811 in
2618 4758 2816 4811 homine
2844 4756 3019 4829 (Joan.
3047 4774 3103 4824 ιι,
3127 4758 3342 4834 24-25).
3371 4762 3476 4818 Sed
3501 4764 3629 4834 quid

2039 4855 2233 4909 mirum
2263 4851 2305 4907 si
2325 4858 2620 4922 prmsentcs
2648 4850 2919 4904 hominum
2947 4850 3246 4905 voluntates
3272 4852 3504 4920 videbat,
3537 4856 3630 4925 qui

2041 4948 2200 5004 etiam
2230 4947 2458 5002 futuram
2484 4946 2501 4977 ¹
2532 4945 2691 5000 Petro
2712 4943 3102 5014 prmnuntiavit,
3126 4959 3283 5013 quam
3306 4954 3429 5001 tunc
3450 4948 3630 5018 utique

2041 5057 2147 5098 non
2177 5041 2427 5108 habebat,
2455 5040 2666 5111 quando
2693 5055 2789 5109 pro
2818 5040 2909 5094 illo
2934 5039 3017 5095 vel
3039 5054 3160 5094 cum
3188 5041 3277 5094 illo
3306 5050 3545 5111 paratum
3570 5055 3632 5098 se

2040 5137 2175 5191 mori
2201 5135 2557 5206 praesumebat
2593 5132 2803 5205 (Matth.
2837 5148 2986 5199 xxvn,
3006 5132 3232 5205 33-35)?
3252 5132 3380 5201 Qum
3408 5148 3528 5188 cum
3557 5134 3631 5188 ita

2041 5229 2165 5294 sint,
2195 5226 2461 5299 quomodo
2501 5225 2621 5279 huic
2647 5224 2761 5294 ejus
2793 5232 2951 5279 tanta:
2980 5224 3218 5279 scientia:
3247 5233 3301 5279 et
3336 5225 3631 5295 praescion-

2042 5322 2129 5377 tim
2150 5337 2252 5375 non
2270 5328 2352 5376 est
2370 5319 2697 5375 contrarium
2724 5318 2865 5388 quod
2892 5319 3099 5373 Marcus
3124 5318 3271 5386 dicit,
3296 5317 3545 5389 Prazcepit
3567 5319 3631 5373 il-

2040 5414 2103 5469 lis
2129 5430 2190 5467 ne
2226 5414 2305 5466 cui
2334 5412 2593 5465 dicerent:
2618 5419 2805 5483 quanto
2833 5420 2999 5464 autem
3029 5412 3098 5466 eis
3123 5412 3458 5483 prtecipiebat,
3490 5419 3630 5466 tanta

2040 5507 2199 5578 magis
2226 5506 2340 5575 plus
2366 5503 2745 5575 prwdicabant?
2763 5502 2818 5559 Si
2847 5503 2988 5559 enim
3010 5505 3211 5561 sciebat
3239 5519 3351 5569 eos,
3375 5505 3511 5560 sicut
3535 5504 3628 5559 ille

2039 5599 2129 5669 qui
2159 5606 2313 5653 notas
2355 5595 2583 5653 habebat
2610 5604 2665 5651 et
2708 5606 2999 5666 prmsentes
3036 5606 3090 5653 et
3119 5596 3321 5653 futuras
3349 5597 3627 5654 hominum

2064 5798 2120 5870 ,ι
2142 5794 2289 5872 Editi,
2317 5794 2536 5872 futuram
2571 5794 2884 5872 negationem.
2919 5801 3099 5872 Atatss.
3126 5793 3447 5872 Inonaddunt,
3480 5807 3623 5861 nega-

2038 5858 2233 5922 tionem,
2254 5858 2392 5925 cujus
2411 5858 2518 5911 loco
2537 5858 2920 5910 subaudiendum
2947 5865 3039 5919 est,
3062 5858 3376 5912 voluntatem.
