4042 6358
501 358 643 426 1919

496 477 833 551 voluntates,
862 485 1010 541 tanto
1032 485 1199 560 magis
1236 491 1652 568 praedicatores,
1682 512 1881 574 quanto
1911 507 2080 578 magis

492 585 564 628 ne
583 574 934 644 prmdicarent
958 580 1036 637 eis
1060 583 1438 655 praecipiebat;
1471 594 1652 665 utquid
1675 595 1778 653 hoc
1803 574 2079 672 praecipie-

490 664 616 721 hat?
643 666 753 725 Nisi
791 672 912 742 quia
953 672 1119 744 pigris
1145 675 1357 734 volebat
1384 664 1687 756 ostendere,
1731 664 1931 762 quanto
1958 664 2076 750 stu-

487 757 691 818 diosius
713 773 1013 835 quantoque
1038 765 1332 827 ferventius
1352 789 1472 830 eum
1503 778 1796 848 praedicare
1821 783 2072 858 debeant,
2180 789 2194 845 i

485 853 677 923 quibus
687 854 838 927 jubet
863 867 919 942 ut
941 859 1253 934 prmdicent,
1273 869 1484 938 quando
1510 870 1585 928 illi
1604 875 1692 945 qui
1714 853 2074 947 prohibeban;

483 954 590 1016 tur,
622 958 795 1006 tacere
825 939 928 1008 nOn
957 963 1221 1024 poterant.

480 1040 706 1099 CAPUT
743 1043 807 1099 γ.
834 1075 905 1088 -—
933 1046 1012 1103 De
1043 1066 1141 1121 quo
1181 1055 1428 1126 suggessit
1453 1054 1702 1128 Joannes,
1732 1062 1869 1134 quod
1889 1066 1946 1122 in
1971 1084 2069 1123 no-

547 1133 680 1188 mine
695 1135 805 1207 ejus
833 1138 1030 1209 ejiceret
1057 1140 1308 1202 daemonia
1337 1163 1438 1202 non
1460 1149 1678 1208 sociatus
1703 1153 1997 1228 discipulis,
2017 1169 2066 1217 et

545 1225 694 1295 dixit,
737 1227 913 1286 Nolite
956 1231 1238 1303 prohibere
1275 1252 1406 1296 eos:
1444 1242 1534 1311 qui
1571 1243 1714 1301 enim
1747 1257 1934 1306 contra
1968 1266 2066 1310 vos

541 1333 650 1374 non
673 1327 774 1388 est,
806 1336 904 1392 pro
940 1323 1093 1382 vobis
1127 1336 1242 1394 est;
1286 1331 1536 1399 quomodo
1578 1351 1679 1391 non
1707 1348 1949 1410 repugnet
1985 1341 2066 1398 illi

542 1413 798 1469 sententia:
827 1414 910 1470 ubi
937 1419 1026 1484 ait,
1057 1417 1155 1487 Qui
1188 1435 1294 1476 non
1323 1431 1405 1478 est
1433 1439 1668 1497 mecum,
1687 1428 1946 1490 adversus
1973 1448 2064 1494 me

539 1512 640 1560 est.

540 1595 595 1653 6.
635 1595 882 1670 Sequitur
920 1599 1167 1661 Marcus:
1202 1623 1223 1660 ι
1259 1603 1317 1663 In
1347 1607 1455 1666 illis
1485 1610 1674 1672 diebus
1699 1615 1896 1676 iterum
1931 1634 2056 1680 cum

470 1687 623 1745 turba
640 1691 803 1746 multa
818 1702 960 1749 esset
977 1694 1018 1762 ί,
1036 1709 1136 1751 nec
1157 1694 1414 1758 haberent
1430 1702 1572 1772 quod
1597 1706 2002 1781 manducarent,
2031 1731 2050 1766 ι

461 1787 593 1848 etc.,
633 1796 804 1852 usque
848 1783 915 1838 ad
945 1783 1074 1841 illud
1104 1787 1191 1843 ubi
1218 1789 1312 1856 ait,
1355 1808 1376 1844 s
1401 1791 1699 1865 Respondit
1730 1799 1803 1855 illi
1823 1799 2055 1862 Joannes

461 1867 646 1926 dicens
689 1889 703 1927 :
747 1873 1016 1947 Magister,
1054 1877 1284 1936 vidimus
1307 1886 1590 1954 quemdam
1619 1888 1672 1944 in
1701 1893 1918 1951 nomine
1961 1904 2054 1954 tuo

459 1961 761 2034 ejicientem
795 1967 1060 2027 daemonia
1079 2013 1095 2040 ,
1126 1973 1216 2045 qui
1247 1991 1357 2033 non
1392 1981 1635 2052 sequitur
1667 1985 1968 2055 nobiscum,
1997 1999 2053 2048 et

458 2053 828 2126 prohibuimus
851 2076 995 2116 eum.
1031 2062 1187 2121 Jesus
1210 2076 1389 2123 autem
1419 2072 1527 2126 ait:
1559 2071 1735 2131 Nolite
1766 2080 2050 2148 prohibere

457 2158 620 2200 eum:
666 2163 826 2205 nemo
863 2161 945 2206 est
973 2153 1117 2208 enim
1140 2155 1230 2226 qui
1256 2155 1413 2216 iaciat
1438 2162 1688 2221 virtutem
1731 2167 1784 2224 in
1831 2173 2048 2231 nomine

455 2247 599 2304 meo,
631 2246 685 2293 et
721 2240 890 2311 possit
921 2242 1027 2297 cito
1053 2244 1190 2301 male
1222 2246 1367 2320 loqui
1395 2250 1462 2307 de
1494 2268 1612 2317 me;
1640 2258 1730 2328 qui
1766 2261 1909 2318 enim
1937 2279 2046 2322 non

453 2335 539 2384 est
553 2329 832 2387 adversum
849 2347 964 2402 vos,
989 2350 1084 2405 pro
1105 2337 1258 2395 vobis
1272 2349 1384 2397 est»
1404 2343 1595 2414 (Marc.
1617 2362 1726 2416 vm,
1753 2351 1804 2418 l;
1824 2367 1897 2422 ix,
1918 2353 2033 2428 39).

453 2419 568 2478 Hoc
586 2421 758 2481 Lucas
781 2427 1027 2484 similiter
1049 2442 1227 2488 narrat
1254 2433 1407 2506 (Luc.
1431 2455 1504 2508 ix,
1528 2440 1616 2510 49,
1641 2443 1752 2517 5'0),
1778 2419 2042 2522 nisivquod

451 2512 566 2584 ipse
597 2531 700 2572 non
727 2517 875 2589 dicit,
906 2539 924 2573 ‹
959 2521 1131 2579 Nemo
1155 2534 1238 2581 est
1256 2529 1396 2585 enim
1416 2531 1505 2602 qui
1533 2531 1690 2590 faciat
1712 2536 1962 2598 virtutem
1985 2544 2038 2600 in

449 2609 664 2665 nomine
694 2627 834 2681 meo,
862 2623 915 2670 et
942 2616 1112 2686 possit
1137 2616 1245 2678 cito
1264 2622 1403 2678 male
1422 2623 1566 2695 loqui
1586 2626 1654 2684 de
1683 2645 1770 2687 me
1803 2649 1816 2686 :
1844 2651 1863 2686 ι
1896 2637 2037 2694 nulla

447 2708 532 2754 est
566 2715 695 2772 ergo
733 2703 870 2759 inter
904 2720 998 2762 eos
1035 2710 1261 2779 quiestio
1292 2713 1604 2786 cujusquam
1648 2728 2032 2796 repugnantiac.

447 2791 555 2848 Sed
584 2795 865 2853 videndum
896 2808 978 2856 est
1006 2816 1072 2858 ne
1097 2801 1200 2860 hoc
1223 2804 1296 2861 illi
1325 2811 1605 2868 sententia:
1637 2791 1844 2874 Domini
1879 2833 2031 2892 pute-

445 2893 532 2942 tur
551 2891 874 2946 contrarium
895 2893 978 2947 ubi
994 2893 1085 2962 ait,
1113 2896 1214 2962 Qui
1240 2915 1433 2954 mecum
1456 2919 1555 2958 non
1579 2916 1672 2974 est,
1701 2909 1939 2969 adversus
1955 2932 2032 2971 me

441 2988 546 3043 est;
583 2989 629 3033 et
653 2981 741 3050 qui
761 2998 952 3036 mecum
980 3001 1080 3038 non
1110 2986 1319 3059 colligit,
1341 2994 1534 3064 spargit
1564 2993 1774 3068 (Matth.
1804 3018 1895 3066 xu,
1929 3007 2026 3073 50,

440 3077 490 3126 et
516 3069 644 3126 Luc.
666 3087 740 3139 xi,
770 3072 885 3143 25).
915 3074 1195 3141 Quomodo
1218 3081 1357 3136 enim
1380 3083 1478 3139 iste
1505 3100 1610 3141 non
1631 3099 1746 3144 erat
1772 3069 2029 3153 adversus

437 3176 581 3229 eum,
616 3163 705 3236 qui
729 3179 848 3220 cum
875 3167 964 3224 illo
992 3183 1098 3224 non
1124 3179 1258 3238 erat,
1287 3173 1355 3229 de
1375 3189 1482 3245 quo
1507 3177 1741 3238 Joannes
1761 3191 2025 3256 suggessit

436 3255 578 3326 quod
609 3272 728 3312 cum
755 3258 856 3314 illis
878 3274 1000 3315 eum
1028 3276 1134 3318 non
1159 3265 1495 3337 sequebatur,
1515 3271 1558 3325 si
1590 3272 1845 3334 adversus
1871 3279 2022 3337 illum

431 3357 517 3403 est
543 3349 629 3418 qui
673 3365 776 3404 non
805 3360 886 3407 cst
910 3367 1029 3407 cum
1058 3354 1188 3409 illo?
1216 3365 1307 3412 aut
1339 3358 1386 3414 si
1411 3359 1665 3419 adversus
1703 3365 1852 3422 illum
1883 3380 2018 3440 erat,

431 3443 700 3512 quomodo
729 3444 858 3499 dicit
896 3445 1170 3517 discipulis
1190 3490 1205 3515 ,
1237 3449 1410 3506 Nolite
1436 3455 1698 3523 prohibere
1722 3471 1742 3514 .'
1765 3462 1848 3531 qui
1886 3464 2020 3519 cnim

428 3547 530 3588 non
557 3545 629 3588 est
653 3535 891 3590 adversus
925 3553 1010 3593 vos
1030 3580 1044 3607 ,
1077 3557 1168 3611 pro
1207 3543 1341 3598 vobis
1370 3546 1479 3600 est?
1506 3548 1584 3602 An
1615 3548 1718 3605 hoc
1759 3554 2018 3612 interesse

427 3623 619 3695 aliquis
648 3625 807 3694 dicirt,
842 3631 963 3699 quia
995 3629 1079 3686 hic
1119 3632 1391 3704 discipulis
1417 3638 1510 3704 ait,
1547 3638 1647 3706 Qui
1677 3659 1778 3698 non
1815 3657 1888 3700 est
1917 3649 2015 3702 ad-

423 3731 596 3776 versus
621 3735 722 3788 vos,
754 3739 848 3793 pro
874 3723 1007 3778 vobis
1047 3734 1152 3790 est;
1180 3726 1250 3782 ibi
1281 3737 1460 3785 autem
1489 3731 1555 3788 de
1591 3735 1770 3805 seipse
1807 3737 2014 3796 locutus

422 3823 525 3878 est,
553 3813 653 3881 Qui
678 3831 870 3871 mecum
910 3835 1009 3874 non
1039 3828 1140 3890 est,
1169 3821 1407 3879 adversus
1441 3842 1520 3882 me
1551 3829 1663 3884 est?
1694 3829 1854 3900 Quasi
1883 3849 2011 3890 vero

420 3907 591 3976 possit
614 3922 735 3963 cum
767 3910 858 3963 illo
887 3925 992 3965 non
1035 3927 1154 3968 esse
1187 3916 1276 3984 qui
1305 3916 1578 3989 discipulis
1608 3922 1726 3993 ejus
1753 3932 2005 3998 tanquam

419 3998 677 4054 membris
698 3999 815 4070 ejus
840 4001 1104 4056 sociatur:
1127 4003 1362 4075 alioquin
1390 4013 1657 4078 quomodo
1676 4031 1856 4072 verum
1878 4019 2002 4089 erit,

420 4087 520 4154 Qui
540 4106 626 4146 vos
651 4091 847 4163 recipit,
891 4109 968 4147 me
995 4095 1168 4166 recipit
1196 4095 1409 4167 (Matth.
1443 4115 1496 4168 x,
1528 4101 1650 4174 40);
1683 4114 1756 4174 et,
1789 4087 2004 4174 Quando

411 4183 504 4239 uni
530 4200 593 4240 ea;
616 4185 836 4242 minimis
862 4188 984 4243 meis
1008 4189 1213 4259 fecistis,
1243 4190 1368 4244 mihi
1388 4192 1574 4262 fecistis
1596 4193 1707 4266 (Id.
1731 4211 1856 4266 xxv,
1884 4199 2004 4274 40)?

410 4285 503 4331 aut
545 4285 718 4348 potest
757 4279 916 4334 etiam
947 4293 1050 4335 non
1081 4295 1200 4336 esse
1229 4283 1486 4341 adversus
1527 4301 1672 4357 eum,
1714 4291 1800 4362 qui
1841 4289 2002 4350 fuerit

409 4365 664 4423 adversus
689 4367 977 4440 discipulos
1013 4370 1168 4442 ejus?
1195 4371 1325 4429 Nam
1355 4373 1444 4430 ubi
1483 4377 1584 4433 erit
1611 4377 1762 4448 illud,
1793 4383 1893 4448 Qui
1913 4401 1999 4441 vos

405 4462 618 4531 spernit,
643 4479 720 4518 me
743 4465 932 4534 spernit
955 4463 1102 4536 (Luc.
1124 4479 1178 4533 x,
1212 4466 1299 4540 l6)
1319 4483 1334 4534 ;
1357 4477 1430 4536 et,
1461 4469 1678 4538 Quando
1702 4475 1874 4532 unica:
1897 4479 1997 4533 mi-

403 4551 556 4606 nimis
581 4553 702 4608 meis
731 4571 833 4609 non
857 4555 1064 4627 fecistis,
1089 4573 1246 4629 neque
1271 4558 1395 4614 mihi
1418 4563 1604 4633 fecistis
1629 4563 1839 4638 (Matth.
1865 4583 1990 4638 xxv,

401 4642 494 4716 45)
517 4661 534 4712 ;
557 4652 630 4710 et,
649 4643 829 4714 Settle,
848 4645 1027 4715 Saulc,
1052 4649 1174 4720 quid
1203 4665 1282 4705 me
1307 4656 1617 4725 persequeris
1637 4655 1769 4730 (Act.
1794 4675 1867 4728 nt,
1899 4663 1991 4735 4)?

401 4749 524 4791 cum
555 4735 846 4807 discipulos
869 4738 984 4808 ejus
1014 4745 1578 4812 persequeretur?Sed
1610 4748 1858 4808 nimirum
1887 4753 1989 4812 hoc

399 4827 512 4884 vult
542 4829 795 4902 intelligi,
824 4829 878 4886 in
914 4839 1114 4887 tantum
1143 4847 1263 4889 cum
1294 4833 1388 4890 illo
1415 4851 1520 4892 non
1558 4851 1681 4898 esse
1709 4841 1945 4916 aliquem
1967 4889 1985 4918 ,

397 4921 449 4976 in
479 4932 735 4994 quantum
761 4933 844 4982 est
866 4923 1126 4982 adversus
1151 4925 1337 4996 illum;
1360 4938 1416 4986 et
1431 4931 1482 4985 in
1500 4939 1706 4990 tantum
1727 4935 1986 4999 adversus

394 5014 545 5070 illum
571 5030 675 5072 non
698 5031 836 5084 esse,
865 5017 918 5073 in
940 5028 1196 5090 quantum
1215 5035 1335 5076 cum
1360 5021 1452 5078 illo
1473 5034 1572 5080 est.
1598 5025 1837 5102 Exempli
1856 5045 1984 5104 gra-

395 5106 485 5172 tia,
517 5107 655 5163 sicut
691 5108 792 5165 iste
821 5109 936 5180 ipse
973 5111 1063 5183 qui
1094 5112 1144 5168 in
1174 5113 1392 5170 nomine
1411 5116 1609 5174 Christi
1645 5121 1870 5180 virtutes
1903 5125 1981 5182 ia-

391 5200 570 5255 ciebat
593 5208 648 5257 et
672 5201 726 5256 in
772 5203 1028 5270 societate
1055 5203 1434 5277 discipulorum
1470 5207 1669 5267 Christi
1693 5227 1801 5270 non
1827 5225 1976 5287 erat,

390 5291 444 5348 in
484 5302 742 5364 quantum
777 5297 1098 5366 operabatur
1131 5297 1354 5358 virtutes
1389 5301 1444 5357 in
1477 5301 1622 5360 illius
1657 5307 1893 5376 nomine,
1923 5309 1979 5367 in

391 5390 597 5440 tantum
634 5401 756 5442 cum
784 5386 914 5458 ipsis
941 5399 1075 5458 erat,
1108 5399 1164 5447 et
1193 5391 1448 5451 adversus
1475 5407 1570 5452 eos
1602 5411 1709 5455 non
1743 5409 1889 5467 erat;
1921 5402 1977 5460 in

391 5486 645 5546 quantum
673 5491 800 5537 vero
821 5495 1006 5537 eorum
1027 5483 1271 5540 societati
1299 5499 1408 5542 non
1430 5486 1756 5560 adbmrebat,
1782 5493 1836 5549 in
1859 5503 1977 5551 tan-

388 5576 501 5624 tum
546 5585 666 5628 cum
705 5573 835 5645 ipsis
877 5591 983 5631 non
1030 5585 1172 5647 erat,
1202 5585 1258 5636 et
1285 5577 1539 5638 adversus
1565 5597 1660 5640 eos
1687 5591 1824 5644 erat.
1867 5587 1973 5644 Sed

384 5662 508 5734 quia
534 5663 608 5718 illi
631 5664 733 5722 hoc
754 5681 876 5723 eum
901 5669 1074 5726 facere
1100 5670 1501 5743 prohibuerant,
1529 5674 1584 5732 in
1608 5691 1718 5748 quo
1739 5693 1860 5736 cum
1884 5681 1970 5754 ip-

562 5798 1144 5911 ἓρίιιῗειειάθιηιω,αοη
1183 5809 1974 5876 immuniti-JH”

517 5883 541 5911 δ
593 5877 714 5910 Ll‘b.

517 5877 541 5911 5
562 5877 714 5911 aifl‘é‘l.

1254 377 1348 458 DE
1381 380 1736 447 CONSENSU
1774 386 2421 474 EVLNGELISTARUM,
2461 406 2519 465 S.
2558 409 2930 480 AUGUSTINI

2186 512 2262 570 sis
2290 526 2445 588 erat,
2493 521 2626 581 dixit
2653 529 2730 586 eis
2775 531 3055 608 Dominus,
3085 539 3264 604 Nolito
3305 551 3592 623 Mure.

2227 1824 2534 1887 sequeretur,
2565 1819 2774 1882 Marcus
2801 1831 3023 1902 amplius
3060 1854 3216 1907 quam
3258 1842 3427 1904 Lucas

2227 1901 2416 1962 dixisse
2439 1914 2660 1969 narravit
2680 1959 2694 1984 ,
2735 1901 2987 1990 quomodo
3029 1901 3319 1992 ostendatur
3344 1939 3415 1996 ad
3451 1942 3550 2000 hoc
3571 1947 3742 2018 ipsum

2227 1997 2476 2064 pertinere
2522 2008 2658 2077 quod
2684 2010 2831 2070 illum
2864 2016 2918 2072 in
2936 2023 3138 2080 nomine
3161 2042 3254 2083 suo
3272 2028 3521 2104 (uirtutem
3541 1997 3736 2111 facien-

2224 2093 2322 2142 tem
2347 2093 2501 2147 veluit
2519 2099 2794 2166 prohiberi.

2223 2177 2567 2299 7.JS(:quil.ur
2597 2189 2804 2252 Marcus
2833 2207 2887 2256 et
2923 2201 3053 2263 dicit
3086 2224 3100 2265 :
3138 2227 3159 2264 ι
3188 2211 3438 2288 Quisquis
3461 2222 3606 2282 enim
3633 2239 3736 2299 po.

2151 2274 2260 2324 tum
2287 2272 2492 2333 dederit
2511 2282 2661 2339 vobis
2686 2289 2906 2348 calicem
2936 2311 3090 2368 aqua;
3113 2301 3166 2358 in
3191 2272 3407 2368 nomine
3430 2328 3574 2384 meo,
3604 2272 3726 2390 qi},

2151 2357 2342 2390 Plut“:
2369 2368 2492 2390 λης,
2555 2387 2569 2390 _
2600 2389 2623 2390 η
2654 2389 2658 2390 ,
2748 2379 2779 2390 ..
2947 2385 2960 2390 -
2986 2387 2996 2390 -

2148 2357 2343 2418 Christi
2365 2368 2515 2438 estis,
2548 2387 2703 2431 amen
2729 2379 2849 2439 dico
2878 2357 3058 2456 vobis,
3088 2357 3207 2449 non
3218 2399 3408 2468 perdet

2145 2464 2315 2507 suam.
2339 2454 2659 2534 thuisquis
2681 2454 3121 2536 scandalizaverit
3145 2454 3310 2542 unum
3332 2505 3396 2548 ex
3418 2492 3502 2550 his
3526 2498 3731 2567 pusiUis

2147 2541 2476 2567 Α-Α.Ι---.τι.-μ
2525 2552 2536 2564 ο
2765 2559 2778 2567 .

2143 2541 2486 2606 credentibus
2522 2552 2575 2608 in
2613 2572 2718 2623 me,
2763 2559 2961 2622 bonum
3005 2579 3088 2628 est
3137 2573 3189 2631 ei
3229 2579 3396 2652 magis
3425 2582 3472 2640 si
3496 2541 3727 2646 circum-

2141 2633 2358 2693 daretur
2387 2643 2525 2700 mola
2564 2647 2792 2708 asinaria
2821 2657 2958 2714 collo
2983 2661 3120 2732 ejus,
3151 2674 3206 2722 et
3234 2667 3288 2726 in
3315 2633 3465 2731 hiare
3489 2678 3728 2740 mittere-

2141 2735 2246 2784 tur.
2271 2727 2337 2786 Et
2361 2734 2403 2788 si
2425 2737 2861 2803 scaudalizaverit
2882 2757 2932 2806 te
2951 2727 3141 2812 manus
3172 2765 3282 2830 tua,

2137 2817 2333 2876 bonum
2361 2835 2442 2882 est
2472 2827 2564 2885 tibi
2587 2830 2816 2892 debilem
2844 2839 3064 2902 introire
3089 2847 3144 2904 in
3183 2817 3364 2922 vitam,
3399 2873 3562 2930 quam
3585 2861 3722 2920 duas

2135 2926 2325 2970 manus
2352 2915 2634 2978 habentem
2659 2925 2738 2983 ire
2762 2927 2814 2984 in
2836 2931 3158 3008 gehennam,
3187 2941 3238 3000 in
3261 2915 3432 3014 ignem
3457 2949 3718 3011 inexstin-

2131 3003 2400 3074 guibilem,
2428 3010 2515 3067 ubi
2540 3016 2732 3072 vermis
2754 3034 2940 3079 eorum
2966 3042 3072 3083 non
3098 3035 3342 3102 moritur,
3373 3046 3427 3096 et
3445 3040 3584 3112 ignis
3609 3060 3716 3104 non

2130 3096 2535 3172 exstinguitum
2561 3115 2692 3179 etc.,
2722 3127 2888 3184 usque
2911 3117 2977 3172 ad
3003 3120 3132 3177 illud
3154 3123 3239 3180 ubi
3266 3096 3358 3199 ait,
3391 3149 3410 3184 ι
3436 3096 3714 3196 liabet;

2129 3189 2279 3245 vobis
2325 3194 2511 3263 salem,
2544 3210 2596 3253 et
2625 3213 2809 3270 pacem
2851 3206 3042 3268 habete
3065 3212 3206 3274 inter
3232 3234 3326 3276 vos
3356 3241 3376 3276 ι
3415 3223 3608 3297 (Marc.
3623 3245 3710 3300 ix,

2138 3279 2196 3300 ,η
2235 3283 2326 3300 ,ιη
2387 3285 2429 3300 .-
2537 3289 2584 3300 --
2782 3297 2807 3300 -

2125 3279 2291 3338 40-49
2312 3283 2352 3356 ).
2387 3285 2510 3342 llaec
2535 3289 2744 3350 Marcus
2782 3297 3060 3360 Dominum
3083 3306 3338 3384 locutum,

2125 3375 2276 3434 illum
2313 3381 2404 3450 qui
2444 3381 2497 3438 in
2542 3387 2756 3444 nomine
2785 3392 2902 3463 ejus
2939 3396 3184 3467 ejiciebat
3210 3403 3472 3466 daemonia
3509 3375 3706 3474 et‘cutn

2120 3471 2394 3544 discipulis
2421 3494 2527 3534 non
2552 3496 2671 3538 cum
2698 3489 3037 3562 sequebatur,
3060 3499 3227 3555 vetuit
3251 3503 3542 3573 prohiberi,
3574 3525 3702 3568 con-

2121 3567 2302 3622 textim
2324 3583 2742 3647 commemorat;
2766 3581 2939 3655 aliqua
2975 3602 3178 3657 ponens
3211 3567 3330 3665 qua:
3364 3599 3544 3657 nullus
3567 3603 3704 3662 alius

2117 3658 2576 3733 Εν³¹¹⁸⁰¹ίδί³¹¹¹ηι
2623 3674 2830 3743 Posuit,
2870 3679 3046 3751 alioue
3086 3658 3374 3760 vero-Quae
3425 3658 3704 3758 Μειὼῶ

2115 3765 2324 3823 quoque
2352 3758 2548 3826 posuit,
2593 3771 2646 3817 et
2675 3764 2848 3836 aliqua
2886 3768 3070 3828 itidem
3097 3790 3216 3848 quae
3243 3758 3300 3836 et
3334 3781 3618 3846 Matthaeus
3646 3800 3704 3848 et

2113 3840 2286 3898 Lucas
2309 3862 2322 3900 ε
2351 3847 2445 3902 sed
2471 3849 2542 3905 illi
2564 3867 2627 3906 ex
2650 3854 2769 3910 aliis
2797 3840 3182 3935 occasionibus,
3207 3881 3261 3926 et
3283 3873 3387 3930 alio
3408 3892 3586 3935 rerum
3606 3896 3696 3940 or-

2110 3936 2254 4004 dine,
2283 3957 2388 3997 non
2412 3944 2513 4002 hoc
2537 3948 2656 4006 loco
2679 3952 2764 4008 ubi
2791 3955 2855 4011 de
2881 3957 2975 4014 illo
2999 3973 3304 4036 suggestum
3327 3979 3431 4038 est,
3462 3974 3551 4044 qui
3571 3936 3694 4034 cum

2109 4029 2380 4104 discipulis
2419 4038 2616 4098 Christi
2659 4060 2762 4101 non
2804 4064 2927 4106 eum
2955 4029 3310 4127 sequebatur,
3344 4072 3399 4118 et
3429 4029 3692 4126 daemonis

2106 4122 2162 4178 in
2182 4125 2296 4196 ejus
2322 4131 2536 4188 nomine
2555 4134 2818 4206 ejiciebat.
2843 4140 2994 4199 Unde
3015 4122 3144 4204 mihi
3164 4122 3371 4209 videtur
3407 4157 3566 4213 etiam
3591 4159 3692 4218 hoc

2104 4213 2224 4271 loco
2250 4217 2508 4278 Dominus
2531 4229 2820 4284 secundum
2841 4232 3003 4290 Marci
3031 4238 3189 4294 ﬁdem
3217 4241 3336 4299 ideo
3355 4244 3552 4304 dixisse

2102 4305 2222 4362 aliis
2261 4310 2420 4366 etiam
2450 4313 2579 4372 locis
2607 4319 2758 4389 dixit,
2785 4324 2907 4394 quia
2941 4330 3072 4386 satis
3099 4332 3434 4403 pertinebant
3455 4339 3523 4395 ad

2101 4394 2268 4465 ipsam
2299 4401 2418 4470 ejus
2443 4409 2763 4466 sententiam
2781 4453 2800 4482 ,
2831 4428 2933 4486 qua
2963 4394 3132 4476 vetuit
3167 4423 3436 4493 prohiberi
3463 4430 3681 4490 virtutes

2095 4690 2198 4730 non
2218 4687 2290 4734 cst
2327 4681 2594 4740 adversum
2618 4702 2726 4754 uos,
2754 4707 2847 4762 pro
2872 4693 3008 4752 vobis
3041 4706 3118 4754 sst
3133 4715 3154 4755 :
3175 4702 3399 4774 quisquis
3422 4707 3560 4763 sitim
3581 4725 3676 4780 po-

2094 4774 2202 4823 tum
2247 4770 2442 4829 dederit
2477 4775 2614 4835 vobis
2633 4781 2842 4838 calicem
2875 4801 3022 4858 aqua
3045 4789 3104 4844 in
3141 4770 3343 4850 nuntius
3382 4812 3522 4868 utea,

2092 4859 2281 4920 Christi
2317 4867 2457 4936 estis,
2495 4885 2645 4928 amen
2683 4873 2797 4930 dico
2843 4878 3013 4949 vobis,
3045 4889 3148 4940 non
3187 4887 3364 4956 perdet

2087 4967 2252 5009 suam.
2274 4954 2428 5014 Unde
2451 4962 2686 5021 ostendit
2707 4966 2867 5024 etiam
2892 4970 3042 5028 illum
3067 4973 3136 5032 de
3285 4977 3524 5040 lam
3543 4999 3670 5056 suco

2086 5057 2354 5116 gesserat,
2403 5059 2460 5109 et
2486 5055 2625 5112 unde
2650 5056 2755 5116 iste
2781 5057 2898 5131 ejus
2924 5077 3108 5123 sermo
3129 5079 3352 5130 exortu
3375 5084 3494 5143 est,

2085 5153 2194 5196 non
2214 5142 2284 5196 ita
2312 5147 2658 5216 separabatur
2681 5165 2712 5208 a
2749 5154 3004 5215 societate
3028 5158 3428 5236 discipulorum,
3455 5142 3518 5226 ut
3543 5142 3665 5228 bant

2085 5239 2334 5304 tanquam
2359 5235 2641 5298 haereticus
2665 5243 2996 5316 improbaret
3023 5268 3041 5308 :
3078 5239 3174 5310 sed
3199 5256 3340 5314 sicut
3565 5263 3664 5322 lto.

2081 5325 2257 5385 mines
2283 5329 2516 5386 nondum
2543 5333 2740 5393 audere
2764 5337 2960 5396 Christi
2979 5345 3252 5418 suscipere
3281 5348 3660 5424 Sacranas“.

2081 5423 2138 5473 et
2177 5426 2352 5476 tamen
2387 5421 2590 5482 nomini
2621 5425 2804 5486 favere
2839 5430 3160 5507 christiano,
3205 5439 3280 5497 ita
3306 5451 3368 5500 ut
3405 5421 3661 5505 Christi;

2078 5523 2179 5565 nos
2216 5512 2378 5568 etiam
2415 5516 2744 5590 suscipiant,
2772 5531 2829 5580 et
2855 5539 2962 5581 non
2989 5527 3059 5584 ob
3095 5529 3239 5588 aliud
3269 5533 3382 5603 eis,
3407 5537 3512 5596 nisi
3536 5540 3660 5612 quia

2075 5599 2349 5660 christiani
2391 5615 2539 5676 sunt,
2566 5609 2950 5685 obsequantur,
2976 5617 3044 5676 de
3067 5621 3309 5692 qualibus
3515 5599 3660 5703 αἱαὶ-

2076 5710 2180 5751 non
2203 5697 2430 5767 perdunt
2449 5703 2749 5761 mercedem
2769 5723 2939 5765 suam.
2965 5711 3081 5769 Non
3101 5716 3222 5786 quia
3241 5717 3352 5790 jam
3375 5697 3475 5780 tuti
3495 5697 3654 5800 atque

2073 5786 2245 5843 securi
2275 5788 2376 5846 sibi
2401 5789 2595 5849 debent
2636 5795 2804 5854 videri
2836 5813 2904 5857 ex
2929 5803 3029 5859 hac
3053 5786 3446 5882 benevolentia,
3490 5786 3650 5887 quam

2075 5889 2199 5950 erga
2220 5875 2550 5942 Christianos
2568 5884 2786 5960 habent,
2810 5891 3018 5952 etiamsi
3037 5893 3234 5956 ChriSti
3541 5921 3647 5967 non
