4076 6460
240 592 548 654 abluantur,
573 597 674 641 nec
701 581 888 638 unitati
916 577 1031 649 ejus
1064 573 1471 643 incorporentur
1503 583 1519 623 :
1559 563 1654 620 sed
1701 562 1828 634 quia

242 684 315 740 ita
341 682 456 751 jam
480 679 576 734 Dei
594 672 956 732 misericordia
979 671 1360 742 gubernantur,
1389 670 1446 718 ut
1475 660 1542 716 ad
1569 659 1663 716 ea‘
1691 670 1826 727 quo-

242 789 347 845 que
383 769 713 842 perveniant,
736 776 894 836 atque
918 765 989 818 ita
1015 762 1186 819 securi
1215 757 1404 815 de'hoc
1427 753 1620 810 saeculo
1643 751 1830 807 absce-

245 865 392 921 dant.
419 861 518 929 Qui
561 858 824 930 profecto,
855 867 908 912 et
943 855 1249 926 priusquam
1278 847 1700 904 Christianorum
1731 858 1828 896 nu-

244 971 400 1012 mero
438 951 725 1016 socientur,
754 948 992 1002 utiliores
1017 954 1168 1011 sunt,
1196 957 1352 1013 quam
1388 941 1423 993 ii
1451 936 1540 1008 qui
1565 951 1686 992 cum
1720 934 1830 1005 jam

245 1045 523 1104 christiani
553 1042 902 1114 appellentur,
933 1048 988 1095 et
1015 1036 1314 1092 christianis
1343 1030 1698 1088 Sacramentis
1727 1028 1830 1082 im-

244 1141 363 1197 buti
392 1143 518 1203 sint,
549 1135 673 1192 talia
699 1133 942 1198 suadent,
975 1139 1032 1185 ut
1059 1128 1252 1200 quibus
1276 1139 1338 1181 ea
1361 1121 1718 1194 persuaserint
1742 1133 1831 1174 se-

245 1245 370 1288 cum
411 1231 464 1284 in
491 1236 743 1283 aeternam
777 1237 983 1294 poenam
1016 1218 1324 1290 pertrabant
1354 1233 1366 1268 :
1398 1227 1533 1283 quos
1561 1210 1832 1266 membro-

247 1309 371 1378 rufn
391 1317 744 1389 corporalium
768 1313 980 1369 nomine
1011 1320 1259 1379 tanquam
1281 1319 1494 1360 manum
1516 1303 1599 1358 vel
1623 1300 1835 1355 oculum

249 1410 696 1469 scandalizentem
720 1405 871 1475 jubet
902 1403 1015 1459 erui
1041 1417 1072 1457 a
1103 1413 1347 1468 corpore,
1381 1396 1480 1450 hoc
1509 1402 1592 1450 est
1626 1393 1694 1447 ab
1723 1392 1836 1461 ipsa

251 1501 472 1559 unitatis
489 1499 762 1561 societate,
787 1503 844 1550 ut
864 1495 980 1550 sine
1006 1493 1088 1548 his
1112 1490 1285 1562 potius
1302 1487 1540 1544 veniatur
1557 1484 1623 1539 ad
1654 1485 1834 1547 vitam,

252 1610 414 1665 quam
451 1608 570 1648 cum
608 1591 686 1646 eis
712 1598 865 1645 eatur
907 1588 958 1642 in
1006 1586 1322 1659 gehennam.
1363 1581 1475 1638 Hoc
1513 1580 1626 1649 ipso
1663 1585 1863 1631 autem-

254 1693 571 1755 separantur
601 1697 632 1738 a
670 1681 862 1751 quibus
897 1686 1232 1748 separantur,
1264 1673 1405 1744 quod
1434 1687 1513 1726 eis
1551 1669 1689 1724 mala
1718 1681 1839 1721 sua-

255 1776 524 1839 dentibus,
586 1774 689 1829 hoc
717 1781 799 1828 est
835 1766 1316 1826 scaudalizantibus
1350 1779 1454 1818 non
1489 1758 1837 1817 consentitur.

258 1868 391 1924 Etsi
413 1865 627 1937 quidem
653 1864 900 1919 omnibus
943 1863 1116 1927 bonis,
1148 1875 1269 1914 cum
1297 1857 1488 1937 quibus
1513 1854 1590 1909 eis
1613 1853 1842 1909 societas

258 1963 394 2026 cst”,
446 1961 604 2015 etiam
634 1958 700 2014 de
729 1958 829 2011 hac
871 1956 1217 2027 perversitate
1261 1935 1616 2015 innotescunt,
1643 1946 1709 2001 ab
1730 1959 1842 1999 om-

260 2052 409 2109 nium
446 2049 661 2121 penitus
691 2047 965 2112 societate,
992 2054 1150 2114 atque
1184 2043 1250 2097 ab
1281 2043 1392 2111 ipsa
1418 2039 1715 2094 divinorum
1746 2036 1843 2092 Sa-

261 2152 657 2201 cramentorum
704 2138 1112 2211 participatione
1155 2141 1468 2204 separantur
1519 2149 1532 2185 :
1577 2129 1623 2183 si
1665 2137 1842 2182 autem

261 2237 578 2313 quibusdam
608 2235 681 2290 ita
725 2234 834 2287 noti
870 2240 1024 2296 sunt,
1057 2228 1294 2298 pluribus
1328 2231 1504 2279 autem
1532 2222 1632 2277 ista
1661 2234 1846 2275 eorum

265 2339 347 2387 est
374 2329 551 2400 ignota
575 2325 924 2398 perversitas;
952 2325 1022 2377 ita
1065 2318 1319 2376 tolerandi
1351 2325 1506 2383 sunt,
1553 2317 1688 2370 sicut
1724 2322 1848 2368 ante

265 2422 662 2480 ventilationem
689 2417 840 2489 palea
876 2415 1133 2470 toleratur
1157 2411 1209 2465 in
1259 2424 1381 2464 area
1401 2447 1416 2474 ,
1458 2414 1514 2461 ut
1543 2419 1717 2474 neque
1745 2403 1849 2458 illis

266 2515 334 2572 ad
365 2514 654 2585 iniquitatis
675 2509 1099 2567 communionem
1123 2502 1502 2562 consentiatur,
1527 2513 1699 2568 neque
1724 2511 1850 2566 pro-

266 2617 390 2681 pter
426 2607 546 2661 illos
581 2605 841 2660 bonorum
885 2601 1111 2654 societas
1147 2597 1424 2653 deseratur
1453 2611 1466 2648 :
1510 2591 1612 2646 hoc
1654 2589 1853 2645 faciunt

266 2679 360 2770 qui
392 2697 590 2753 habent
626 2694 680 2749 in
707 2691 894 2762 seipsis
952 2689 1116 2744 salem
1141 2728 1156 2754 ,
1205 2696 1260 2742 et
1309 2699 1491 2756 pacem
1532 2681 1731 2737 habent
1771 2679 1851 2734 iu-

268 2798 353 2846 ter
387 2803 468 2844 se.

267 2877 495 2937 CAPUT
534 2873 644 2932 VII.
674 2902 745 2915 -—
774 2871 910 2927 Hinc
951 2884 1104 2940 usque
1125 2865 1205 2920 .ad
1250 2880 1440 2919 caenam
1485 2861 1689 2916 Domini
1722 2858 1857 2915 unde

344 2969 511 3026 omnia
527 2965 750 3021 omnium
770 2961 1076 3017 considerari
1094 2964 1366 3028 eruperunt,
1391 2953 1585 3009 nullam
1605 2952 1667 3007 de
1680 2949 1856 3006 Marco

343 3063 665 3135 questioncm
688 3075 791 3113 esse
818 3063 1102 3110 tractatam.

345 3154 399 3211 8.
441 3151 691 3222 Sequitur
712 3149 951 3203 Marcus:
979 3144 1045 3199 Et
1069 3142 1187 3199 inde
1209 3155 1483 3212 exsurgens
1509 3137 1637 3193 venit
1661 3137 1714 3191 in
1730 3135 1858 3206 lines

270 3245 474 3304 Judaei:
497 3242 640 3297 ultra
669 3239 969 3302 Jordanem,
1003 3244 1047 3290 et
1076 3233 1376 3290 conveniunt
1401 3231 1577 3284 iterum
1603 3227 1760 3282 turba:
1792 3225 1860 3279 ad

272 3355 411 3404 eum,
429 3345 473 3390 et
487 3336 615 3388 sicut
635 3336 952 3386 consueverat
965 3328 1144 3381 iterum
1164 3324 1371 3378 docebat
1390 3321 1523 3385 illos,
1543 3328 1672 3384 etc.,
1696 3332 1860 3386 usque

271 3429 346 3486 ad
376 3427 508 3483 illud
542 3425 629 3481 ubi
653 3425 744 3490 ait,
773 3421 956 3476 Omnes
980 3419 1110 3473 enim
1141 3433 1202 3471 ea:
1220 3432 1279 3470 eo
1300 3413 1432 3485 quod
1457 3411 1739 3466 abundabat
1760 3410 1861 3464 illis

274 3522 518 3577 miserunt
544 3534 562 3573 :
591 3517 697 3570 lucc
734 3530 848 3568 vero
876 3512 937 3568 de
972 3507 1184 3582 penuria
1221 3522 1316 3562 sua
1354 3505 1522 3559 omnia
1551 3519 1663 3574 qua:
1692 3502 1862 3556 habuit

277 3613 435 3680 misit,
463 3620 619 3666 totum
649 3611 829 3664 victum
861 3621 1008 3661 suum
1038 3601 1227 3677 (Marc.
1255 3615 1316 3665 ι,
1341 3598 1392 3662 1;
1412 3614 1506 3666 xu,
1535 3600 1646 3670 44).
1676 3593 1734 3649 lu
1765 3594 1864 3649 hac

279 3713 391 3762 tota
433 3704 772 3759 contextione
815 3699 990 3754 omnia
1034 3696 1304 3766 superiora
1349 3691 1680 3750 considerata
1718 3695 1864 3762 sunt,

282 3813 354 3852 ne
391 3809 516 3867 qmd
541 3795 846 3850 viderentur
870 3790 1086 3863 [habere
1128 3786 1475 3849 contrarium,
1503 3781 1715 3855 quando
1739 3795 1864 3842 cum

284 3885 516 3944 Matthaei
543 3884 729 3940 ordine
749 3883 970 3938 caeteros
999 3877 1442 3934 conferebamus:
1469 3873 1574 3937 hoc
1598 3885 1773 3934 autem
1801 3875 1868 3931 de

284 3975 446 4032 vidua
465 3973 779 4048 paupercula
809 3987 927 4048 qua:
951 3970 1062 4028 duo
1084 3968 1285 4028 minuta
1309 3965 1458 4027 misit
1483 3971 1534 4025 in
1556 3966 1870 4040 gazOpbyla-

284 4066 459 4142 cium,
493 4065 602 4127 duo
647 4067 749 4126 soli
788 4067 988 4133 dicunt,
1025 4064 1231 4120 Marcus
1269 4071 1322 4118 et
1359 4062 1528 4117 Lucas
1567 4059 1718 4131 (Luc.
1752 4074 1867 4126 ιιι,

290 4167 440 4238 1-4),
470 4164 565 4222 sed
605 4163 721 4220 sine
761 4160 866 4216 ulla
903 4159 1196 4230 quastione
1239 4155 1580 4211 concordant.
1609 4151 1742 4207 Hinc
1760 4149 1871 4221 jam

292 4271 462 4330 usque
485 4255 552 4312 ad
580 4266 786 4311 cautam
814 4249 1044 4317 Domini,
1070 4247 1207 4302 unde
1227 4245 1460 4302 omnium
1490 4243 1665 4298 omnia
1693 4240 1870 4295 cousi-

294 4349 478 4410 derata
514 4346 874 4410 tractavimus,
916 4357 1021 4397 non
1053 4338 1182 4395 dicit
1221 4347 1274 4394 et
1305 4337 1510 4392 Marcus
1537 4332 1679 4406 quod
1721 4341 1874 4404 cogat

293 4454 418 4496 cum
458 4438 636 4509 aliquo
675 4433 992 4503 comparari,
1021 4430 1090 4487 ad
1120 4427 1490 4501 inquirendum
1535 4441 1604 4483 ne
1627 4423 1755 4497 quid
1783 4438 1874 4479 re-

293 4543 532 4602 pugnare
560 4527 814 4582 videatur.

295 4618 524 4680 CAPUT
564 4617 696 4674 Vlli.
718 4646 790 4658 -
813 4614 891 4670 De
914 4613 1069 4670 Luca
1096 4609 1391 4682 Evangelio,
1418 4606 1669 4678 quomodo
1690 4603 1881 4677 princi-

370 4712 512 4782 pium
542 4709 652 4780 ejus
674 4709 929 4779 Lcengruat
972 4703 1219 4776 principio
1263 4700 1377 4756 libri
1411 4700 1627 4754 Actuum
1664 4697 1880 4767 Aposto-

371 4805 554 4860 lorum.
1523 4793 1525 4796 ’

372 4894 428 4951 9.
465 4891 618 4948 Nunc
656 4904 783 4961 ergo
822 4887 1075 4957 deinceps
1102 4885 1260 4942 Luca:
1301 4883 1647 4955 Evangelium
1686 4898 1751 4940 ex
1789 4897 1882 4939 ora

301 4988 428 5045 dine
455 4990 858 5056 pertractemus,
886 4978 1123 5050 exceptis
1147 4977 1228 5034 eis
1256 4991 1375 5048 qua:
1402 4975 1706 5031 habetcum
1745 4972 1880 5028 Mat-

304 5080 448 5136 thaeo
480 5075 757 5145 Marcoque
791 5069 1128 5136 communia;
1157 5069 1405 5139 quoniam
1445 5067 1533 5122 illa
1556 5066 1666 5137 jam
1704 5064 1882 5122 omnia

306 5177 625 5246 pertractata
669 5172 813 5222 sunt.
856 5161 946 5221 Sic
987 5176 1113 5234 ergo
1164 5161 1348 5231 incipit
1385 5157 1598 5216 Lucas:
1633 5157 1884 5226 Quoniam

306 5265 510 5338 quidem
537 5260 682 5317 multi
708 5256 875 5314 conati
897 5264 1012 5311 sunt
1040 5255 1277 5310 ordinare
1313 5253 1649 5308 narrationem
1689 5266 1806 5324 qua:
1829 5250 1885 5306 in

308 5357 452 5413 nobis
470 5353 726 5426 completa:
753 5358 869 5406 sunt
894 5363 1084 5413 rerum,
1115 5345 1241 5400 sicut
1279 5345 1591 5400 tradiderunt
1629 5342 1772 5398 nobis
1798 5342 1889 5413 qui

309 5449 374 5503 ab
399 5445 540 5499 initio
574 5442 674 5515 ipsi
699 5440 924 5495 viderunt
949 5447 994 5491 et
1021 5436 1237 5513 ministri
1260 5438 1463 5507 {uerunt
1490 5434 1734 5489 sermonis
1759 5447 1780 5489 :
1806 5431 1885 5488 vi-

312 5555 426 5596 sum
451 5545 520 5593 est
540 5545 586 5591 et
615 5533 737 5588 mihi
762 5538 984 5586 assecuta
1007 5544 1040 5582 a
1066 5529 1310 5600 principio
1335 5526 1598 5584 omnibus'
1626 5524 1891 5597 diligenter

379 5651 1201 5725 ίωῆᾗαάεωέιολιηδδνμάεέι·

378 5728 398 5758 ¹
423 5731 472 5773 lu
494 5719 742 5786 plerisque
765 5725 890 5776 Mss.,
913 5719 1080 5786 {latitia
1092 5719 1178 5786 est.

380 5788 404 5820 .
422 5767 778 5848 animi.
799 5767 1159 5848 meum
1187 5771 1475 5848 «διαιρέω

565 5834 1458 5907 corbeiensianiblia;
1487 5834 1891 5899 juxtagrrecum,

1583 443 1782 506 LIBER
1816 440 2158 516 QUARTUS.

3368 437 3509 496 i223

1935 571 2000 612 ea:
2023 556 2198 611 ordine
2227 550 2313 607 tibi
2337 550 2569 618 scribere,
2609 549 2794 622 optime
2823 547 3119 623 Theophila,
3155 558 3209 604 ut
3233 566 3508 622 cognoscas

1935 665 2106 704 eorum
2155 648 2446 714 verborum,
2504 645 2566 700 de
2610 645 2786 718 quibus
2839 644 3058 699 eruditus
3107 661 3194 712 es,
3248 645 3506 698 veritatem

1937 739 2087 813 (Luc.
2105 755 2142 806 ι,
2171 738 2312 808 1-4).
2331 738 2440 791 Hoc
2462 737 2772 806 principium
2784 735 2850 791 ad
2871 736 3134 804 Evangelii
3151 735 3500 790 narrationem

1935 831 2168 886 nondum
2199 829 2443 900 pertinet.
2475 828 2739 882 Admonet
2761 836 2935 882 autem
2965 827 3340 883 utnoverimus
3361 842 3509 882 eum-

1937 923 2057 978 dem
2084 923 2279 977 Lucam
2307 922 2465 977 etiam
2497 921 2641 975 illum
2671 921 2860 974 librum
2890 921 3190 989 scripsisse,
3229 920 3320 990 qui
3346 921 3513 976 Actus

1939 1014 2316 1084 Apostolorum
2355 1021 2593 1079 vocatur,
2621 1026 2726 1066 non
2758 1013 2928 1067 solum
2958 1012 3078 1082 quia
3103 1011 3382 1082 TheOphili
3418 1025 3514 1067 no-

1939 1122 2061 1162 men
2088 1107 2244 1162 etiam
2270 1105 2376 1160 illic
2401 1106 2568 1171 inest;
2599 1121 2718 1159 nam
2743 1115 2920 1175 posset
2945 1105 3078 1171 fieri,
3097 1115 3155 1161 ut
3179 1114 3232 1161 et
3260 1106 3394 1162 alius
3417 1105 3516 1162 ali-

1941 1199 2056 1269 quis
2081 1197 2404 1267 Theophilus
2441 1205 2603 1264 csset,
2646 1206 2698 1252 et
2740 1199 2784 1251 si
2814 1197 2953 1252 idem
2981 1198 3094 1266 ipse
3119 1207 3282 1262 esset,
3313 1199 3381 1254 ab
3409 1199 3516 1254 alio

1940 1289 2007 1344 ad
2031 1288 2177 1343 illum
2197 1288 2393 1360 aliquid
2416 1289 2759 1358 scriberetur,
2783 1289 2919 1343 sicut
2937 1305 2966 1342 a
2983 1289 3123 1345 Luca
3145 1291 3514 1361 Evangelium:

1941 1381 2035 1438 sed
2064 1382 2184 1452 quia
2215 1392 2267 1437 et
2301 1382 2369 1437 ibi
2392 1382 2463 1436 ita
2488 1395 2707 1436 exorsus
2726 1389 2806 1436 est
2832 1389 2889 1436 ut
2907 1381 3128 1448 diceret,
3156 1381 3387 1437 Primum
3403 1383 3489 1454 qui
3507 1417 3520 1425 ο

1943 1472 2056 1528 dem
2074 1489 2353 1527 sermonem
2379 1473 2476 1543 feci
2499 1472 2562 1526 de
2584 1473 2828 1540 omnibus,
2848 1490 2878 1526 ο
2905 1470 3204 1544 Theophila,
3231 1489 3344 1543 quia
3370 1474 3520 1544 coepit

1942 1562 1975 1618 J
1983 1581 2090 1619 esus
2118 1567 2281 1638 facere
2310 1574 2356 1618 et
2380 1563 2576 1632 docere,
2599 1580 2752 1632 usque
2776 1565 2828 1618 in
2853 1564 2982 1618 diem
2998 1580 3096 1632 quo
3123 1564 3378 1636 Apostolis
3399 1580 3521 1636 quos

1945 1657 2122 1728 elegit‘
2146 1674 2235 1730 per
2273 1658 2520 1728 Spiritum
2547 1667 2772 1710 sanctum
2801 1657 3050 1711 mandans
3063 1657 3217 1728 jussit
3243 1657 3519 1727 praedicare

1945 1746 2274 1819 Evangelium
2302 1747 2435 1819 (Act.
2469 1763 2509 1812 ι,
2543 1747 2744 1818 let2);
2799 1746 2942 1802 dedit
2985 1748 3202 1818 intelligi
3229 1748 3369 1818 quod
3415 1747 3524 1818 jam

1946 1841 2217 1911 scripserit
2240 1841 2509 1911 Evangelii
2540 1841 2729 1895 librum
2750 1855 2912 1895 unum
2937 1856 2999 1896 cx
3028 1849 3272 1912 quatuor,
3295 1855 3524 1912 quorum

1948 1943 2031 1988 est
2053 1934 2104 1987 in
2119 1934 2354 1990 Ecclesia
2371 1935 2609 1989 sublimis
2633 1935 2936 1990 auctoritas.
2964 1933 3078 1991 Nec
3106 1935 3224 1990 ideo
3244 1935 3364 2005 quia
3393 1934 3526 1990 dixit

1949 2025 2018 2080 de
2038 2025 2283 2081 omnibus
2304 2041 2363 2081 se
2382 2024 2572 2082 fecisse
2596 2041 2916 2092 sermonem,
2945 2041 3062 2097 qua:
3086 2027 3246 2096 coepit
3263 2025 3414 2082 Jesus
3441 2025 3523 2080 fa-

1950 2132 2073 2173 cere
2098 2126 2152 2173 et
2174 2117 2366 2174 docere
2388 2133 2554 2188 usque
2579 2118 2632 2172 in
2654 2117 2792 2172 diem
2814 2132 2919 2187 quo
2943 2118 3209 2171 mandavit
3236 2115 3525 2186 Apostolis,

1951 2209 2126 2278 putari
2153 2207 2310 2263 debet
2337 2208 2516 2262 omnia
2561 2209 2838 2278 scripsisse
2877 2207 2927 2260 in
2960 2207 3245 2277 Evangelio
3286 2221 3383 2262 suo
3411 2221 3531 2278 quae

1952 2297 2110 2354 Jesus
2137 2314 2259 2354 cum
2297 2298 2567 2369 Apostolis
2597 2299 2649 2352 in
2679 2307 2819 2352 terra
2848 2306 3088 2353 versatus
3130 2296 3253 2352 fecit
3282 2305 3336 2354 et
3363 2297 3528 2364 dixit;

1953 2403 2021 2444 ne
2054 2389 2123 2444 sit
2158 2390 2480 2444 contrarium
2518 2388 2728 2452 Joanni,
2775 2391 2862 2459 qui
2909 2390 2981 2443 ait
3025 2389 3188 2444 multa
3216 2389 3315 2442 alia
3345 2389 3532 2445 fecisse

1955 2480 2161 2546 Iesum,
2189 2497 2306 2549 quin
2334 2481 2380 2536 si
2409 2481 2790 2548 scriberentur,
2821 2480 3075 2536 mundum
3107 2491 3271 2536 totum
3303 2495 3406 2536 non
3436 2496 3532 2552 po-

1956 2574 2122 2628 tuisse
2150 2587 2340 2643 capere
2368 2573 2488 2627 illos
2513 2573 2676 2627 libros
2707 2571 2886 2642 (Joan.
2924 2589 3035 2639 xxi,
3069 2574 3160 2646 25)
3189 2591 3201 2628 :
3228 2589 3348 2629 cum
3374 2575 3533 2630 etiam

1959 2672 2170 2721 constet
2199 2667 2266 2718 ab
2306 2664 2424 2719 aliis
2453 2664 2788 2734 evangelistis
2814 2680 2920 2720 non
2950 2680 3113 2735 pauca
3156 2674 3388 2734 narrata,
3415 2681 3536 2737 quin

1958 2755 2130 2812 Lucas
2159 2756 2274 2827 ipse
2305 2756 2569 2811 narrando
2590 2771 2694 2812 non
2724 2758 2910 2827 attigit.
2945 2757 3020 2812 De
3045 2759 3289 2814 omnibus
3315 2773 3441 2829 ergo
3466 2760 3558 2827 fey

1957 2849 2032 2905 cit
2051 2865 2377 2915 sermonem,
2400 2847 2644 2920 eligendo
2674 2849 2739 2904 de
2767 2849 3012 2905 omnibus
3036 2849 3172 2904 unde
3199 2849 3397 2905 faceret
3425 2865 3538 2905 ser-

1960 2958 2193 3006 monem,
2223 2958 2340 3012 quae
2360 2942 2616 3012 judicavit
2649 2948 2768 3010 apta
2804 2949 2858 2996 et
2885 2956 3112 3011 congrua
3144 2941 3388 2998 sufficere
3417 2941 3539 2997 offi-

1960 3033 2045 3089 cio
2080 3035 2489 3104 dispensationis
2515 3049 2642 3088 sua).
2691 3035 2754 3088 Et
2785 3033 2925 3103 quod
2952 3033 3077 3089 dicit
3103 3035 3294 3090 multos
3318 3045 3539 3092 conatos

1963 3127 2198 3182 ordinare
2238 3128 2594 3190 narrationem,
2631 3142 2744 3196 quin
2783 3127 2835 3179 in
2861 3126 3000 3181 nobis
3036 3127 3296 3198 complette
3323 3136 3439 3183 sunt
3459 3145 3543 3184 re-

1963 3233 2097 3283 rum,
2130 3216 2334 3272 videtur
2361 3217 2657 3287 significare
2684 3216 2985 3284 nonnullos,
3013 3218 3101 3288 qui
3123 3233 3229 3273 non
3254 3226 3542 3289 potuerunt

1966 3308 2066 3363 hoc
2095 3319 2397 3380 susceptum
2424 3324 2612 3363 munus
2639 3309 2863 3378 implere
2891 3327 2904 3364 :
2938 3309 3059 3366 ideo
3082 3319 3258 3371 autem
3287 3311 3414 3371 dicit
3437 3317 3540 3373 sibi

1966 3400 2124 3454 visum
2150 3415 2268 3454 esse
2296 3416 2356 3453 ea:
2381 3399 2552 3453 ordine
2581 3397 2844 3470 diligenter
2875 3399 3107 3472 scribere,
3134 3407 3373 3476 quoniam
3399 3407 3543 3463 multi

1967 3491 2132 3545 conati
2158 3500 2273 3544 sunt
2288 3506 2307 3556 ;
2328 3490 2420 3544 sed
2447 3504 2536 3544 eos
2560 3489 2814 3551 debemus
2833 3496 3093 3566 accipere,
3113 3511 3337 3566 quorum
3367 3498 3420 3552 in
3440 3499 3542 3554 Ec~

1968 3581 2129 3637 clesia
2173 3580 2312 3641 nulla
2359 3586 2533 3640 exstat
2571 3583 2871 3648 auctoritas,
2918 3585 3038 3654 quia
3087 3585 3138 3640 id
3183 3586 3324 3657 quod
3370 3589 3541 3643 conati

1969 3674 2378 3745 sunt,implcre
2439 3675 2656 3730 minime
2713 3684 3016 3744 potuerunt.
3072 3675 3174 3743 Iste
3213 3686 3389 3733 autem
3440 3692 3546 3734 non

1973 3767 2144 3823 solum
2196 3781 2364 3836 usque
2409 3765 2475 3820 ad
2526 3767 2969 3822 resurrectionem
3023 3770 3546 3842 assumptionemque

1974 3857 2184 3913 Domini
2231 3855 2474 3927 perduxit
2515 3857 2867 3912 narrationem
2904 3873 3073 3924 suam,
3130 3866 3189 3913 ut
3233 3861 3284 3914 in
3326 3869 3549 3928 quatuor

1977 3947 2280 4003 auctoribus
2319 3947 2635 4017 evangelicae
2671 3945 2955 4016 Scripturte
2989 3947 3203 4018 dignum
3241 3949 3420 4004 labore
3450 3964 3551 4006 suo

1976 4041 2200 4098 haberet
2227 4042 2399 4096 locum
2425 4058 2437 4093 :
2460 4055 2644 4094 verum
2673 4040 2830 4094 etiam
2861 4041 3110 4110 deinceps
3137 4057 3252 4111 quae
3281 4057 3376 4112 per
3402 4043 3551 4113 Apo-

1978 4133 2143 4189 stolos
2179 4141 2325 4202 gesta
2374 4137 2531 4196 sunt,
2579 4145 2695 4200 quae
2750 4128 2994 4186 sufficere
3042 4130 3264 4186 credidit
3311 4131 3378 4187 ad
3420 4132 3552 4188 aedi-

1979 4222 2237 4278 ficandam
2265 4221 2420 4277 fidem
2443 4221 2729 4292 legentium
2752 4222 2832 4276 vel
2857 4222 3204 4288 audientium,
3229 4223 3300 4279 ita
3322 4225 3556 4295 scripsit,

1981 4323 2040 4370 ut
2078 4314 2225 4369 solus
2263 4313 2377 4383 ejus
2403 4313 2536 4368 liber
2558 4313 2660 4367 fide
2689 4313 2878 4383 dignus
2907 4312 3193 4368 haberetur
3232 4313 3285 4368 in
3313 4314 3553 4371 Ecclesia

1981 4405 2048 4462 de
2070 4404 2439 4475 Apostolorum
2468 4403 2670 4459 actibus
2691 4405 2972 4470 narrantis,
2996 4404 3290 4475 reprobatis
3309 4406 3556 4463 omnibus

1981 4497 2072 4567 qui
2100 4510 2202 4551 non
2231 4509 2293 4550 ea
2314 4493 2417 4549 fide
2437 4509 2539 4565 qua
2568 4496 2815 4564 Oportuit,
2846 4495 2980 4550 facta
3009 4494 3250 4566 dictaque
3277 4498 3558 4568 Apostoloo

1983 4602 2102 4643 rum
2130 4586 2243 4640 ausi
2274 4594 2396 4641 sunt
2433 4585 2684 4640 scribere.
2728 4585 2805 4640 Eo
2831 4587 3034 4657 quippe
3053 4598 3288 4658 tempore
3326 4591 3558 4660 scripse-

1983 4686 2110 4736 runt
2144 4678 2350 4734 Marcus
2391 4687 2447 4733 et
2484 4673 2675 4741 Lucas,
2722 4693 2828 4748 quo
2865 4694 2970 4733 non
3013 4680 3180 4735 solum
3222 4680 3289 4736 ab
3323 4681 3559 4739 Ecclesia

1985 4772 2198 4840 Christi,
2229 4788 2412 4830 verum
2442 4772 2598 4827 etiam
2619 4772 2687 4827 ab
2714 4772 2839 4843 ipsis
2868 4771 3039 4830 adhuc
3067 4773 3122 4829 in
3151 4789 3309 4831 carne
3332 4791 3558 4834 manen-

1985 4865 2132 4924 tibus
2160 4865 2430 4938 Apostolis
2460 4863 2670 4934 probari
2697 4873 2998 4936 potuerunt.

1987 4955 2212 5016 CAPUT
2249 4955 2342 5012 IX.
2367 4985 2437 4996 —-
2469 4953 2731 5020 Quomodo
2763 4955 3068 5022 ostendatur,
3099 4955 3231 5025 quod
3260 4954 3322 5009 de
3347 4956 3562 5027 piscibus

2057 5049 2221 5120 captis
2265 5045 2432 5102 Lucas
2473 5045 2872 5100 commemoravit
2913 5061 3012 5098 non
3044 5046 3286 5114 pertinere
3323 5046 3391 5098 ad
3433 5045 3562 5100 illud

2058 5138 2197 5214 quod
2233 5138 2426 5194 videtur
2460 5137 2624 5192 simile
2663 5135 2891 5189 Joannes
2926 5150 3159 5189 narrasse
3204 5144 3314 5205 post
3357 5134 3566 5190 Domini

2065 5231 2502 5296 resurrectionem,
2530 5237 2678 5298 atque
2699 5225 2817 5280 inde
2845 5226 2952 5294 iam
2977 5241 3131 5294 usque
3155 5225 3225 5280 ad
3246 5241 3438 5280 caenam
3461 5225 3565 5280 Do-

2061 5323 2203 5386 mini,
2229 5323 2363 5376 unde
2385 5319 2608 5374 omnium
2633 5317 2801 5371 omnia
2824 5332 2980 5386 usque
3003 5314 3055 5370 in
3075 5315 3226 5385 ﬁnem
3251 5315 3567 5370 considerata

2027 5429 2034 5432 "
2061 5423 2201 5477 sunt,
2223 5413 2418 5466 nullam
2437 5413 2591 5465 etiam
2617 5423 2680 5464 ex
2698 5406 2976 5480 Evangelia
2996 5403 3152 5462 Lucae
3172 5413 3436 5463 tractatam
3462 5423 3569 5463 esse

2061 5502 2401 5575 questionem.

2065 5595 2151 5651 lo.
2193 5592 2280 5649 Sic
2321 5605 2450 5663 ergo
2486 5604 2704 5648 narrare
2744 5589 2914 5647 Lucas
2949 5587 3133 5659 incipit
3173 5587 3563 5663 Evangelium:

1937 5700 1940 5704 '
1995 5687 2121 5744 Fuit
2147 5686 2200 5739 in
2227 5684 2397 5739 diebus
2434 5681 2673 5751 Herodis,
2703 5684 2834 5754 regis
2861 5681 3078 5749 ludicre,
3109 5681 3342 5739 sacerdos
3363 5684 3570 5758 quidam

1995 5779 2198 5838 nomine
2218 5775 2512 5845 Zacharias,
2542 5776 2604 5833 de
2630 5776 2735 5833 vice
2756 5777 2922 5845 Abiu;
2946 5788 2992 5834 et
3015 5794 3145 5838 uror
3176 5775 3255 5834 illi
3281 5777 3346 5836 de
3370 5781 3572 5852 ﬁliabus

2066 5895 2084 5927 ι
2110 5898 2176 5944 tta
2198 5892 2248 5943 in
2267 5889 2447 5956 aliquot
2467 5896 2574 5943 Mss.
2599 5899 2654 5942 At
2676 5892 2726 5944 in
2750 5892 2906 5959 editis,
2925 5905 3019 5960 quo
3038 5894 3278 5961 apostolos
3291 5895 3447 5957 eleait.
