  <div class='ocr_page' id='page_1' title='image "/cluster/home/n/w/nwhite01/storage/ocr_20150623/34/hvd.32044015706310/617.png"; bbox 0 0 4076 6482; ppageno 0'>
   <div class='ocr_carea' id='block_1_1' title="bbox 488 388 623 451">
    <p class='ocr_par' dir='ltr' id='par_1_1' title="bbox 488 388 623 451">
     <span class='ocr_line' id='line_1_1' title="bbox 488 388 623 451; baseline -0.03 0"><span class='ocrx_word' id='word_1_1' title='bbox 488 388 623 451; x_wconf 70' lang='lat'><strong>12925</strong></span> 
     </span>
    </p>
   </div>
   <div class='ocr_carea' id='block_1_2' title="bbox 484 486 2072 570">
    <p class='ocr_par' dir='ltr' id='par_1_2' title="bbox 484 486 2072 570">
     <span class='ocr_line' id='line_1_2' title="bbox 484 486 2072 570; baseline -0.011 -10"><span class='ocrx_word' id='word_1_2' title='bbox 484 504 681 570; x_wconf 74' lang='lat' dir='ltr'><strong>Aaron,</strong></span> <span class='ocrx_word' id='word_1_3' title='bbox 699 506 938 556; x_wconf 82' lang='lat' dir='ltr'><strong>eluomen</strong></span> <span class='ocrx_word' id='word_1_4' title='bbox 960 496 1070 569; x_wconf 84' lang='lat' dir='ltr'><strong>ejus</strong></span> <span class='ocrx_word' id='word_1_5' title='bbox 1095 492 1373 560; x_wconf 80' lang='lat' dir='ltr'><strong>Elisabeth,</strong></span> <span class='ocrx_word' id='word_1_6' title='bbox 1395 499 1526 559; x_wconf 90' lang='lat' dir='ltr'><strong>etc.,</strong></span> <span class='ocrx_word' id='word_1_7' title='bbox 1548 505 1716 563; x_wconf 89' lang='lat' dir='ltr'><strong>usque</strong></span> <span class='ocrx_word' id='word_1_8' title='bbox 1741 487 1807 544; x_wconf 87' lang='lat' dir='ltr'><strong>ad</strong></span> <span class='ocrx_word' id='word_1_9' title='bbox 1840 502 1963 544; x_wconf 92' lang='lat' dir='ltr'><strong>eum</strong></span> <span class='ocrx_word' id='word_1_10' title='bbox 1983 486 2072 543; x_wconf 86' lang='lat' dir='ltr'><strong>lo-</strong></span> 
     </span>
    </p>
   </div>
   <div class='ocr_carea' id='block_1_3' title="bbox 483 581 2074 661">
    <p class='ocr_par' dir='ltr' id='par_1_3' title="bbox 483 581 2074 661">
     <span class='ocr_line' id='line_1_3' title="bbox 483 581 2074 661; baseline -0.013 -7"><span class='ocrx_word' id='word_1_11' title='bbox 483 612 606 655; x_wconf 81' lang='lat' dir='ltr'><strong>cum</strong></span> <span class='ocrx_word' id='word_1_12' title='bbox 637 594 725 652; x_wconf 88' lang='lat' dir='ltr'><strong>ubi</strong></span> <span class='ocrx_word' id='word_1_13' title='bbox 755 592 850 661; x_wconf 90' lang='lat' dir='ltr'><strong>ait,</strong></span> <span class='ocrx_word' id='word_1_14' title='bbox 892 589 962 648; x_wconf 86' lang='lat' dir='ltr'><strong>Ut</strong></span> <span class='ocrx_word' id='word_1_15' title='bbox 998 589 1212 645; x_wconf 81' lang='lat' dir='ltr'><strong>cessavit</strong></span> <span class='ocrx_word' id='word_1_16' title='bbox 1240 596 1409 642; x_wconf 86' lang='lat' dir='ltr'><strong>autem</strong></span> <span class='ocrx_word' id='word_1_17' title='bbox 1436 585 1596 657; x_wconf 80' lang='lat' dir='ltr'><strong>loqui,</strong></span> <span class='ocrx_word' id='word_1_18' title='bbox 1636 583 1766 639; x_wconf 78' lang='lat' dir='ltr'><strong>dixit</strong></span> <span class='ocrx_word' id='word_1_19' title='bbox 1789 582 1857 636; x_wconf 90' lang='lat' dir='ltr'><strong>ad</strong></span> <span class='ocrx_word' id='word_1_20' title='bbox 1897 581 2074 638; x_wconf 84' lang='lat' dir='ltr'><strong>Simo-</strong></span> 
     </span>
    </p>
   </div>
   <div class='ocr_carea' id='block_1_4' title="bbox 484 675 2076 749">
    <p class='ocr_par' dir='ltr' id='par_1_4' title="bbox 484 675 2076 749">
     <span class='ocr_line' id='line_1_4' title="bbox 484 675 2076 749; baseline -0.011 -5"><span class='ocrx_word' id='word_1_21' title='bbox 484 704 600 745; x_wconf 85' lang='lat' dir='ltr'><strong>nem</strong></span> <span class='ocrx_word' id='word_1_22' title='bbox 624 702 641 743; x_wconf 88' lang='lat'><strong><em>:</em></strong></span> <span class='ocrx_word' id='word_1_23' title='bbox 673 685 784 740; x_wconf 88' lang='lat' dir='ltr'><strong>Duc</strong></span> <span class='ocrx_word' id='word_1_24' title='bbox 804 687 858 739; x_wconf 84' lang='lat' dir='ltr'><strong>in</strong></span> <span class='ocrx_word' id='word_1_25' title='bbox 893 683 1071 749; x_wconf 87' lang='lat' dir='ltr'><strong>altum,</strong></span> <span class='ocrx_word' id='word_1_26' title='bbox 1100 689 1146 735; x_wconf 89' lang='lat' dir='ltr'><strong>et</strong></span> <span class='ocrx_word' id='word_1_27' title='bbox 1176 679 1347 734; x_wconf 70' lang='lat' dir='ltr'><strong>laxate</strong></span> <span class='ocrx_word' id='word_1_28' title='bbox 1376 677 1503 732; x_wconf 83' lang='lat' dir='ltr'><strong>retia</strong></span> <span class='ocrx_word' id='word_1_29' title='bbox 1531 684 1693 732; x_wconf 78' lang='lat' dir='ltr'><strong>vestra</strong></span> <span class='ocrx_word' id='word_1_30' title='bbox 1720 675 1773 729; x_wconf 84' lang='lat' dir='ltr'><strong>in</strong></span> <span class='ocrx_word' id='word_1_31' title='bbox 1809 682 2076 744; x_wconf 82' lang='lat' dir='ltr'><strong>capturam</strong></span> 
     </span>
    </p>
   </div>
   <div class='ocr_carea' id='block_1_5' title="bbox 490 768 2077 857">
    <p class='ocr_par' dir='ltr' id='par_1_5' title="bbox 490 768 2077 857">
     <span class='ocr_line' id='line_1_5' title="bbox 490 768 2077 857; baseline -0.01 -20"><span class='ocrx_word' id='word_1_32' title='bbox 490 780 641 857; x_wconf 89' lang='lat' dir='ltr'><strong>(Luc.</strong></span> <span class='ocrx_word' id='word_1_33' title='bbox 667 796 706 848; x_wconf 82' lang='grc' dir='ltr'>ι,</span> <span class='ocrx_word' id='word_1_34' title='bbox 740 780 881 846; x_wconf 79' lang='lat' dir='ltr'><strong>5;v,</strong></span> <span class='ocrx_word' id='word_1_35' title='bbox 908 776 989 847; x_wconf 73' lang='grc'><strong>4).</strong></span> <span class='ocrx_word' id='word_1_36' title='bbox 1027 774 1143 831; x_wconf 84' lang='lat' dir='ltr'><strong>Hoc</strong></span> <span class='ocrx_word' id='word_1_37' title='bbox 1169 782 1334 829; x_wconf 90' lang='lat' dir='ltr'><strong>totum</strong></span> <span class='ocrx_word' id='word_1_38' title='bbox 1378 786 1485 827; x_wconf 92' lang='lat' dir='ltr'><strong>non</strong></span> <span class='ocrx_word' id='word_1_39' title='bbox 1513 770 1673 827; x_wconf 90' lang='lat' dir='ltr'><strong>habet</strong></span> <span class='ocrx_word' id='word_1_40' title='bbox 1716 768 1878 824; x_wconf 85' lang='lat' dir='ltr'><strong>ullam</strong></span> <span class='ocrx_word' id='word_1_41' title='bbox 1905 770 2077 838; x_wconf 87' lang='lat' dir='ltr'><strong>&#39;repu-</strong></span> 
     </span>
    </p>
   </div>
   <div class='ocr_carea' id='block_1_6' title="bbox 487 857 2079 946">
    <p class='ocr_par' dir='ltr' id='par_1_6' title="bbox 487 857 2079 946">
     <span class='ocr_line' id='line_1_6' title="bbox 487 857 2079 946; baseline -0.009 -17"><span class='ocrx_word' id='word_1_42' title='bbox 487 871 720 946; x_wconf 73' lang='lat' dir='ltr'><strong>gnantite</strong></span> <span class='ocrx_word' id='word_1_43' title='bbox 748 868 1115 941; x_wconf 83' lang='lat' dir='ltr'><strong>quaestionem.</strong></span> <span class='ocrx_word' id='word_1_44' title='bbox 1144 864 1378 921; x_wconf 84' lang='lat' dir='ltr'><strong>Joannes</strong></span> <span class='ocrx_word' id='word_1_45' title='bbox 1413 861 1627 934; x_wconf 85' lang='lat' dir='ltr'><strong>quidem</strong></span> <span class='ocrx_word' id='word_1_46' title='bbox 1666 860 1879 916; x_wconf 85' lang='lat' dir='ltr'><strong>videtur</strong></span> <span class='ocrx_word' id='word_1_47' title='bbox 1903 857 2079 914; x_wconf 84' lang='lat' dir='ltr'><strong>simile</strong></span> 
     </span>
    </p>
   </div>
   <div class='ocr_carea' id='block_1_7' title="bbox 487 949 2078 1036">
    <p class='ocr_par' dir='ltr' id='par_1_7' title="bbox 487 949 2078 1036">
     <span class='ocr_line' id='line_1_7' title="bbox 487 949 2078 1036; baseline -0.011 -16"><span class='ocrx_word' id='word_1_48' title='bbox 487 963 684 1036; x_wconf 87' lang='lat' dir='ltr'><strong>aliquid</strong></span> <span class='ocrx_word' id='word_1_49' title='bbox 710 962 910 1027; x_wconf 82' lang='lat' dir='ltr'><strong>dicere,</strong></span> <span class='ocrx_word' id='word_1_50' title='bbox 934 958 1029 1014; x_wconf 90' lang='lat' dir='ltr'><strong>sed</strong></span> <span class='ocrx_word' id='word_1_51' title='bbox 1056 956 1189 1013; x_wconf 89' lang='lat' dir='ltr'><strong>illud</strong></span> <span class='ocrx_word' id='word_1_52' title='bbox 1215 957 1373 1027; x_wconf 82' lang='lat' dir='ltr'><strong>longe</strong></span> <span class='ocrx_word' id='word_1_53' title='bbox 1401 953 1546 1008; x_wconf 83' lang='lat' dir='ltr'><strong>aliud</strong></span> <span class='ocrx_word' id='word_1_54' title='bbox 1576 961 1679 1019; x_wconf 87' lang='lat' dir='ltr'><strong>est,</strong></span> <span class='ocrx_word' id='word_1_55' title='bbox 1709 951 1850 1022; x_wconf 89' lang='lat' dir='ltr'><strong>quod</strong></span> <span class='ocrx_word' id='word_1_56' title='bbox 1879 949 2078 1004; x_wconf 82' lang='lat' dir='ltr'><strong>iactum</strong></span> 
     </span>
    </p>
   </div>
   <div class='ocr_carea' id='block_1_8' title="bbox 487 1040 2079 1128">
    <p class='ocr_par' dir='ltr' id='par_1_8' title="bbox 487 1040 2079 1128">
     <span class='ocr_line' id='line_1_8' title="bbox 487 1040 2079 1128; baseline -0.013 -14"><span class='ocrx_word' id='word_1_57' title='bbox 487 1065 571 1114; x_wconf 89' lang='lat' dir='ltr'><strong>est</strong></span> <span class='ocrx_word' id='word_1_58' title='bbox 601 1062 721 1128; x_wconf 89' lang='lat' dir='ltr'><strong>post</strong></span> <span class='ocrx_word' id='word_1_59' title='bbox 753 1051 1205 1109; x_wconf 76' lang='lat' dir='ltr'><strong>resurrectionem</strong></span> <span class='ocrx_word' id='word_1_60' title='bbox 1247 1047 1459 1103; x_wconf 90' lang='lat' dir='ltr'><strong>Domini</strong></span> <span class='ocrx_word' id='word_1_61' title='bbox 1502 1044 1570 1100; x_wconf 86' lang='lat' dir='ltr'><strong>ad</strong></span> <span class='ocrx_word' id='word_1_62' title='bbox 1601 1058 1750 1099; x_wconf 90' lang='lat' dir='ltr'><strong>mare</strong></span> <span class='ocrx_word' id='word_1_63' title='bbox 1779 1040 2079 1097; x_wconf 90' lang='lat' dir='ltr'><strong>Tiberiadis</strong></span> 
     </span>
    </p>
   </div>
   <div class='ocr_carea' id='block_1_9' title="bbox 493 1136 2080 1225">
    <p class='ocr_par' dir='ltr' id='par_1_9' title="bbox 493 1136 2080 1225">
     <span class='ocr_line' id='line_1_9' title="bbox 493 1136 2080 1225; baseline -0.011 -22"><span class='ocrx_word' id='word_1_64' title='bbox 493 1148 670 1225; x_wconf 85' lang='lat' dir='ltr'><strong>(Joan.</strong></span> <span class='ocrx_word' id='word_1_65' title='bbox 698 1161 814 1214; x_wconf 77' lang='lat' dir='ltr'><strong>xxi,</strong></span> <span class='ocrx_word' id='word_1_66' title='bbox 842 1142 1017 1218; x_wconf 79' lang='grc'><strong>1-11).</strong></span> <span class='ocrx_word' id='word_1_67' title='bbox 1046 1142 1123 1199; x_wconf 91' lang='lat' dir='ltr'><strong>lbi</strong></span> <span class='ocrx_word' id='word_1_68' title='bbox 1147 1140 1292 1197; x_wconf 90' lang='lat' dir='ltr'><strong>enim</strong></span> <span class='ocrx_word' id='word_1_69' title='bbox 1322 1154 1431 1195; x_wconf 91' lang='lat' dir='ltr'><strong>non</strong></span> <span class='ocrx_word' id='word_1_70' title='bbox 1463 1137 1637 1194; x_wconf 91' lang='lat' dir='ltr'><strong>solum</strong></span> <span class='ocrx_word' id='word_1_71' title='bbox 1670 1136 1844 1207; x_wconf 90' lang='lat' dir='ltr'><strong>ipsum</strong></span> <span class='ocrx_word' id='word_1_72' title='bbox 1871 1142 2080 1225; x_wconf 75' lang='lat' dir='ltr'><strong>tempus</strong></span> 
     </span>
    </p>
   </div>
   <div class='ocr_carea' id='block_1_10' title="bbox 386 1222 2079 1301">
    <p class='ocr_par' dir='ltr' id='par_1_10' title="bbox 386 1222 2079 1301">
     <span class='ocr_line' id='line_1_10' title="bbox 386 1222 2079 1301; baseline -0.012 -4"><span class='ocrx_word' id='word_1_73' title='bbox 386 1292 391 1297; x_wconf 85' lang='lat'><strong>.</strong></span> <span class='ocrx_word' id='word_1_74' title='bbox 487 1222 643 1296; x_wconf 81' lang='lat' dir='ltr'><strong>valde</strong></span> <span class='ocrx_word' id='word_1_75' title='bbox 669 1237 938 1294; x_wconf 90' lang='lat' dir='ltr'><strong>diversum</strong></span> <span class='ocrx_word' id='word_1_76' title='bbox 964 1243 1068 1301; x_wconf 91' lang='lat' dir='ltr'><strong>est,</strong></span> <span class='ocrx_word' id='word_1_77' title='bbox 1097 1233 1192 1289; x_wconf 91' lang='lat' dir='ltr'><strong>sed</strong></span> <span class='ocrx_word' id='word_1_78' title='bbox 1222 1231 1382 1289; x_wconf 90' lang='lat' dir='ltr'><strong>etiam</strong></span> <span class='ocrx_word' id='word_1_79' title='bbox 1421 1245 1509 1286; x_wconf 89' lang='lat' dir='ltr'><strong>res</strong></span> <span class='ocrx_word' id='word_1_80' title='bbox 1542 1229 1658 1300; x_wconf 90' lang='lat' dir='ltr'><strong>ipsa</strong></span> <span class='ocrx_word' id='word_1_81' title='bbox 1680 1226 1967 1298; x_wconf 91' lang='lat' dir='ltr'><strong>plurimum</strong></span> <span class='ocrx_word' id='word_1_82' title='bbox 1993 1222 2079 1279; x_wconf 93' lang='lat' dir='ltr'><strong>di-</strong></span> 
     </span>
    </p>
   </div>
   <div class='ocr_carea' id='block_1_11' title="bbox 487 1317 2083 1393">
    <p class='ocr_par' dir='ltr' id='par_1_11' title="bbox 487 1317 2083 1393">
     <span class='ocr_line' id='line_1_11' title="bbox 487 1317 2083 1393; baseline -0.01 -6"><span class='ocrx_word' id='word_1_83' title='bbox 487 1338 613 1387; x_wconf 90' lang='lat' dir='ltr'><strong>stat.</strong></span> <span class='ocrx_word' id='word_1_84' title='bbox 642 1328 779 1385; x_wconf 84' lang='lat' dir='ltr'><strong>Nam</strong></span> <span class='ocrx_word' id='word_1_85' title='bbox 817 1327 952 1385; x_wconf 90' lang='lat' dir='ltr'><strong>retia</strong></span> <span class='ocrx_word' id='word_1_86' title='bbox 980 1326 1088 1383; x_wconf 90' lang='lat' dir='ltr'><strong>illic</strong></span> <span class='ocrx_word' id='word_1_87' title='bbox 1116 1325 1169 1381; x_wconf 90' lang='lat' dir='ltr'><strong>in</strong></span> <span class='ocrx_word' id='word_1_88' title='bbox 1190 1325 1474 1381; x_wconf 82' lang='lat' dir='ltr'><strong>dexteram</strong></span> <span class='ocrx_word' id='word_1_89' title='bbox 1500 1328 1709 1393; x_wconf 88' lang='lat' dir='ltr'><strong>partem</strong></span> <span class='ocrx_word' id='word_1_90' title='bbox 1734 1317 1922 1381; x_wconf 91' lang='lat' dir='ltr'><strong>missa,</strong></span> <span class='ocrx_word' id='word_1_91' title='bbox 1952 1331 2083 1374; x_wconf 84' lang='lat' dir='ltr'><strong>cen-</strong></span> 
     </span>
    </p>
   </div>
   <div class='ocr_carea' id='block_1_12' title="bbox 488 1408 2081 1495">
    <p class='ocr_par' dir='ltr' id='par_1_12' title="bbox 488 1408 2081 1495">
     <span class='ocr_line' id='line_1_12' title="bbox 488 1408 2081 1495; baseline -0.011 -15"><span class='ocrx_word' id='word_1_92' title='bbox 488 1432 600 1480; x_wconf 89' lang='lat' dir='ltr'><strong>tum</strong></span> <span class='ocrx_word' id='word_1_93' title='bbox 633 1420 1013 1495; x_wconf 75' lang='lat' dir='ltr'><strong>quinquaginta</strong></span> <span class='ocrx_word' id='word_1_94' title='bbox 1042 1426 1151 1474; x_wconf 90' lang='lat' dir='ltr'><strong>tres</strong></span> <span class='ocrx_word' id='word_1_95' title='bbox 1176 1417 1356 1488; x_wconf 87' lang='lat' dir='ltr'><strong>pisces</strong></span> <span class='ocrx_word' id='word_1_96' title='bbox 1392 1420 1682 1485; x_wconf 87' lang='lat' dir='ltr'><strong>ceperunt;</strong></span> <span class='ocrx_word' id='word_1_97' title='bbox 1713 1416 1936 1482; x_wconf 83' lang='lat' dir='ltr'><strong>magnos</strong></span> <span class='ocrx_word' id='word_1_98' title='bbox 1960 1408 2081 1480; x_wconf 89' lang='lat' dir='ltr'><strong>qui-</strong></span> 
     </span>
    </p>
   </div>
   <div class='ocr_carea' id='block_1_13' title="bbox 488 1497 2081 1582">
    <p class='ocr_par' dir='ltr' id='par_1_13' title="bbox 488 1497 2081 1582">
     <span class='ocr_line' id='line_1_13' title="bbox 488 1497 2081 1582; baseline -0.012 -10"><span class='ocrx_word' id='word_1_99' title='bbox 488 1514 611 1572; x_wconf 86' lang='lat' dir='ltr'><strong>dem</strong></span> <span class='ocrx_word' id='word_1_100' title='bbox 640 1531 657 1569; x_wconf 93' lang='lat'><strong>:</strong></span> <span class='ocrx_word' id='word_1_101' title='bbox 686 1511 781 1569; x_wconf 90' lang='lat' dir='ltr'><strong>sed</strong></span> <span class='ocrx_word' id='word_1_102' title='bbox 818 1509 1075 1582; x_wconf 88' lang='lat' dir='ltr'><strong>pertinuit</strong></span> <span class='ocrx_word' id='word_1_103' title='bbox 1119 1507 1187 1563; x_wconf 92' lang='lat' dir='ltr'><strong>ad</strong></span> <span class='ocrx_word' id='word_1_104' title='bbox 1234 1504 1625 1577; x_wconf 88' lang='lat' dir='ltr'><strong>Evangelistam</strong></span> <span class='ocrx_word' id='word_1_105' title='bbox 1682 1501 1884 1568; x_wconf 89' lang='lat' dir='ltr'><strong>dicere,</strong></span> <span class='ocrx_word' id='word_1_106' title='bbox 1936 1497 2081 1571; x_wconf 89' lang='lat' dir='ltr'><strong>quod</strong></span> 
     </span>
    </p>
   </div>
   <div class='ocr_carea' id='block_1_14' title="bbox 491 1592 2082 1673">
    <p class='ocr_par' dir='ltr' id='par_1_14' title="bbox 491 1592 2082 1673">
     <span class='ocr_line' id='line_1_14' title="bbox 491 1592 2082 1673; baseline -0.011 -12"><span class='ocrx_word' id='word_1_107' title='bbox 491 1620 612 1662; x_wconf 92' lang='lat' dir='ltr'><strong>cum</strong></span> <span class='ocrx_word' id='word_1_108' title='bbox 644 1613 750 1659; x_wconf 84' lang='lat' dir='ltr'><strong>tam</strong></span> <span class='ocrx_word' id='word_1_109' title='bbox 776 1602 955 1673; x_wconf 84' lang='lat' dir='ltr'><strong>magni</strong></span> <span class='ocrx_word' id='word_1_110' title='bbox 994 1608 1195 1665; x_wconf 89' lang='lat' dir='ltr'><strong>essent,</strong></span> <span class='ocrx_word' id='word_1_111' title='bbox 1238 1597 1377 1655; x_wconf 89' lang='lat' dir='ltr'><strong>retia</strong></span> <span class='ocrx_word' id='word_1_112' title='bbox 1403 1609 1510 1651; x_wconf 91' lang='lat' dir='ltr'><strong>non</strong></span> <span class='ocrx_word' id='word_1_113' title='bbox 1541 1602 1667 1649; x_wconf 89' lang='lat' dir='ltr'><strong>sunt</strong></span> <span class='ocrx_word' id='word_1_114' title='bbox 1702 1592 1965 1663; x_wconf 86' lang='lat' dir='ltr'><strong>disrupta,</strong></span> <span class='ocrx_word' id='word_1_115' title='bbox 1996 1603 2082 1646; x_wconf 89' lang='lat' dir='ltr'><strong>re-</strong></span> 
     </span>
    </p>
   </div>
   <div class='ocr_carea' id='block_1_15' title="bbox 489 1681 2081 1768">
    <p class='ocr_par' dir='ltr' id='par_1_15' title="bbox 489 1681 2081 1768">
     <span class='ocr_line' id='line_1_15' title="bbox 489 1681 2081 1768; baseline -0.011 -17"><span class='ocrx_word' id='word_1_116' title='bbox 489 1694 804 1768; x_wconf 89' lang='lat' dir='ltr'><strong>spicientem</strong></span> <span class='ocrx_word' id='word_1_117' title='bbox 839 1691 1044 1749; x_wconf 87' lang='lat' dir='ltr'><strong>scilicet</strong></span> <span class='ocrx_word' id='word_1_118' title='bbox 1068 1689 1135 1745; x_wconf 90' lang='lat' dir='ltr'><strong>ad</strong></span> <span class='ocrx_word' id='word_1_119' title='bbox 1162 1689 1266 1744; x_wconf 94' lang='lat' dir='ltr'><strong>hoc</strong></span> <span class='ocrx_word' id='word_1_120' title='bbox 1305 1686 1524 1753; x_wconf 85' lang='lat' dir='ltr'><strong>factum,</strong></span> <span class='ocrx_word' id='word_1_121' title='bbox 1562 1681 1704 1755; x_wconf 88' lang='lat' dir='ltr'><strong>quod</strong></span> <span class='ocrx_word' id='word_1_122' title='bbox 1730 1681 1902 1738; x_wconf 90' lang='lat' dir='ltr'><strong>Lucas</strong></span> <span class='ocrx_word' id='word_1_123' title='bbox 1930 1694 2081 1736; x_wconf 86' lang='lat' dir='ltr'><strong>com-</strong></span> 
     </span>
    </p>
   </div>
   <div class='ocr_carea' id='block_1_16' title="bbox 485 1772 2079 1855">
    <p class='ocr_par' dir='ltr' id='par_1_16' title="bbox 485 1772 2079 1855">
     <span class='ocr_line' id='line_1_16' title="bbox 485 1772 2079 1855; baseline -0.012 -11"><span class='ocrx_word' id='word_1_124' title='bbox 485 1795 769 1851; x_wconf 85' lang='lat' dir='ltr'><strong>memorat,</strong></span> <span class='ocrx_word' id='word_1_125' title='bbox 800 1784 890 1840; x_wconf 89' lang='lat' dir='ltr'><strong>ubi</strong></span> <span class='ocrx_word' id='word_1_126' title='bbox 920 1798 1033 1855; x_wconf 92' lang='lat' dir='ltr'><strong>prae</strong></span> <span class='ocrx_word' id='word_1_127' title='bbox 1068 1778 1406 1838; x_wconf 89' lang='lat' dir='ltr'><strong>multitudine</strong></span> <span class='ocrx_word' id='word_1_128' title='bbox 1433 1776 1659 1847; x_wconf 88' lang='lat' dir='ltr'><strong>piscium</strong></span> <span class='ocrx_word' id='word_1_129' title='bbox 1697 1772 1832 1829; x_wconf 88' lang='lat' dir='ltr'><strong>retia</strong></span> <span class='ocrx_word' id='word_1_130' title='bbox 1862 1785 2079 1842; x_wconf 88' lang='lat' dir='ltr'><strong>rumpe-</strong></span> 
     </span>
    </p>
   </div>
   <div class='ocr_carea' id='block_1_17' title="bbox 486 1863 2078 1937">
    <p class='ocr_par' dir='ltr' id='par_1_17' title="bbox 486 1863 2078 1937">
     <span class='ocr_line' id='line_1_17' title="bbox 486 1863 2078 1937; baseline -0.012 0"><span class='ocrx_word' id='word_1_131' title='bbox 486 1879 699 1937; x_wconf 88' lang='lat' dir='ltr'><strong>bantur.</strong></span> <span class='ocrx_word' id='word_1_132' title='bbox 740 1877 858 1935; x_wconf 90' lang='lat' dir='ltr'><strong>Jam</strong></span> <span class='ocrx_word' id='word_1_133' title='bbox 897 1885 1092 1932; x_wconf 68' lang='lat' dir='ltr'><strong>caetera</strong></span> <span class='ocrx_word' id='word_1_134' title='bbox 1134 1873 1328 1930; x_wconf 88' lang='lat' dir='ltr'><strong>similia</strong></span> <span class='ocrx_word' id='word_1_135' title='bbox 1352 1868 1545 1927; x_wconf 91' lang='lat' dir='ltr'><strong>Joanni</strong></span> <span class='ocrx_word' id='word_1_136' title='bbox 1577 1866 1748 1924; x_wconf 90' lang='lat' dir='ltr'><strong>Lucas</strong></span> <span class='ocrx_word' id='word_1_137' title='bbox 1791 1880 1897 1921; x_wconf 88' lang='lat' dir='ltr'><strong>non</strong></span> <span class='ocrx_word' id='word_1_138' title='bbox 1925 1863 2078 1933; x_wconf 80' lang='lat' dir='ltr'><strong>dixit,</strong></span> 
     </span>
    </p>
   </div>
   <div class='ocr_carea' id='block_1_18' title="bbox 486 1949 2081 2037">
    <p class='ocr_par' dir='ltr' id='par_1_18' title="bbox 486 1949 2081 2037">
     <span class='ocr_line' id='line_1_18' title="bbox 486 1949 2081 2037; baseline -0.01 -11"><span class='ocrx_word' id='word_1_139' title='bbox 486 1970 588 2026; x_wconf 84' lang='lat' dir='ltr'><strong>nisi</strong></span> <span class='ocrx_word' id='word_1_140' title='bbox 618 1969 761 2025; x_wconf 87' lang='lat' dir='ltr'><strong>circa</strong></span> <span class='ocrx_word' id='word_1_141' title='bbox 791 1949 1001 2024; x_wconf 82' lang='lat' dir='ltr'><strong>Domini</strong></span> <span class='ocrx_word' id='word_1_142' title='bbox 1033 1964 1338 2037; x_wconf 83' lang='lat' dir='ltr'><strong>passionem</strong></span> <span class='ocrx_word' id='word_1_143' title='bbox 1372 1969 1428 2018; x_wconf 90' lang='lat' dir='ltr'><strong>ct</strong></span> <span class='ocrx_word' id='word_1_144' title='bbox 1467 1958 1918 2017; x_wconf 88' lang='lat' dir='ltr'><strong>resurrectionem</strong></span> <span class='ocrx_word' id='word_1_145' title='bbox 1947 1973 1961 2009; x_wconf 89' lang='lat'><strong>:</strong></span> <span class='ocrx_word' id='word_1_146' title='bbox 1988 1955 2081 2027; x_wconf 89' lang='lat' dir='ltr'><strong>qui</strong></span> 
     </span>
    </p>
   </div>
   <div class='ocr_carea' id='block_1_19' title="bbox 486 2048 2081 2130">
    <p class='ocr_par' dir='ltr' id='par_1_19' title="bbox 486 2048 2081 2130">
     <span class='ocr_line' id='line_1_19' title="bbox 486 2048 2081 2130; baseline -0.009 -10"><span class='ocrx_word' id='word_1_147' title='bbox 486 2071 631 2120; x_wconf 88' lang='lat' dir='ltr'><strong>totus</strong></span> <span class='ocrx_word' id='word_1_148' title='bbox 655 2062 803 2119; x_wconf 92' lang='lat' dir='ltr'><strong>locus</strong></span> <span class='ocrx_word' id='word_1_149' title='bbox 830 2076 861 2116; x_wconf 90' lang='lat' dir='ltr'><strong>a</strong></span> <span class='ocrx_word' id='word_1_150' title='bbox 882 2075 1035 2117; x_wconf 75' lang='lat' dir='ltr'><strong>creua</strong></span> <span class='ocrx_word' id='word_1_151' title='bbox 1063 2058 1229 2130; x_wconf 89' lang='lat' dir='ltr'><strong>ipsius</strong></span> <span class='ocrx_word' id='word_1_152' title='bbox 1251 2070 1421 2127; x_wconf 91' lang='lat' dir='ltr'><strong>usque</strong></span> <span class='ocrx_word' id='word_1_153' title='bbox 1476 2054 1543 2110; x_wconf 90' lang='lat' dir='ltr'><strong>ad</strong></span> <span class='ocrx_word' id='word_1_154' title='bbox 1575 2053 1735 2109; x_wconf 89' lang='lat' dir='ltr'><strong>tinem</strong></span> <span class='ocrx_word' id='word_1_155' title='bbox 1765 2051 1844 2107; x_wconf 91' lang='lat' dir='ltr'><strong>sic</strong></span> <span class='ocrx_word' id='word_1_156' title='bbox 1867 2064 1899 2105; x_wconf 93' lang='lat' dir='ltr'><strong>a</strong></span> <span class='ocrx_word' id='word_1_157' title='bbox 1926 2048 2081 2105; x_wconf 88' lang='lat' dir='ltr'><strong>nobis</strong></span> 
     </span>
    </p>
   </div>
   <div class='ocr_carea' id='block_1_20' title="bbox 484 2141 2081 2223">
    <p class='ocr_par' dir='ltr' id='par_1_20' title="bbox 484 2141 2081 2223">
     <span class='ocr_line' id='line_1_20' title="bbox 484 2141 2081 2223; baseline -0.01 -9"><span class='ocrx_word' id='word_1_158' title='bbox 484 2163 746 2214; x_wconf 88' lang='lat' dir='ltr'><strong>tractatus</strong></span> <span class='ocrx_word' id='word_1_159' title='bbox 769 2163 871 2223; x_wconf 90' lang='lat' dir='ltr'><strong>est,</strong></span> <span class='ocrx_word' id='word_1_160' title='bbox 892 2162 954 2209; x_wconf 91' lang='lat' dir='ltr'><strong>ut</strong></span> <span class='ocrx_word' id='word_1_161' title='bbox 970 2152 1209 2209; x_wconf 89' lang='lat' dir='ltr'><strong>omnium</strong></span> <span class='ocrx_word' id='word_1_162' title='bbox 1233 2148 1450 2207; x_wconf 87' lang='lat' dir='ltr'><strong>collatis</strong></span> <span class='ocrx_word' id='word_1_163' title='bbox 1474 2145 1799 2204; x_wconf 87' lang='lat' dir='ltr'><strong>testimoniis</strong></span> <span class='ocrx_word' id='word_1_164' title='bbox 1828 2141 1958 2199; x_wconf 86' lang='lat' dir='ltr'><strong>nihil</strong></span> <span class='ocrx_word' id='word_1_165' title='bbox 1984 2156 2081 2199; x_wconf 90' lang='lat' dir='ltr'><strong>eos</strong></span> 
     </span>
    </p>
   </div>
   <div class='ocr_carea' id='block_1_21' title="bbox 489 2246 1138 2307">
    <p class='ocr_par' dir='ltr' id='par_1_21' title="bbox 489 2246 1138 2307">
     <span class='ocr_line' id='line_1_21' title="bbox 489 2246 1138 2307; baseline -0.012 0"><span class='ocrx_word' id='word_1_166' title='bbox 489 2249 775 2307; x_wconf 86' lang='lat' dir='ltr'><strong>dissentire</strong></span> <span class='ocrx_word' id='word_1_167' title='bbox 798 2246 1138 2303; x_wconf 89' lang='lat' dir='ltr'><strong>doecremus.</strong></span> 
     </span>
    </p>
   </div>
   <div class='ocr_carea' id='block_1_22' title="bbox 487 2325 2081 2404">
    <p class='ocr_par' dir='ltr' id='par_1_22' title="bbox 487 2325 2081 2404">
     <span class='ocr_line' id='line_1_22' title="bbox 487 2325 2081 2404; baseline -0.013 -3"><span class='ocrx_word' id='word_1_168' title='bbox 487 2340 717 2400; x_wconf 82' lang='lat' dir='ltr'><strong>CAPUT</strong></span> <span class='ocrx_word' id='word_1_169' title='bbox 752 2340 824 2397; x_wconf 81' lang='grc' dir='ltr'><strong>Χ.</strong></span> <span class='ocrx_word' id='word_1_170' title='bbox 849 2338 1018 2394; x_wconf 90' lang='lat' dir='ltr'><strong>—De</strong></span> <span class='ocrx_word' id='word_1_171' title='bbox 1052 2335 1254 2391; x_wconf 82' lang='lat' dir='ltr'><strong>Joanne</strong></span> <span class='ocrx_word' id='word_1_172' title='bbox 1282 2330 1610 2404; x_wconf 81' lang='lat' dir='ltr'><strong>evangelista,</strong></span> <span class='ocrx_word' id='word_1_173' title='bbox 1649 2328 1771 2401; x_wconf 87' lang='lat' dir='ltr'><strong>quid</strong></span> <span class='ocrx_word' id='word_1_174' title='bbox 1811 2344 1845 2383; x_wconf 92' lang='lat' dir='ltr'><strong>a</strong></span> <span class='ocrx_word' id='word_1_175' title='bbox 1885 2325 2081 2383; x_wconf 68' lang='lat' dir='ltr'><strong>caeteris</strong></span> 
     </span>
    </p>
   </div>
   <div class='ocr_carea' id='block_1_23' title="bbox 1107 2428 1465 2484">
    <p class='ocr_par' dir='ltr' id='par_1_23' title="bbox 1107 2428 1465 2484">
     <span class='ocr_line' id='line_1_23' title="bbox 1107 2428 1465 2484; baseline -0.006 0"><span class='ocrx_word' id='word_1_176' title='bbox 1107 2428 1267 2484; x_wconf 87' lang='lat' dir='ltr'><strong>tribus</strong></span> <span class='ocrx_word' id='word_1_177' title='bbox 1295 2428 1465 2483; x_wconf 78' lang='lat' dir='ltr'><strong>distet.</strong></span> 
     </span>
    </p>
   </div>
   <div class='ocr_carea' id='block_1_24' title="bbox 557 2511 2080 2591">
    <p class='ocr_par' dir='ltr' id='par_1_24' title="bbox 557 2511 2080 2591">
     <span class='ocr_line' id='line_1_24' title="bbox 557 2511 2080 2591; baseline -0.011 -8"><span class='ocrx_word' id='word_1_178' title='bbox 557 2526 647 2583; x_wconf 80' lang='lat' dir='ltr'><strong>li.</strong></span> <span class='ocrx_word' id='word_1_179' title='bbox 686 2524 921 2582; x_wconf 80' lang='lat' dir='ltr'><strong>Joannes</strong></span> <span class='ocrx_word' id='word_1_180' title='bbox 966 2528 1052 2578; x_wconf 90' lang='lat' dir='ltr'><strong>est</strong></span> <span class='ocrx_word' id='word_1_181' title='bbox 1088 2520 1345 2591; x_wconf 90' lang='lat' dir='ltr'><strong>reliquus,</strong></span> <span class='ocrx_word' id='word_1_182' title='bbox 1376 2519 1467 2589; x_wconf 89' lang='lat' dir='ltr'><strong>qui</strong></span> <span class='ocrx_word' id='word_1_183' title='bbox 1488 2515 1599 2587; x_wconf 91' lang='lat' dir='ltr'><strong>jam</strong></span> <span class='ocrx_word' id='word_1_184' title='bbox 1647 2528 1754 2570; x_wconf 86' lang='lat' dir='ltr'><strong>non</strong></span> <span class='ocrx_word' id='word_1_185' title='bbox 1781 2519 1953 2570; x_wconf 87' lang='lat' dir='ltr'><strong>restat</strong></span> <span class='ocrx_word' id='word_1_186' title='bbox 1992 2511 2080 2567; x_wconf 93' lang='lat' dir='ltr'><strong>cui</strong></span> 
     </span>
    </p>
   </div>
   <div class='ocr_carea' id='block_1_25' title="bbox 484 2606 2078 2688">
    <p class='ocr_par' dir='ltr' id='par_1_25' title="bbox 484 2606 2078 2688">
     <span class='ocr_line' id='line_1_25' title="bbox 484 2606 2078 2688; baseline -0.011 -7"><span class='ocrx_word' id='word_1_187' title='bbox 484 2621 812 2681; x_wconf 81' lang='lat' dir='ltr'><strong>conferatur.</strong></span> <span class='ocrx_word' id='word_1_188' title='bbox 851 2615 1117 2688; x_wconf 87' lang='lat' dir='ltr'><strong>Quidquid</strong></span> <span class='ocrx_word' id='word_1_189' title='bbox 1143 2614 1286 2671; x_wconf 90' lang='lat' dir='ltr'><strong>enim</strong></span> <span class='ocrx_word' id='word_1_190' title='bbox 1325 2611 1521 2685; x_wconf 78' lang='lat' dir='ltr'><strong>singuli</strong></span> <span class='ocrx_word' id='word_1_191' title='bbox 1561 2610 1829 2676; x_wconf 79' lang='lat' dir='ltr'><strong>dixerunt,</strong></span> <span class='ocrx_word' id='word_1_192' title='bbox 1860 2623 1979 2679; x_wconf 66' lang='lat' dir='ltr'><strong>quae</strong></span> <span class='ocrx_word' id='word_1_193' title='bbox 2009 2606 2078 2663; x_wconf 89' lang='lat' dir='ltr'><strong>ab</strong></span> 
     </span>
    </p>
   </div>
   <div class='ocr_carea' id='block_1_26' title="bbox 480 2700 2076 2775">
    <p class='ocr_par' dir='ltr' id='par_1_26' title="bbox 480 2700 2076 2775">
     <span class='ocr_line' id='line_1_26' title="bbox 480 2700 2076 2775; baseline -0.011 -3"><span class='ocrx_word' id='word_1_194' title='bbox 480 2715 601 2772; x_wconf 82' lang='lat' dir='ltr'><strong>aliis</strong></span> <span class='ocrx_word' id='word_1_195' title='bbox 635 2729 743 2770; x_wconf 82' lang='lat' dir='ltr'><strong>non</strong></span> <span class='ocrx_word' id='word_1_196' title='bbox 778 2712 919 2769; x_wconf 84' lang='lat' dir='ltr'><strong>dicta</strong></span> <span class='ocrx_word' id='word_1_197' title='bbox 956 2716 1102 2775; x_wconf 90' lang='lat' dir='ltr'><strong>sunt,</strong></span> <span class='ocrx_word' id='word_1_198' title='bbox 1130 2706 1347 2764; x_wconf 83' lang='lat' dir='ltr'><strong>dillicile</strong></span> <span class='ocrx_word' id='word_1_199' title='bbox 1385 2715 1470 2762; x_wconf 93' lang='lat' dir='ltr'><strong>est</strong></span> <span class='ocrx_word' id='word_1_200' title='bbox 1500 2712 1561 2761; x_wconf 93' lang='lat' dir='ltr'><strong>ut</strong></span> <span class='ocrx_word' id='word_1_201' title='bbox 1586 2703 1818 2759; x_wconf 86' lang='lat' dir='ltr'><strong>habeant</strong></span> <span class='ocrx_word' id='word_1_202' title='bbox 1845 2700 2076 2772; x_wconf 89' lang='lat' dir='ltr'><strong>aliquam</strong></span> 
     </span>
    </p>
   </div>
   <div class='ocr_carea' id='block_1_27' title="bbox 479 2792 2079 2879">
    <p class='ocr_par' dir='ltr' id='par_1_27' title="bbox 479 2792 2079 2879">
     <span class='ocr_line' id='line_1_27' title="bbox 479 2792 2079 2879; baseline -0.013 -13"><span class='ocrx_word' id='word_1_203' title='bbox 479 2806 846 2879; x_wconf 86' lang='lat' dir='ltr'><strong>repugnantiae</strong></span> <span class='ocrx_word' id='word_1_204' title='bbox 874 2801 1246 2874; x_wconf 84' lang='lat' dir='ltr'><strong>quaestionem.</strong></span> <span class='ocrx_word' id='word_1_205' title='bbox 1278 2799 1354 2853; x_wconf 91' lang='lat' dir='ltr'><strong>Ac</strong></span> <span class='ocrx_word' id='word_1_206' title='bbox 1384 2811 1481 2867; x_wconf 89' lang='lat' dir='ltr'><strong>per</strong></span> <span class='ocrx_word' id='word_1_207' title='bbox 1510 2796 1610 2850; x_wconf 89' lang='lat' dir='ltr'><strong>hoc</strong></span> <span class='ocrx_word' id='word_1_208' title='bbox 1636 2792 1841 2865; x_wconf 87' lang='lat' dir='ltr'><strong>liquido</strong></span> <span class='ocrx_word' id='word_1_209' title='bbox 1866 2797 2079 2847; x_wconf 89' lang='lat' dir='ltr'><strong>constat</strong></span> 
     </span>
    </p>
   </div>
   <div class='ocr_carea' id='block_1_28' title="bbox 479 2882 2072 2964">
    <p class='ocr_par' dir='ltr' id='par_1_28' title="bbox 479 2882 2072 2964">
     <span class='ocr_line' id='line_1_28' title="bbox 479 2882 2072 2964; baseline -0.013 -9"><span class='ocrx_word' id='word_1_210' title='bbox 479 2907 591 2955; x_wconf 89' lang='lat' dir='ltr'><strong>tres</strong></span> <span class='ocrx_word' id='word_1_211' title='bbox 639 2897 805 2964; x_wconf 91' lang='lat' dir='ltr'><strong>istos,</strong></span> <span class='ocrx_word' id='word_1_212' title='bbox 847 2891 1155 2949; x_wconf 78' lang='lat' dir='ltr'><strong>Matthaeum</strong></span> <span class='ocrx_word' id='word_1_213' title='bbox 1189 2888 1428 2955; x_wconf 89' lang='lat' dir='ltr'><strong>scilicet,</strong></span> <span class='ocrx_word' id='word_1_214' title='bbox 1470 2886 1705 2942; x_wconf 87' lang='lat' dir='ltr'><strong>Marcum</strong></span> <span class='ocrx_word' id='word_1_215' title='bbox 1751 2893 1808 2940; x_wconf 90' lang='lat' dir='ltr'><strong>et</strong></span> <span class='ocrx_word' id='word_1_216' title='bbox 1845 2882 2072 2946; x_wconf 85' lang='lat' dir='ltr'><strong>Lucam,</strong></span> 
     </span>
    </p>
   </div>
   <div class='ocr_carea' id='block_1_29' title="bbox 477 2972 2075 3047">
    <p class='ocr_par' dir='ltr' id='par_1_29' title="bbox 477 2972 2075 3047">
     <span class='ocr_line' id='line_1_29' title="bbox 477 2972 2075 3047; baseline -0.013 0"><span class='ocrx_word' id='word_1_217' title='bbox 477 2989 711 3047; x_wconf 78' lang='lat' dir='ltr'><strong>maxime</strong></span> <span class='ocrx_word' id='word_1_218' title='bbox 728 2987 870 3042; x_wconf 90' lang='lat' dir='ltr'><strong>circa</strong></span> <span class='ocrx_word' id='word_1_219' title='bbox 900 2982 1288 3040; x_wconf 85' lang='lat' dir='ltr'><strong>humanitatem</strong></span> <span class='ocrx_word' id='word_1_220' title='bbox 1317 2978 1525 3034; x_wconf 89' lang='lat' dir='ltr'><strong>Domini</strong></span> <span class='ocrx_word' id='word_1_221' title='bbox 1557 2975 1736 3032; x_wconf 87' lang='lat' dir='ltr'><strong>nostri</strong></span> <span class='ocrx_word' id='word_1_222' title='bbox 1765 2974 1891 3031; x_wconf 90' lang='lat' dir='ltr'><strong>Jesu</strong></span> <span class='ocrx_word' id='word_1_223' title='bbox 1916 2972 2075 3029; x_wconf 89' lang='lat' dir='ltr'><strong>Chri-</strong></span> 
     </span>
    </p>
   </div>
   <div class='ocr_carea' id='block_1_30' title="bbox 479 3064 2075 3141">
    <p class='ocr_par' dir='ltr' id='par_1_30' title="bbox 479 3064 2075 3141">
     <span class='ocr_line' id='line_1_30' title="bbox 479 3064 2075 3141; baseline -0.013 -1"><span class='ocrx_word' id='word_1_224' title='bbox 479 3082 549 3140; x_wconf 84' lang='lat' dir='ltr'><strong>sti</strong></span> <span class='ocrx_word' id='word_1_225' title='bbox 574 3095 694 3139; x_wconf 87' lang='lat' dir='ltr'><strong>esse</strong></span> <span class='ocrx_word' id='word_1_226' title='bbox 718 3084 981 3141; x_wconf 86' lang='lat' dir='ltr'><strong>versatos,</strong></span> <span class='ocrx_word' id='word_1_227' title='bbox 1014 3073 1309 3131; x_wconf 89' lang='lat' dir='ltr'><strong>secundum</strong></span> <span class='ocrx_word' id='word_1_228' title='bbox 1335 3084 1496 3141; x_wconf 92' lang='lat' dir='ltr'><strong>quam</strong></span> <span class='ocrx_word' id='word_1_229' title='bbox 1540 3077 1595 3125; x_wconf 92' lang='lat' dir='ltr'><strong>et</strong></span> <span class='ocrx_word' id='word_1_230' title='bbox 1621 3083 1718 3123; x_wconf 84' lang='lat' dir='ltr'><strong>rex</strong></span> <span class='ocrx_word' id='word_1_231' title='bbox 1741 3075 1794 3123; x_wconf 90' lang='lat' dir='ltr'><strong>et</strong></span> <span class='ocrx_word' id='word_1_232' title='bbox 1822 3064 2075 3123; x_wconf 85' lang='lat' dir='ltr'><strong>sacerdos</strong></span> 
     </span>
    </p>
   </div>
   <div class='ocr_carea' id='block_1_31' title="bbox 476 3157 2079 3237">
    <p class='ocr_par' dir='ltr' id='par_1_31' title="bbox 476 3157 2079 3237">
     <span class='ocr_line' id='line_1_31' title="bbox 476 3157 2079 3237; baseline -0.011 -6"><span class='ocrx_word' id='word_1_233' title='bbox 476 3181 581 3231; x_wconf 87' lang='lat' dir='ltr'><strong>est.</strong></span> <span class='ocrx_word' id='word_1_234' title='bbox 601 3172 672 3229; x_wconf 88' lang='lat' dir='ltr'><strong>Et</strong></span> <span class='ocrx_word' id='word_1_235' title='bbox 691 3171 814 3227; x_wconf 89' lang='lat' dir='ltr'><strong>ideo</strong></span> <span class='ocrx_word' id='word_1_236' title='bbox 842 3170 1069 3236; x_wconf 84' lang='lat' dir='ltr'><strong>Marcus,</strong></span> <span class='ocrx_word' id='word_1_237' title='bbox 1090 3166 1179 3237; x_wconf 92' lang='lat' dir='ltr'><strong>qui</strong></span> <span class='ocrx_word' id='word_1_238' title='bbox 1210 3165 1262 3220; x_wconf 88' lang='lat' dir='ltr'><strong>in</strong></span> <span class='ocrx_word' id='word_1_239' title='bbox 1292 3164 1384 3219; x_wconf 90' lang='lat' dir='ltr'><strong>illo</strong></span> <span class='ocrx_word' id='word_1_240' title='bbox 1419 3162 1676 3234; x_wconf 87' lang='lat' dir='ltr'><strong>mysterio</strong></span> <span class='ocrx_word' id='word_1_241' title='bbox 1700 3166 1932 3233; x_wconf 89' lang='lat' dir='ltr'><strong>quatuor</strong></span> <span class='ocrx_word' id='word_1_242' title='bbox 1960 3157 2079 3214; x_wconf 84' lang='lat' dir='ltr'><strong>ani-</strong></span> 
     </span>
    </p>
   </div>
   <div class='ocr_carea' id='block_1_32' title="bbox 477 3252 2076 3337">
    <p class='ocr_par' dir='ltr' id='par_1_32' title="bbox 477 3252 2076 3337">
     <span class='ocr_line' id='line_1_32' title="bbox 477 3252 2076 3337; baseline -0.01 -14"><span class='ocrx_word' id='word_1_243' title='bbox 477 3264 698 3324; x_wconf 88' lang='lat' dir='ltr'><strong>malium</strong></span> <span class='ocrx_word' id='word_1_244' title='bbox 726 3261 911 3337; x_wconf 74' lang='lat' dir='ltr'><strong>(Apoc.</strong></span> <span class='ocrx_word' id='word_1_245' title='bbox 937 3275 1010 3327; x_wconf 85' lang='lat' dir='ltr'><strong>IV,</strong></span> <span class='ocrx_word' id='word_1_246' title='bbox 1033 3258 1088 3325; x_wconf 90' lang='lat'><strong>6,</strong></span> <span class='ocrx_word' id='word_1_247' title='bbox 1111 3256 1190 3329; x_wconf 90' lang='lat'><strong>7),</strong></span> <span class='ocrx_word' id='word_1_248' title='bbox 1221 3255 1456 3312; x_wconf 88' lang='lat' dir='ltr'><strong>hominis</strong></span> <span class='ocrx_word' id='word_1_249' title='bbox 1475 3253 1682 3311; x_wconf 88' lang='lat' dir='ltr'><strong>videtur</strong></span> <span class='ocrx_word' id='word_1_250' title='bbox 1699 3252 2076 3310; x_wconf 89' lang='lat' dir='ltr'><strong>demonstrare</strong></span> 
     </span>
    </p>
   </div>
   <div class='ocr_carea' id='block_1_33' title="bbox 477 3345 2075 3432">
    <p class='ocr_par' dir='ltr' id='par_1_33' title="bbox 477 3345 2075 3432">
     <span class='ocr_line' id='line_1_33' title="bbox 477 3345 2075 3432; baseline -0.009 -18"><span class='ocrx_word' id='word_1_251' title='bbox 477 3370 783 3432; x_wconf 87' lang='lat' dir='ltr'><strong>personam,</strong></span> <span class='ocrx_word' id='word_1_252' title='bbox 827 3352 914 3409; x_wconf 88' lang='lat' dir='ltr'><strong>vel</strong></span> <span class='ocrx_word' id='word_1_253' title='bbox 956 3349 1189 3407; x_wconf 52' lang='lat' dir='ltr'><strong>Matthxi</strong></span> <span class='ocrx_word' id='word_1_254' title='bbox 1239 3347 1407 3421; x_wconf 83' lang='lat' dir='ltr'><strong>magis</strong></span> <span class='ocrx_word' id='word_1_255' title='bbox 1451 3361 1635 3403; x_wconf 92' lang='lat' dir='ltr'><strong>comes</strong></span> <span class='ocrx_word' id='word_1_256' title='bbox 1677 3345 1905 3415; x_wconf 91' lang='lat' dir='ltr'><strong>videtur,</strong></span> <span class='ocrx_word' id='word_1_257' title='bbox 1950 3345 2075 3417; x_wconf 87' lang='lat' dir='ltr'><strong>quia</strong></span> 
     </span>
    </p>
   </div>
   <div class='ocr_carea' id='block_1_34' title="bbox 476 3439 2075 3520">
    <p class='ocr_par' dir='ltr' id='par_1_34' title="bbox 476 3439 2075 3520">
     <span class='ocr_line' id='line_1_34' title="bbox 476 3439 2075 3520; baseline -0.009 -12"><span class='ocrx_word' id='word_1_258' title='bbox 476 3467 599 3509; x_wconf 92' lang='lat' dir='ltr'><strong>cum</strong></span> <span class='ocrx_word' id='word_1_259' title='bbox 624 3449 716 3505; x_wconf 92' lang='lat' dir='ltr'><strong>illo</strong></span> <span class='ocrx_word' id='word_1_260' title='bbox 741 3448 893 3520; x_wconf 91' lang='lat' dir='ltr'><strong>plura</strong></span> <span class='ocrx_word' id='word_1_261' title='bbox 921 3445 1049 3502; x_wconf 89' lang='lat' dir='ltr'><strong>dicit</strong></span> <span class='ocrx_word' id='word_1_262' title='bbox 1079 3451 1294 3515; x_wconf 89' lang='lat' dir='ltr'><strong>propter</strong></span> <span class='ocrx_word' id='word_1_263' title='bbox 1314 3442 1515 3513; x_wconf 78' lang='lat' dir='ltr'><strong>regiam</strong></span> <span class='ocrx_word' id='word_1_264' title='bbox 1543 3454 1826 3513; x_wconf 87' lang='lat' dir='ltr'><strong>personam</strong></span> <span class='ocrx_word' id='word_1_265' title='bbox 1855 3455 1974 3511; x_wconf 80' lang='lat' dir='ltr'><strong>qua:</strong></span> <span class='ocrx_word' id='word_1_266' title='bbox 1994 3439 2075 3494; x_wconf 89' lang='lat' dir='ltr'><strong>iu-</strong></span> 
     </span>
    </p>
   </div>
   <div class='ocr_carea' id='block_1_35' title="bbox 476 3532 2073 3607">
    <p class='ocr_par' dir='ltr' id='par_1_35' title="bbox 476 3532 2073 3607">
     <span class='ocr_line' id='line_1_35' title="bbox 476 3532 2073 3607; baseline -0.006 -8"><span class='ocrx_word' id='word_1_267' title='bbox 476 3541 728 3600; x_wconf 85' lang='lat' dir='ltr'><strong>comitata</strong></span> <span class='ocrx_word' id='word_1_268' title='bbox 755 3554 878 3596; x_wconf 85' lang='lat' dir='ltr'><strong>esse</strong></span> <span class='ocrx_word' id='word_1_269' title='bbox 903 3552 1012 3593; x_wconf 90' lang='lat' dir='ltr'><strong>non</strong></span> <span class='ocrx_word' id='word_1_270' title='bbox 1038 3536 1196 3603; x_wconf 83' lang='lat' dir='ltr'><strong>solet,</strong></span> <span class='ocrx_word' id='word_1_271' title='bbox 1222 3534 1365 3607; x_wconf 90' lang='lat' dir='ltr'><strong>quod</strong></span> <span class='ocrx_word' id='word_1_272' title='bbox 1396 3534 1449 3589; x_wconf 92' lang='lat' dir='ltr'><strong>in</strong></span> <span class='ocrx_word' id='word_1_273' title='bbox 1474 3534 1649 3605; x_wconf 90' lang='lat' dir='ltr'><strong>primo</strong></span> <span class='ocrx_word' id='word_1_274' title='bbox 1674 3532 1811 3589; x_wconf 91' lang='lat' dir='ltr'><strong>libro</strong></span> <span class='ocrx_word' id='word_1_275' title='bbox 1835 3547 2073 3589; x_wconf 86' lang='lat' dir='ltr'><strong>comme-</strong></span> 
     </span>
    </p>
   </div>
   <div class='ocr_carea' id='block_1_36' title="bbox 475 3624 2075 3706">
    <p class='ocr_par' dir='ltr' id='par_1_36' title="bbox 475 3624 2075 3706">
     <span class='ocr_line' id='line_1_36' title="bbox 475 3624 2075 3706; baseline -0.008 -14"><span class='ocrx_word' id='word_1_276' title='bbox 475 3632 683 3692; x_wconf 86' lang='lat' dir='ltr'><strong>moravi</strong></span> <span class='ocrx_word' id='word_1_277' title='bbox 708 3628 846 3706; x_wconf 89' lang='lat' dir='ltr'><strong>(Lib.</strong></span> <span class='ocrx_word' id='word_1_278' title='bbox 875 3630 928 3695; x_wconf 80' lang='grc'><strong>1,</strong></span> <span class='ocrx_word' id='word_1_279' title='bbox 960 3645 1075 3703; x_wconf 85' lang='lat' dir='ltr'><strong>cap.</strong></span> <span class='ocrx_word' id='word_1_280' title='bbox 1104 3629 1200 3699; x_wconf 71' lang='lat'><strong>5);</strong></span> <span class='ocrx_word' id='word_1_281' title='bbox 1241 3628 1326 3683; x_wconf 85' lang='lat' dir='ltr'><strong>vel</strong></span> <span class='ocrx_word' id='word_1_282' title='bbox 1351 3625 1492 3698; x_wconf 89' lang='lat' dir='ltr'><strong>quod</strong></span> <span class='ocrx_word' id='word_1_283' title='bbox 1522 3625 1851 3697; x_wconf 88' lang='lat' dir='ltr'><strong>probabilius</strong></span> <span class='ocrx_word' id='word_1_284' title='bbox 1882 3624 2075 3682; x_wconf 84' lang='lat' dir='ltr'><strong>intelli-</strong></span> 
     </span>
    </p>
   </div>
   <div class='ocr_carea' id='block_1_37' title="bbox 477 3716 2073 3797">
    <p class='ocr_par' dir='ltr' id='par_1_37' title="bbox 477 3716 2073 3797">
     <span class='ocr_line' id='line_1_37' title="bbox 477 3716 2073 3797; baseline -0.006 -16"><span class='ocrx_word' id='word_1_285' title='bbox 477 3726 641 3797; x_wconf 90' lang='lat' dir='ltr'><strong>gitur,</strong></span> <span class='ocrx_word' id='word_1_286' title='bbox 666 3738 785 3779; x_wconf 92' lang='lat' dir='ltr'><strong>cum</strong></span> <span class='ocrx_word' id='word_1_287' title='bbox 813 3720 1072 3777; x_wconf 80' lang='lat' dir='ltr'><strong>ambobus</strong></span> <span class='ocrx_word' id='word_1_288' title='bbox 1091 3718 1310 3775; x_wconf 91' lang='lat' dir='ltr'><strong>incedit.</strong></span> <span class='ocrx_word' id='word_1_289' title='bbox 1333 3716 1465 3773; x_wconf 90' lang='lat' dir='ltr'><strong>Nam</strong></span> <span class='ocrx_word' id='word_1_290' title='bbox 1489 3717 1730 3788; x_wconf 87' lang='lat' dir='ltr'><strong>quamvis</strong></span> <span class='ocrx_word' id='word_1_291' title='bbox 1751 3716 1998 3773; x_wconf 62' lang='lat' dir='ltr'><strong>Matthaeo</strong></span> <span class='ocrx_word' id='word_1_292' title='bbox 2019 3717 2073 3772; x_wconf 93' lang='lat' dir='ltr'><strong>in</strong></span> 
     </span>
    </p>
   </div>
   <div class='ocr_carea' id='block_1_38' title="bbox 480 3808 2071 3891">
    <p class='ocr_par' dir='ltr' id='par_1_38' title="bbox 480 3808 2071 3891">
     <span class='ocr_line' id='line_1_38' title="bbox 480 3808 2071 3891; baseline -0.009 -15"><span class='ocrx_word' id='word_1_293' title='bbox 480 3817 745 3891; x_wconf 85' lang='lat' dir='ltr'><strong>pluribus,</strong></span> <span class='ocrx_word' id='word_1_294' title='bbox 778 3824 955 3870; x_wconf 90' lang='lat' dir='ltr'><strong>tamen</strong></span> <span class='ocrx_word' id='word_1_295' title='bbox 1002 3813 1057 3868; x_wconf 92' lang='lat' dir='ltr'><strong>in</strong></span> <span class='ocrx_word' id='word_1_296' title='bbox 1105 3811 1223 3866; x_wconf 89' lang='lat' dir='ltr'><strong>aliis</strong></span> <span class='ocrx_word' id='word_1_297' title='bbox 1253 3808 1520 3866; x_wconf 89' lang='lat' dir='ltr'><strong>nonnullis</strong></span> <span class='ocrx_word' id='word_1_298' title='bbox 1544 3808 1702 3865; x_wconf 81' lang='lat' dir='ltr'><strong>Luca:</strong></span> <span class='ocrx_word' id='word_1_299' title='bbox 1732 3808 1899 3879; x_wconf 87' lang='lat' dir='ltr'><strong>magis</strong></span> <span class='ocrx_word' id='word_1_300' title='bbox 1938 3822 2071 3864; x_wconf 87' lang='lat' dir='ltr'><strong>con-</strong></span> 
     </span>
    </p>
   </div>
   <div class='ocr_carea' id='block_1_39' title="bbox 477 3900 2074 3985">
    <p class='ocr_par' dir='ltr' id='par_1_39' title="bbox 477 3900 2074 3985">
     <span class='ocr_line' id='line_1_39' title="bbox 477 3900 2074 3985; baseline -0.006 -18"><span class='ocrx_word' id='word_1_301' title='bbox 477 3911 657 3985; x_wconf 86' lang='lat' dir='ltr'><strong>gruit:</strong></span> <span class='ocrx_word' id='word_1_302' title='bbox 690 3917 747 3965; x_wconf 92' lang='lat' dir='ltr'><strong>ut</strong></span> <span class='ocrx_word' id='word_1_303' title='bbox 776 3909 876 3964; x_wconf 86' lang='lat' dir='ltr'><strong>hoc</strong></span> <span class='ocrx_word' id='word_1_304' title='bbox 905 3906 1022 3977; x_wconf 88' lang='lat' dir='ltr'><strong>ipso</strong></span> <span class='ocrx_word' id='word_1_305' title='bbox 1058 3903 1457 3961; x_wconf 89' lang='lat' dir='ltr'><strong>demonstretur</strong></span> <span class='ocrx_word' id='word_1_306' title='bbox 1480 3902 1547 3957; x_wconf 91' lang='lat' dir='ltr'><strong>ad</strong></span> <span class='ocrx_word' id='word_1_307' title='bbox 1574 3902 1784 3957; x_wconf 90' lang='lat' dir='ltr'><strong>leonem</strong></span> <span class='ocrx_word' id='word_1_308' title='bbox 1824 3909 1881 3957; x_wconf 91' lang='lat' dir='ltr'><strong>et</strong></span> <span class='ocrx_word' id='word_1_309' title='bbox 1901 3900 1970 3956; x_wconf 89' lang='lat' dir='ltr'><strong>ad</strong></span> <span class='ocrx_word' id='word_1_310' title='bbox 1997 3901 2074 3957; x_wconf 84' lang='lat' dir='ltr'><strong>vi-</strong></span> 
     </span>
    </p>
   </div>
   <div class='ocr_carea' id='block_1_40' title="bbox 478 3993 2073 4069">
    <p class='ocr_par' dir='ltr' id='par_1_40' title="bbox 478 3993 2073 4069">
     <span class='ocr_line' id='line_1_40' title="bbox 478 3993 2073 4069; baseline -0.006 -10"><span class='ocrx_word' id='word_1_311' title='bbox 478 4003 668 4069; x_wconf 91' lang='lat' dir='ltr'><strong>tulum,</strong></span> <span class='ocrx_word' id='word_1_312' title='bbox 698 4000 804 4056; x_wconf 91' lang='lat' dir='ltr'><strong>hoc</strong></span> <span class='ocrx_word' id='word_1_313' title='bbox 834 4006 937 4065; x_wconf 81' lang='lat' dir='ltr'><strong>est,</strong></span> <span class='ocrx_word' id='word_1_314' title='bbox 967 4005 1023 4054; x_wconf 90' lang='lat' dir='ltr'><strong>et</strong></span> <span class='ocrx_word' id='word_1_315' title='bbox 1049 3996 1116 4052; x_wconf 90' lang='lat' dir='ltr'><strong>ad</strong></span> <span class='ocrx_word' id='word_1_316' title='bbox 1141 3995 1371 4067; x_wconf 88' lang='lat' dir='ltr'><strong>regalem</strong></span> <span class='ocrx_word' id='word_1_317' title='bbox 1404 4010 1563 4066; x_wconf 90' lang='lat' dir='ltr'><strong>quam</strong></span> <span class='ocrx_word' id='word_1_318' title='bbox 1596 3993 1898 4060; x_wconf 83' lang='lat' dir='ltr'><strong>Matthams,</strong></span> <span class='ocrx_word' id='word_1_319' title='bbox 1924 4003 1978 4050; x_wconf 90' lang='lat' dir='ltr'><strong>et</strong></span> <span class='ocrx_word' id='word_1_320' title='bbox 2003 3994 2073 4050; x_wconf 85' lang='lat' dir='ltr'><strong>ad</strong></span> 
     </span>
    </p>
   </div>
   <div class='ocr_carea' id='block_1_41' title="bbox 476 4083 2073 4160">
    <p class='ocr_par' dir='ltr' id='par_1_41' title="bbox 476 4083 2073 4160">
     <span class='ocr_line' id='line_1_41' title="bbox 476 4083 2073 4160; baseline -0.006 -10"><span class='ocrx_word' id='word_1_321' title='bbox 476 4090 865 4150; x_wconf 87' lang='lat' dir='ltr'><strong>sacerdotalem</strong></span> <span class='ocrx_word' id='word_1_322' title='bbox 891 4102 1048 4160; x_wconf 92' lang='lat' dir='ltr'><strong>quam</strong></span> <span class='ocrx_word' id='word_1_323' title='bbox 1077 4085 1251 4143; x_wconf 88' lang='lat' dir='ltr'><strong>Lucas</strong></span> <span class='ocrx_word' id='word_1_324' title='bbox 1270 4086 1502 4141; x_wconf 88' lang='lat' dir='ltr'><strong>insinuat</strong></span> <span class='ocrx_word' id='word_1_325' title='bbox 1520 4099 1828 4156; x_wconf 89' lang='lat' dir='ltr'><strong>personam,</strong></span> <span class='ocrx_word' id='word_1_326' title='bbox 1856 4083 1909 4140; x_wconf 92' lang='lat' dir='ltr'><strong>id</strong></span> <span class='ocrx_word' id='word_1_327' title='bbox 1929 4084 2073 4157; x_wconf 89' lang='lat' dir='ltr'><strong>quod</strong></span> 
     </span>
    </p>
   </div>
   <div class='ocr_carea' id='block_1_42' title="bbox 477 4175 2073 4250">
    <p class='ocr_par' dir='ltr' id='par_1_42' title="bbox 477 4175 2073 4250">
     <span class='ocr_line' id='line_1_42' title="bbox 477 4175 2073 4250; baseline -0.005 -10"><span class='ocrx_word' id='word_1_328' title='bbox 477 4184 724 4241; x_wconf 90' lang='lat' dir='ltr'><strong>Christus</strong></span> <span class='ocrx_word' id='word_1_329' title='bbox 749 4181 913 4238; x_wconf 85' lang='lat' dir='ltr'><strong>homo</strong></span> <span class='ocrx_word' id='word_1_330' title='bbox 938 4188 1051 4247; x_wconf 88' lang='lat' dir='ltr'><strong>est,</strong></span> <span class='ocrx_word' id='word_1_331' title='bbox 1095 4178 1390 4250; x_wconf 88' lang='lat' dir='ltr'><strong>pertinere,</strong></span> <span class='ocrx_word' id='word_1_332' title='bbox 1422 4191 1580 4247; x_wconf 91' lang='lat' dir='ltr'><strong>quam</strong></span> <span class='ocrx_word' id='word_1_333' title='bbox 1616 4176 1836 4248; x_wconf 86' lang='lat' dir='ltr'><strong>figuram</strong></span> <span class='ocrx_word' id='word_1_334' title='bbox 1865 4175 2073 4232; x_wconf 84' lang='lat' dir='ltr'><strong>Marcus</strong></span> 
     </span>
    </p>
   </div>
   <div class='ocr_carea' id='block_1_43' title="bbox 479 4265 2071 4349">
    <p class='ocr_par' dir='ltr' id='par_1_43' title="bbox 479 4265 2071 4349">
     <span class='ocr_line' id='line_1_43' title="bbox 479 4265 2071 4349; baseline -0.007 -15"><span class='ocrx_word' id='word_1_335' title='bbox 479 4276 619 4349; x_wconf 89' lang='lat' dir='ltr'><strong>gerit</strong></span> <span class='ocrx_word' id='word_1_336' title='bbox 656 4273 926 4347; x_wconf 89' lang='lat' dir='ltr'><strong>pertinens</strong></span> <span class='ocrx_word' id='word_1_337' title='bbox 971 4271 1038 4327; x_wconf 89' lang='lat' dir='ltr'><strong>ad</strong></span> <span class='ocrx_word' id='word_1_338' title='bbox 1089 4279 1394 4341; x_wconf 89' lang='lat' dir='ltr'><strong>utrumque.</strong></span> <span class='ocrx_word' id='word_1_339' title='bbox 1432 4267 1691 4324; x_wconf 90' lang='lat' dir='ltr'><strong>Divinitas</strong></span> <span class='ocrx_word' id='word_1_340' title='bbox 1719 4282 1849 4323; x_wconf 90' lang='lat' dir='ltr'><strong>vero</strong></span> <span class='ocrx_word' id='word_1_341' title='bbox 1874 4265 2071 4325; x_wconf 88' lang='lat' dir='ltr'><strong>Christi</strong></span> 
     </span>
    </p>
   </div>
   <div class='ocr_carea' id='block_1_44' title="bbox 478 4357 2075 4440">
    <p class='ocr_par' dir='ltr' id='par_1_44' title="bbox 478 4357 2075 4440">
     <span class='ocr_line' id='line_1_44' title="bbox 478 4357 2075 4440; baseline -0.004 -17"><span class='ocrx_word' id='word_1_342' title='bbox 478 4382 580 4440; x_wconf 76' lang='lat' dir='ltr'><strong>qua</strong></span> <span class='ocrx_word' id='word_1_343' title='bbox 610 4364 828 4436; x_wconf 68' lang='lat' dir='ltr'><strong>arqualis</strong></span> <span class='ocrx_word' id='word_1_344' title='bbox 855 4370 939 4420; x_wconf 90' lang='lat' dir='ltr'><strong>est</strong></span> <span class='ocrx_word' id='word_1_345' title='bbox 962 4362 1129 4429; x_wconf 88' lang='lat' dir='ltr'><strong>Patri,</strong></span> <span class='ocrx_word' id='word_1_346' title='bbox 1158 4360 1452 4417; x_wconf 89' lang='lat' dir='ltr'><strong>secundum</strong></span> <span class='ocrx_word' id='word_1_347' title='bbox 1477 4358 1620 4430; x_wconf 91' lang='lat' dir='ltr'><strong>quod</strong></span> <span class='ocrx_word' id='word_1_348' title='bbox 1647 4357 1885 4415; x_wconf 85' lang='lat' dir='ltr'><strong>Verbum</strong></span> <span class='ocrx_word' id='word_1_349' title='bbox 1912 4367 1995 4416; x_wconf 91' lang='lat' dir='ltr'><strong>est</strong></span> <span class='ocrx_word' id='word_1_350' title='bbox 2019 4367 2075 4416; x_wconf 92' lang='lat' dir='ltr'><strong>et</strong></span> 
     </span>
    </p>
   </div>
   <div class='ocr_carea' id='block_1_45' title="bbox 484 4450 2074 4529">
    <p class='ocr_par' dir='ltr' id='par_1_45' title="bbox 484 4450 2074 4529">
     <span class='ocr_line' id='line_1_45' title="bbox 484 4450 2074 4529; baseline -0.005 -13"><span class='ocrx_word' id='word_1_351' title='bbox 484 4459 620 4516; x_wconf 84' lang='lat' dir='ltr'><strong>Deus</strong></span> <span class='ocrx_word' id='word_1_352' title='bbox 638 4456 780 4529; x_wconf 90' lang='lat' dir='ltr'><strong>apud</strong></span> <span class='ocrx_word' id='word_1_353' title='bbox 806 4456 994 4520; x_wconf 90' lang='lat' dir='ltr'><strong>Deum,</strong></span> <span class='ocrx_word' id='word_1_354' title='bbox 1026 4461 1081 4510; x_wconf 90' lang='lat' dir='ltr'><strong>et</strong></span> <span class='ocrx_word' id='word_1_355' title='bbox 1105 4453 1336 4509; x_wconf 88' lang='lat' dir='ltr'><strong>Verbum</strong></span> <span class='ocrx_word' id='word_1_356' title='bbox 1357 4466 1485 4507; x_wconf 88' lang='lat' dir='ltr'><strong>caro</strong></span> <span class='ocrx_word' id='word_1_357' title='bbox 1505 4450 1701 4507; x_wconf 84' lang='lat' dir='ltr'><strong>factum</strong></span> <span class='ocrx_word' id='word_1_358' title='bbox 1723 4460 1780 4507; x_wconf 92' lang='lat' dir='ltr'><strong>ut</strong></span> <span class='ocrx_word' id='word_1_359' title='bbox 1805 4450 2074 4508; x_wconf 83' lang='lat' dir='ltr'><strong>habitaret</strong></span> 
     </span>
    </p>
   </div>
   <div class='ocr_carea' id='block_1_46' title="bbox 485 4543 2074 4621">
    <p class='ocr_par' dir='ltr' id='par_1_46' title="bbox 485 4543 2074 4621">
     <span class='ocr_line' id='line_1_46' title="bbox 485 4543 2074 4621; baseline -0.002 -15"><span class='ocrx_word' id='word_1_360' title='bbox 485 4549 535 4612; x_wconf 68' lang='lat' dir='ltr'><strong>in</strong></span> <span class='ocrx_word' id='word_1_361' title='bbox 560 4549 718 4606; x_wconf 89' lang='lat' dir='ltr'><strong>nobis</strong></span> <span class='ocrx_word' id='word_1_362' title='bbox 746 4546 985 4621; x_wconf 81' lang='lat' dir='ltr'><strong>(Joan.1,</strong></span> <span class='ocrx_word' id='word_1_363' title='bbox 1016 4544 1500 4614; x_wconf 72' lang='grc' dir='ltr'><strong>11-4),ερευη(1ιιηι</strong></span> <span class='ocrx_word' id='word_1_364' title='bbox 1527 4544 1672 4617; x_wconf 90' lang='lat' dir='ltr'><strong>quod</strong></span> <span class='ocrx_word' id='word_1_365' title='bbox 1701 4543 1815 4615; x_wconf 87' lang='lat' dir='ltr'><strong>ipse</strong></span> <span class='ocrx_word' id='word_1_366' title='bbox 1837 4554 1892 4603; x_wconf 91' lang='lat' dir='ltr'><strong>et</strong></span> <span class='ocrx_word' id='word_1_367' title='bbox 1915 4545 2074 4603; x_wconf 89' lang='lat' dir='ltr'><strong>Pater</strong></span> 
     </span>
    </p>
   </div>
   <div class='ocr_carea' id='block_1_47' title="bbox 482 4634 2075 4709">
    <p class='ocr_par' dir='ltr' id='par_1_47' title="bbox 482 4634 2075 4709">
     <span class='ocr_line' id='line_1_47' title="bbox 482 4634 2075 4709; baseline -0.004 -10"><span class='ocrx_word' id='word_1_368' title='bbox 482 4654 646 4700; x_wconf 72' lang='lat' dir='ltr'><strong>suum</strong></span> <span class='ocrx_word' id='word_1_369' title='bbox 690 4645 817 4694; x_wconf 84' lang='lat' dir='ltr'><strong>sunt</strong></span> <span class='ocrx_word' id='word_1_370' title='bbox 858 4636 966 4709; x_wconf 85' lang='lat' dir='ltr'><strong>(Id.</strong></span> <span class='ocrx_word' id='word_1_371' title='bbox 1000 4652 1058 4704; x_wconf 86' lang='lat' dir='ltr'><strong>x,</strong></span> <span class='ocrx_word' id='word_1_372' title='bbox 1091 4635 1204 4708; x_wconf 78' lang='grc'>50),</span> <span class='ocrx_word' id='word_1_373' title='bbox 1234 4651 1265 4691; x_wconf 90' lang='lat' dir='ltr'><strong>a</strong></span> <span class='ocrx_word' id='word_1_374' title='bbox 1304 4634 1510 4691; x_wconf 84' lang='lat' dir='ltr'><strong>Joanne</strong></span> <span class='ocrx_word' id='word_1_375' title='bbox 1535 4635 1767 4692; x_wconf 82' lang='lat' dir='ltr'><strong>maxime</strong></span> <span class='ocrx_word' id='word_1_376' title='bbox 1799 4650 2075 4693; x_wconf 88' lang='lat' dir='ltr'><strong>commen-</strong></span> 
     </span>
    </p>
   </div>
   <div class='ocr_carea' id='block_1_48' title="bbox 478 4726 2070 4802">
    <p class='ocr_par' dir='ltr' id='par_1_48' title="bbox 478 4726 2070 4802">
     <span class='ocr_line' id='line_1_48' title="bbox 478 4726 2070 4802; baseline -0.003 -13"><span class='ocrx_word' id='word_1_377' title='bbox 478 4730 653 4790; x_wconf 89' lang='lat' dir='ltr'><strong>danda</strong></span> <span class='ocrx_word' id='word_1_378' title='bbox 681 4736 1062 4802; x_wconf 78' lang='lat' dir='ltr'><strong>susceptaest;</strong></span> <span class='ocrx_word' id='word_1_379' title='bbox 1093 4728 1183 4800; x_wconf 89' lang='lat' dir='ltr'><strong>qui</strong></span> <span class='ocrx_word' id='word_1_380' title='bbox 1208 4728 1349 4784; x_wconf 91' lang='lat' dir='ltr'><strong>sicut</strong></span> <span class='ocrx_word' id='word_1_381' title='bbox 1376 4727 1551 4799; x_wconf 89' lang='lat' dir='ltr'><strong>aquila</strong></span> <span class='ocrx_word' id='word_1_382' title='bbox 1571 4728 1627 4783; x_wconf 92' lang='lat' dir='ltr'><strong>in</strong></span> <span class='ocrx_word' id='word_1_383' title='bbox 1653 4727 1736 4782; x_wconf 91' lang='lat' dir='ltr'><strong>his</strong></span> <span class='ocrx_word' id='word_1_384' title='bbox 1765 4743 1885 4799; x_wconf 79' lang='lat' dir='ltr'><strong>quae</strong></span> <span class='ocrx_word' id='word_1_385' title='bbox 1912 4726 2070 4785; x_wconf 87' lang='lat' dir='ltr'><strong>Chri-</strong></span> 
     </span>
    </p>
   </div>
   <div class='ocr_carea' id='block_1_49' title="bbox 476 4821 2071 4890">
    <p class='ocr_par' dir='ltr' id='par_1_49' title="bbox 476 4821 2071 4890">
     <span class='ocr_line' id='line_1_49' title="bbox 476 4821 2071 4890; baseline -0.003 -6"><span class='ocrx_word' id='word_1_386' title='bbox 476 4834 593 4885; x_wconf 89' lang='lat' dir='ltr'><strong>stus</strong></span> <span class='ocrx_word' id='word_1_387' title='bbox 614 4824 893 4882; x_wconf 87' lang='lat' dir='ltr'><strong>sublimius</strong></span> <span class='ocrx_word' id='word_1_388' title='bbox 921 4823 1131 4880; x_wconf 89' lang='lat' dir='ltr'><strong>locutus</strong></span> <span class='ocrx_word' id='word_1_389' title='bbox 1170 4830 1273 4888; x_wconf 87' lang='lat' dir='ltr'><strong>est,</strong></span> <span class='ocrx_word' id='word_1_390' title='bbox 1305 4821 1640 4890; x_wconf 87' lang='lat' dir='ltr'><strong>immoratur,</strong></span> <span class='ocrx_word' id='word_1_391' title='bbox 1668 4836 1769 4879; x_wconf 89' lang='lat' dir='ltr'><strong>nec</strong></span> <span class='ocrx_word' id='word_1_392' title='bbox 1793 4822 1849 4880; x_wconf 89' lang='lat' dir='ltr'><strong>in</strong></span> <span class='ocrx_word' id='word_1_393' title='bbox 1875 4830 2071 4879; x_wconf 90' lang='lat' dir='ltr'><strong>terram</strong></span> 
     </span>
    </p>
   </div>
   <div class='ocr_carea' id='block_1_50' title="bbox 476 4913 2072 4993">
    <p class='ocr_par' dir='ltr' id='par_1_50' title="bbox 476 4913 2072 4993">
     <span class='ocr_line' id='line_1_50' title="bbox 476 4913 2072 4993; baseline -0.003 -17"><span class='ocrx_word' id='word_1_394' title='bbox 476 4916 873 4993; x_wconf 85' lang='lat' dir='ltr'><strong>quodammodo</strong></span> <span class='ocrx_word' id='word_1_395' title='bbox 915 4915 1016 4972; x_wconf 89' lang='lat' dir='ltr'><strong>nisi</strong></span> <span class='ocrx_word' id='word_1_396' title='bbox 1062 4928 1186 4971; x_wconf 63' lang='lat' dir='ltr'><strong>raro</strong></span> <span class='ocrx_word' id='word_1_397' title='bbox 1223 4913 1519 4971; x_wconf 87' lang='lat' dir='ltr'><strong>descendit.</strong></span> <span class='ocrx_word' id='word_1_398' title='bbox 1552 4914 1793 4987; x_wconf 90' lang='lat' dir='ltr'><strong>Denique</strong></span> <span class='ocrx_word' id='word_1_399' title='bbox 1828 4916 2072 4986; x_wconf 85' lang='lat' dir='ltr'><strong>quamvis</strong></span> 
     </span>
    </p>
   </div>
   <div class='ocr_carea' id='block_1_51' title="bbox 475 5007 2072 5079">
    <p class='ocr_par' dir='ltr' id='par_1_51' title="bbox 475 5007 2072 5079">
     <span class='ocr_line' id='line_1_51' title="bbox 475 5007 2072 5079; baseline -0.004 -8"><span class='ocrx_word' id='word_1_400' title='bbox 475 5021 705 5071; x_wconf 78' lang='lat' dir='ltr'><strong>matrem</strong></span> <span class='ocrx_word' id='word_1_401' title='bbox 746 5009 944 5069; x_wconf 85' lang='lat' dir='ltr'><strong>Christi</strong></span> <span class='ocrx_word' id='word_1_402' title='bbox 985 5023 1046 5065; x_wconf 92' lang='lat' dir='ltr'><strong>se</strong></span> <span class='ocrx_word' id='word_1_403' title='bbox 1086 5021 1249 5064; x_wconf 90' lang='lat' dir='ltr'><strong>nosse</strong></span> <span class='ocrx_word' id='word_1_404' title='bbox 1285 5007 1442 5079; x_wconf 87' lang='lat' dir='ltr'><strong>plane</strong></span> <span class='ocrx_word' id='word_1_405' title='bbox 1478 5013 1723 5075; x_wconf 90' lang='lat' dir='ltr'><strong>testetur,</strong></span> <span class='ocrx_word' id='word_1_406' title='bbox 1764 5015 1943 5063; x_wconf 90' lang='lat' dir='ltr'><strong>tamen</strong></span> <span class='ocrx_word' id='word_1_407' title='bbox 1972 5022 2072 5064; x_wconf 92' lang='lat' dir='ltr'><strong>nec</strong></span> 
     </span>
    </p>
   </div>
   <div class='ocr_carea' id='block_1_52' title="bbox 475 5098 2068 5179">
    <p class='ocr_par' dir='ltr' id='par_1_52' title="bbox 475 5098 2068 5179">
     <span class='ocr_line' id='line_1_52' title="bbox 475 5098 2068 5179; baseline -0.006 -15"><span class='ocrx_word' id='word_1_408' title='bbox 475 5108 531 5164; x_wconf 92' lang='lat' dir='ltr'><strong>in</strong></span> <span class='ocrx_word' id='word_1_409' title='bbox 551 5107 668 5179; x_wconf 81' lang='lat' dir='ltr'><strong>ejus</strong></span> <span class='ocrx_word' id='word_1_410' title='bbox 692 5104 970 5161; x_wconf 88' lang='lat' dir='ltr'><strong>uativitate</strong></span> <span class='ocrx_word' id='word_1_411' title='bbox 1000 5116 1124 5158; x_wconf 90' lang='lat' dir='ltr'><strong>eum</strong></span> <span class='ocrx_word' id='word_1_412' title='bbox 1151 5100 1400 5157; x_wconf 64' lang='lat' dir='ltr'><strong>Matthaeo</strong></span> <span class='ocrx_word' id='word_1_413' title='bbox 1431 5108 1488 5156; x_wconf 89' lang='lat' dir='ltr'><strong>et</strong></span> <span class='ocrx_word' id='word_1_414' title='bbox 1513 5098 1658 5156; x_wconf 90' lang='lat' dir='ltr'><strong>Luca</strong></span> <span class='ocrx_word' id='word_1_415' title='bbox 1694 5098 1893 5171; x_wconf 91' lang='lat' dir='ltr'><strong>aliquid</strong></span> <span class='ocrx_word' id='word_1_416' title='bbox 1919 5098 2068 5168; x_wconf 90' lang='lat' dir='ltr'><strong>dicit,</strong></span> 
     </span>
    </p>
   </div>
   <div class='ocr_carea' id='block_1_53' title="bbox 475 5190 2072 5272">
    <p class='ocr_par' dir='ltr' id='par_1_53' title="bbox 475 5190 2072 5272">
     <span class='ocr_line' id='line_1_53' title="bbox 475 5190 2072 5272; baseline -0.006 -14"><span class='ocrx_word' id='word_1_417' title='bbox 475 5215 576 5259; x_wconf 89' lang='lat' dir='ltr'><strong>nec</strong></span> <span class='ocrx_word' id='word_1_418' title='bbox 592 5200 710 5272; x_wconf 90' lang='lat' dir='ltr'><strong>ejus</strong></span> <span class='ocrx_word' id='word_1_419' title='bbox 729 5198 1049 5270; x_wconf 89' lang='lat' dir='ltr'><strong>baptismum</strong></span> <span class='ocrx_word' id='word_1_420' title='bbox 1073 5211 1197 5253; x_wconf 92' lang='lat' dir='ltr'><strong>cum</strong></span> <span class='ocrx_word' id='word_1_421' title='bbox 1219 5194 1391 5251; x_wconf 90' lang='lat' dir='ltr'><strong>tribus</strong></span> <span class='ocrx_word' id='word_1_422' title='bbox 1410 5201 1813 5259; x_wconf 88' lang='lat' dir='ltr'><strong>commemorat,</strong></span> <span class='ocrx_word' id='word_1_423' title='bbox 1844 5190 1943 5250; x_wconf 89' lang='lat' dir='ltr'><strong>sed</strong></span> <span class='ocrx_word' id='word_1_424' title='bbox 1963 5201 2072 5249; x_wconf 84' lang='lat' dir='ltr'><strong>tan-</strong></span> 
     </span>
    </p>
   </div>
   <div class='ocr_carea' id='block_1_54' title="bbox 476 5287 2071 5360">
    <p class='ocr_par' dir='ltr' id='par_1_54' title="bbox 476 5287 2071 5360">
     <span class='ocr_line' id='line_1_54' title="bbox 476 5287 2071 5360; baseline -0.004 -7"><span class='ocrx_word' id='word_1_425' title='bbox 476 5292 754 5353; x_wconf 88' lang='lat' dir='ltr'><strong>tummodo</strong></span> <span class='ocrx_word' id='word_1_426' title='bbox 784 5293 856 5349; x_wconf 89' lang='lat' dir='ltr'><strong>ibi</strong></span> <span class='ocrx_word' id='word_1_427' title='bbox 878 5290 1247 5349; x_wconf 88' lang='lat' dir='ltr'><strong>testimonium</strong></span> <span class='ocrx_word' id='word_1_428' title='bbox 1274 5288 1494 5346; x_wconf 84' lang='lat' dir='ltr'><strong>Joannis</strong></span> <span class='ocrx_word' id='word_1_429' title='bbox 1532 5288 1640 5345; x_wconf 88' lang='lat' dir='ltr'><strong>alte</strong></span> <span class='ocrx_word' id='word_1_430' title='bbox 1661 5287 2071 5360; x_wconf 88' lang='lat' dir='ltr'><strong>sublimiterque</strong></span> 
     </span>
    </p>
   </div>
   <div class='ocr_carea' id='block_1_55' title="bbox 475 5381 2068 5458">
    <p class='ocr_par' dir='ltr' id='par_1_55' title="bbox 475 5381 2068 5458">
     <span class='ocr_line' id='line_1_55' title="bbox 475 5381 2068 5458; baseline -0.006 -10"><span class='ocrx_word' id='word_1_431' title='bbox 475 5387 883 5458; x_wconf 78' lang='lat' dir='ltr'><strong>commendans,</strong></span> <span class='ocrx_word' id='word_1_432' title='bbox 906 5386 1107 5443; x_wconf 90' lang='lat' dir='ltr'><strong>relictis</strong></span> <span class='ocrx_word' id='word_1_433' title='bbox 1131 5385 1210 5442; x_wconf 86' lang='lat' dir='ltr'><strong>eis</strong></span> <span class='ocrx_word' id='word_1_434' title='bbox 1232 5383 1405 5456; x_wconf 88' lang='lat' dir='ltr'><strong>pergit</strong></span> <span class='ocrx_word' id='word_1_435' title='bbox 1424 5396 1545 5448; x_wconf 87' lang='lat' dir='ltr'><strong>cum</strong></span> <span class='ocrx_word' id='word_1_436' title='bbox 1573 5381 1665 5438; x_wconf 91' lang='lat' dir='ltr'><strong>illo</strong></span> <span class='ocrx_word' id='word_1_437' title='bbox 1689 5381 1756 5438; x_wconf 90' lang='lat' dir='ltr'><strong>ad</strong></span> <span class='ocrx_word' id='word_1_438' title='bbox 1777 5382 1989 5454; x_wconf 90' lang='lat' dir='ltr'><strong>nuptias</strong></span> <span class='ocrx_word' id='word_1_439' title='bbox 2014 5382 2068 5438; x_wconf 91' lang='lat' dir='ltr'><strong>in</strong></span> 
     </span>
    </p>
   </div>
   <div class='ocr_carea' id='block_1_56' title="bbox 477 5472 2067 5549">
    <p class='ocr_par' dir='ltr' id='par_1_56' title="bbox 477 5472 2067 5549">
     <span class='ocr_line' id='line_1_56' title="bbox 477 5472 2067 5549; baseline -0.007 -10"><span class='ocrx_word' id='word_1_440' title='bbox 477 5479 619 5539; x_wconf 85' lang='lat' dir='ltr'><strong>Cana</strong></span> <span class='ocrx_word' id='word_1_441' title='bbox 646 5479 886 5539; x_wconf 66' lang='lat' dir='ltr'><strong>Galilaxe</strong></span> <span class='ocrx_word' id='word_1_442' title='bbox 918 5496 933 5534; x_wconf 92' lang='lat'>:</span> <span class='ocrx_word' id='word_1_443' title='bbox 960 5478 1049 5534; x_wconf 89' lang='lat' dir='ltr'><strong>ubi</strong></span> <span class='ocrx_word' id='word_1_444' title='bbox 1068 5475 1313 5549; x_wconf 81' lang='lat' dir='ltr'><strong>quamvis</strong></span> <span class='ocrx_word' id='word_1_445' title='bbox 1338 5476 1450 5546; x_wconf 90' lang='lat' dir='ltr'><strong>ipse</strong></span> <span class='ocrx_word' id='word_1_446' title='bbox 1471 5472 1810 5547; x_wconf 87' lang='lat' dir='ltr'><strong>Evangelista</strong></span> <span class='ocrx_word' id='word_1_447' title='bbox 1839 5481 2067 5530; x_wconf 85' lang='lat' dir='ltr'><strong>matrem</strong></span> 
     </span>
    </p>
   </div>
   <div class='ocr_carea' id='block_1_57' title="bbox 474 5556 2068 5647">
    <p class='ocr_par' dir='ltr' id='par_1_57' title="bbox 474 5556 2068 5647">
     <span class='ocr_line' id='line_1_57' title="bbox 474 5556 2068 5647; baseline -0.006 -15"><span class='ocrx_word' id='word_1_448' title='bbox 474 5574 595 5647; x_wconf 85' lang='lat' dir='ltr'><strong>ejus</strong></span> <span class='ocrx_word' id='word_1_449' title='bbox 620 5573 789 5631; x_wconf 82' lang='lat' dir='ltr'><strong>fuisse</strong></span> <span class='ocrx_word' id='word_1_450' title='bbox 825 5578 1229 5639; x_wconf 89' lang='lat' dir='ltr'><strong>commemoret,</strong></span> <span class='ocrx_word' id='word_1_451' title='bbox 1264 5556 1354 5625; x_wconf 82' lang='lat' dir='ltr'><strong>ille</strong></span> <span class='ocrx_word' id='word_1_452' title='bbox 1380 5576 1557 5625; x_wconf 79' lang='lat' dir='ltr'><strong>tamen</strong></span> <span class='ocrx_word' id='word_1_453' title='bbox 1588 5568 1736 5638; x_wconf 90' lang='lat' dir='ltr'><strong>dicit,</strong></span> <span class='ocrx_word' id='word_1_454' title='bbox 1780 5567 1918 5635; x_wconf 78' lang='lat' dir='ltr'><strong>Quid</strong></span> <span class='ocrx_word' id='word_1_455' title='bbox 1943 5567 2068 5623; x_wconf 79' lang='lat' dir='ltr'><strong>mihi</strong></span> 
     </span>
    </p>
   </div>
   <div class='ocr_carea' id='block_1_58' title="bbox 475 5663 2066 5740">
    <p class='ocr_par' dir='ltr' id='par_1_58' title="bbox 475 5663 2066 5740">
     <span class='ocr_line' id='line_1_58' title="bbox 475 5663 2066 5740; baseline -0.004 -15"><span class='ocrx_word' id='word_1_456' title='bbox 475 5676 526 5725; x_wconf 91' lang='lat' dir='ltr'><strong>et</strong></span> <span class='ocrx_word' id='word_1_457' title='bbox 546 5668 634 5726; x_wconf 84' lang='lat' dir='ltr'><strong>tibi</strong></span> <span class='ocrx_word' id='word_1_458' title='bbox 664 5675 760 5735; x_wconf 89' lang='lat' dir='ltr'><strong>est,</strong></span> <span class='ocrx_word' id='word_1_459' title='bbox 785 5667 967 5723; x_wconf 79' lang='lat' dir='ltr'><strong>mulier</strong></span> <span class='ocrx_word' id='word_1_460' title='bbox 997 5664 1108 5740; x_wconf 89' lang='lat' dir='ltr'><strong>(ld.</strong></span> <span class='ocrx_word' id='word_1_461' title='bbox 1138 5680 1197 5734; x_wconf 88' lang='grc' dir='ltr'><strong>ιι,</strong></span> <span class='ocrx_word' id='word_1_462' title='bbox 1227 5663 1419 5738; x_wconf 78' lang='lat' dir='ltr'><strong>i-H)?</strong></span> <span class='ocrx_word' id='word_1_463' title='bbox 1442 5678 1549 5720; x_wconf 89' lang='lat' dir='ltr'><strong>non</strong></span> <span class='ocrx_word' id='word_1_464' title='bbox 1578 5664 1847 5736; x_wconf 88' lang='lat' dir='ltr'><strong>repellens</strong></span> <span class='ocrx_word' id='word_1_465' title='bbox 1867 5663 1935 5720; x_wconf 91' lang='lat' dir='ltr'><strong>de</strong></span> <span class='ocrx_word' id='word_1_466' title='bbox 1962 5677 2066 5735; x_wconf 90' lang='lat' dir='ltr'><strong>qua</strong></span> 
     </span>
    </p>
   </div>
   <div class='ocr_carea' id='block_1_59' title="bbox 474 5754 2067 5832">
    <p class='ocr_par' dir='ltr' id='par_1_59' title="bbox 474 5754 2067 5832">
     <span class='ocr_line' id='line_1_59' title="bbox 474 5754 2067 5832; baseline -0.006 -12"><span class='ocrx_word' id='word_1_467' title='bbox 474 5760 714 5832; x_wconf 65' lang='lat' dir='ltr'><strong>Suscepit</strong></span> <span class='ocrx_word' id='word_1_468' title='bbox 755 5773 996 5827; x_wconf 91' lang='lat' dir='ltr'><strong>carnem,</strong></span> <span class='ocrx_word' id='word_1_469' title='bbox 1038 5756 1131 5814; x_wconf 90' lang='lat' dir='ltr'><strong>sed</strong></span> <span class='ocrx_word' id='word_1_470' title='bbox 1176 5771 1327 5813; x_wconf 90' lang='lat' dir='ltr'><strong>suam</strong></span> <span class='ocrx_word' id='word_1_471' title='bbox 1356 5764 1481 5811; x_wconf 89' lang='lat' dir='ltr'><strong>tunc</strong></span> <span class='ocrx_word' id='word_1_472' title='bbox 1526 5756 1758 5812; x_wconf 80' lang='lat' dir='ltr'><strong>maxime</strong></span> <span class='ocrx_word' id='word_1_473' title='bbox 1790 5754 2067 5811; x_wconf 87' lang='lat' dir='ltr'><strong>insinuans</strong></span> 
     </span>
    </p>
   </div>
   <div class='ocr_carea' id='block_1_60' title="bbox 473 5846 2067 5924">
    <p class='ocr_par' dir='ltr' id='par_1_60' title="bbox 473 5846 2067 5924">
     <span class='ocr_line' id='line_1_60' title="bbox 473 5846 2067 5924; baseline -0.004 -12"><span class='ocrx_word' id='word_1_474' title='bbox 473 5852 832 5924; x_wconf 77' lang='lat' dir='ltr'><strong>divinitatem,</strong></span> <span class='ocrx_word' id='word_1_475' title='bbox 859 5866 1051 5924; x_wconf 85' lang='lat' dir='ltr'><strong>aquam</strong></span> <span class='ocrx_word' id='word_1_476' title='bbox 1070 5862 1427 5909; x_wconf 83' lang='lat' dir='ltr'><strong>conversurus</strong></span> <span class='ocrx_word' id='word_1_477' title='bbox 1450 5847 1507 5907; x_wconf 88' lang='lat' dir='ltr'><strong>in</strong></span> <span class='ocrx_word' id='word_1_478' title='bbox 1528 5850 1711 5907; x_wconf 86' lang='lat' dir='ltr'><strong>vinum</strong></span> <span class='ocrx_word' id='word_1_479' title='bbox 1738 5864 1754 5906; x_wconf 89' lang='lat'><strong>:</strong></span> <span class='ocrx_word' id='word_1_480' title='bbox 1781 5861 1904 5920; x_wconf 75' lang='lat' dir='ltr'><strong>qua:</strong></span> <span class='ocrx_word' id='word_1_481' title='bbox 1929 5846 2067 5906; x_wconf 80' lang='lat' dir='ltr'><strong>divi-</strong></span> 
     </span>
    </p>
   </div>
   <div class='ocr_carea' id='block_1_61' title="bbox 1281 368 2953 441">
    <p class='ocr_par' dir='ltr' id='par_1_61' title="bbox 1281 368 2953 441">
     <span class='ocr_line' id='line_1_61' title="bbox 1281 368 2953 441; baseline -0.004 -4"><span class='ocrx_word' id='word_1_482' title='bbox 1281 380 1371 437; x_wconf 84' lang='lat' dir='ltr'><strong>DE</strong></span> <span class='ocrx_word' id='word_1_483' title='bbox 1409 373 1759 438; x_wconf 80' lang='lat' dir='ltr'><strong>CONSENSU</strong></span> <span class='ocrx_word' id='word_1_484' title='bbox 1797 368 2446 441; x_wconf 72' lang='lat' dir='ltr'><strong>EVANGELISTARUM,</strong></span> <span class='ocrx_word' id='word_1_485' title='bbox 2487 371 2546 429; x_wconf 72' lang='grc' dir='ltr'><strong>Β.</strong></span> <span class='ocrx_word' id='word_1_486' title='bbox 2583 369 2953 433; x_wconf 77' lang='lat' dir='ltr'><strong>AUGUS’l&#39;iNl</strong></span> 
     </span>
    </p>
   </div>
   <div class='ocr_carea' id='block_1_62' title="bbox 3633 378 3797 438">
    <p class='ocr_par' dir='ltr' id='par_1_62' title="bbox 3633 378 3797 438">
     <span class='ocr_line' id='line_1_62' title="bbox 3633 378 3797 438; baseline -0.012 0"><span class='ocrx_word' id='word_1_487' title='bbox 3633 378 3797 438; x_wconf 61' lang='grc' dir='ltr'><strong>ηαδ</strong></span> 
     </span>
    </p>
   </div>
   <div class='ocr_carea' id='block_1_63' title="bbox 2179 482 3796 556">
    <p class='ocr_par' dir='ltr' id='par_1_63' title="bbox 2179 482 3796 556">
     <span class='ocr_line' id='line_1_63' title="bbox 2179 482 3796 556; baseline 0.006 -13"><span class='ocrx_word' id='word_1_488' title='bbox 2179 490 2321 543; x_wconf 85' lang='lat' dir='ltr'><strong>nitas</strong></span> <span class='ocrx_word' id='word_1_489' title='bbox 2346 484 2494 542; x_wconf 90' lang='lat' dir='ltr'><strong>illam</strong></span> <span class='ocrx_word' id='word_1_490' title='bbox 2531 484 2693 543; x_wconf 87' lang='lat' dir='ltr'><strong>etiam</strong></span> <span class='ocrx_word' id='word_1_491' title='bbox 2730 484 2985 543; x_wconf 81' lang='lat' dir='ltr'><strong>feminam</strong></span> <span class='ocrx_word' id='word_1_492' title='bbox 3009 482 3233 556; x_wconf 80' lang='lat' dir='ltr'><strong>fecerat,</strong></span> <span class='ocrx_word' id='word_1_493' title='bbox 3272 498 3379 544; x_wconf 90' lang='lat' dir='ltr'><strong>non</strong></span> <span class='ocrx_word' id='word_1_494' title='bbox 3419 487 3476 545; x_wconf 87' lang='lat' dir='ltr'><strong>in</strong></span> <span class='ocrx_word' id='word_1_495' title='bbox 3518 488 3608 549; x_wconf 88' lang='lat' dir='ltr'><strong>illa</strong></span> <span class='ocrx_word' id='word_1_496' title='bbox 3636 498 3796 553; x_wconf 71' lang='lat' dir='ltr'><strong>tacut</strong></span> 
     </span>
    </p>
   </div>
   <div class='ocr_carea' id='block_1_64' title="bbox 2180 585 2315 636">
    <p class='ocr_par' dir='ltr' id='par_1_64' title="bbox 2180 585 2315 636">
     <span class='ocr_line' id='line_1_64' title="bbox 2180 585 2315 636; baseline -0.022 0"><span class='ocrx_word' id='word_1_497' title='bbox 2180 585 2315 636; x_wconf 87' lang='lat' dir='ltr'><strong>erat.</strong></span> 
     </span>
    </p>
   </div>
   <div class='ocr_carea' id='block_1_65' title="bbox 2254 668 3785 749">
    <p class='ocr_par' dir='ltr' id='par_1_65' title="bbox 2254 668 3785 749">
     <span class='ocr_line' id='line_1_65' title="bbox 2254 668 3785 749; baseline 0.003 -21"><span class='ocrx_word' id='word_1_498' title='bbox 2254 669 2343 728; x_wconf 75' lang='grc'><strong>12.</strong></span> <span class='ocrx_word' id='word_1_499' title='bbox 2381 668 2511 728; x_wconf 87' lang='lat' dir='ltr'><strong>Inde</strong></span> <span class='ocrx_word' id='word_1_500' title='bbox 2535 679 2656 742; x_wconf 87' lang='lat' dir='ltr'><strong>post</strong></span> <span class='ocrx_word' id='word_1_501' title='bbox 2693 685 2893 743; x_wconf 89' lang='lat' dir='ltr'><strong>paucos</strong></span> <span class='ocrx_word' id='word_1_502' title='bbox 2920 672 3038 729; x_wconf 88' lang='lat' dir='ltr'><strong>dies</strong></span> <span class='ocrx_word' id='word_1_503' title='bbox 3079 671 3247 733; x_wconf 82' lang='lat' dir='ltr'><strong>factos</strong></span> <span class='ocrx_word' id='word_1_504' title='bbox 3284 675 3339 731; x_wconf 88' lang='lat' dir='ltr'><strong>in</strong></span> <span class='ocrx_word' id='word_1_505' title='bbox 3366 674 3785 749; x_wconf 84' lang='lat' dir='ltr'><strong>Capharnaum,</strong></span> 
     </span>
    </p>
   </div>
   <div class='ocr_carea' id='block_1_66' title="bbox 2182 762 3792 834">
    <p class='ocr_par' dir='ltr' id='par_1_66' title="bbox 2182 762 3792 834">
     <span class='ocr_line' id='line_1_66' title="bbox 2182 762 3792 834; baseline 0.006 -15"><span class='ocrx_word' id='word_1_506' title='bbox 2182 763 2323 819; x_wconf 90' lang='lat' dir='ltr'><strong>redit</strong></span> <span class='ocrx_word' id='word_1_507' title='bbox 2355 762 2422 819; x_wconf 91' lang='lat' dir='ltr'><strong>ad</strong></span> <span class='ocrx_word' id='word_1_508' title='bbox 2452 763 2732 834; x_wconf 89' lang='lat' dir='ltr'><strong>templum,</strong></span> <span class='ocrx_word' id='word_1_509' title='bbox 2770 763 2861 820; x_wconf 90' lang='lat' dir='ltr'><strong>ubi</strong></span> <span class='ocrx_word' id='word_1_510' title='bbox 2902 779 3025 822; x_wconf 89' lang='lat' dir='ltr'><strong>eum</strong></span> <span class='ocrx_word' id='word_1_511' title='bbox 3055 777 3444 825; x_wconf 84' lang='lat' dir='ltr'><strong>commemorat</strong></span> <span class='ocrx_word' id='word_1_512' title='bbox 3478 766 3684 828; x_wconf 82' lang='lat' dir='ltr'><strong>dixisse</strong></span> <span class='ocrx_word' id='word_1_513' title='bbox 3716 772 3792 828; x_wconf 86' lang='lat' dir='ltr'><strong>de</strong></span> 
     </span>
    </p>
   </div>
   <div class='ocr_carea' id='block_1_67' title="bbox 2183 855 3791 931">
    <p class='ocr_par' dir='ltr' id='par_1_67' title="bbox 2183 855 3791 931">
     <span class='ocr_line' id='line_1_67' title="bbox 2183 855 3791 931; baseline 0.004 -19"><span class='ocrx_word' id='word_1_514' title='bbox 2183 855 2385 927; x_wconf 89' lang='lat' dir='ltr'><strong>templo</strong></span> <span class='ocrx_word' id='word_1_515' title='bbox 2413 855 2655 928; x_wconf 88' lang='lat' dir='ltr'><strong>corporis</strong></span> <span class='ocrx_word' id='word_1_516' title='bbox 2679 856 2783 921; x_wconf 89' lang='lat' dir='ltr'><strong>sui,</strong></span> <span class='ocrx_word' id='word_1_517' title='bbox 2813 857 3008 913; x_wconf 81' lang='lat' dir='ltr'><strong>Solvite</strong></span> <span class='ocrx_word' id='word_1_518' title='bbox 3027 860 3269 931; x_wconf 77' lang='lat' dir='ltr'><strong>templum</strong></span> <span class='ocrx_word' id='word_1_519' title='bbox 3306 862 3423 930; x_wconf 78' lang='lat' dir='ltr'><strong>hoc,</strong></span> <span class='ocrx_word' id='word_1_520' title='bbox 3459 873 3509 918; x_wconf 84' lang='lat' dir='ltr'><strong>et</strong></span> <span class='ocrx_word' id='word_1_521' title='bbox 3541 863 3597 917; x_wconf 87' lang='lat' dir='ltr'><strong>in</strong></span> <span class='ocrx_word' id='word_1_522' title='bbox 3623 862 3791 920; x_wconf 83' lang='lat' dir='ltr'><strong>tn’bus</strong></span> 
     </span>
    </p>
   </div>
   <div class='ocr_carea' id='block_1_68' title="bbox 2185 949 3790 1026">
    <p class='ocr_par' dir='ltr' id='par_1_68' title="bbox 2185 949 3790 1026">
     <span class='ocr_line' id='line_1_68' title="bbox 2185 949 3790 1026; baseline 0.005 -22"><span class='ocrx_word' id='word_1_523' title='bbox 2185 949 2355 1006; x_wconf 81' lang='lat' dir='ltr'><strong>diebus</strong></span> <span class='ocrx_word' id='word_1_524' title='bbox 2376 949 2603 1005; x_wconf 72' lang='lat' dir='ltr'><strong>excitabo</strong></span> <span class='ocrx_word' id='word_1_525' title='bbox 2634 950 2768 1005; x_wconf 84' lang='lat' dir='ltr'><strong>illud</strong></span> <span class='ocrx_word' id='word_1_526' title='bbox 2792 950 3184 1026; x_wconf 68' lang='lat' dir='ltr'><strong>(Ibid.,12-22)</strong></span> <span class='ocrx_word' id='word_1_527' title='bbox 3212 972 3227 1009; x_wconf 92' lang='lat'><strong>:</strong></span> <span class='ocrx_word' id='word_1_528' title='bbox 3257 955 3346 1011; x_wconf 87' lang='lat' dir='ltr'><strong>ubi</strong></span> <span class='ocrx_word' id='word_1_529' title='bbox 3371 957 3608 1013; x_wconf 80' lang='lat' dir='ltr'><strong>maxime</strong></span> <span class='ocrx_word' id='word_1_530' title='bbox 3651 957 3790 1012; x_wconf 79' lang='lat' dir='ltr'><strong>insi-</strong></span> 
     </span>
    </p>
   </div>
   <div class='ocr_carea' id='block_1_69' title="bbox 2185 1030 3787 1121">
    <p class='ocr_par' dir='ltr' id='par_1_69' title="bbox 2185 1030 3787 1121">
     <span class='ocr_line' id='line_1_69' title="bbox 2185 1030 3787 1121; baseline 0.006 -24"><span class='ocrx_word' id='word_1_531' title='bbox 2185 1051 2313 1097; x_wconf 88' lang='lat' dir='ltr'><strong>nuat</strong></span> <span class='ocrx_word' id='word_1_532' title='bbox 2355 1056 2463 1097; x_wconf 90' lang='lat' dir='ltr'><strong>non</strong></span> <span class='ocrx_word' id='word_1_533' title='bbox 2505 1041 2679 1116; x_wconf 88' lang='lat' dir='ltr'><strong>solum</strong></span> <span class='ocrx_word' id='word_1_534' title='bbox 2713 1044 2838 1114; x_wconf 88' lang='lat' dir='ltr'><strong>quia</strong></span> <span class='ocrx_word' id='word_1_535' title='bbox 2876 1044 3019 1101; x_wconf 89' lang='lat' dir='ltr'><strong>Deus</strong></span> <span class='ocrx_word' id='word_1_536' title='bbox 3060 1054 3177 1105; x_wconf 86' lang='lat' dir='ltr'><strong>erat</strong></span> <span class='ocrx_word' id='word_1_537' title='bbox 3214 1046 3267 1102; x_wconf 90' lang='lat' dir='ltr'><strong>in</strong></span> <span class='ocrx_word' id='word_1_538' title='bbox 3308 1030 3510 1121; x_wconf 69' lang='lat' dir='ltr'><strong>templo</strong></span> <span class='ocrx_word' id='word_1_539' title='bbox 3541 1048 3787 1106; x_wconf 78' lang='lat' dir='ltr'><strong>Verbum</strong></span> 
     </span>
    </p>
   </div>
   <div class='ocr_carea' id='block_1_70' title="bbox 2184 1133 3788 1213">
    <p class='ocr_par' dir='ltr' id='par_1_70' title="bbox 2184 1133 3788 1213">
     <span class='ocr_line' id='line_1_70' title="bbox 2184 1133 3788 1213; baseline 0.006 -23"><span class='ocrx_word' id='word_1_540' title='bbox 2184 1148 2311 1190; x_wconf 90' lang='lat' dir='ltr'><strong>caro</strong></span> <span class='ocrx_word' id='word_1_541' title='bbox 2332 1133 2527 1191; x_wconf 84' lang='lat' dir='ltr'><strong>factum</strong></span> <span class='ocrx_word' id='word_1_542' title='bbox 2546 1150 2563 1203; x_wconf 90' lang='lat'><strong>;</strong></span> <span class='ocrx_word' id='word_1_543' title='bbox 2589 1150 2773 1192; x_wconf 89' lang='lat' dir='ltr'><strong>verum</strong></span> <span class='ocrx_word' id='word_1_544' title='bbox 2797 1136 2979 1204; x_wconf 89' lang='lat' dir='ltr'><strong>etiam,</strong></span> <span class='ocrx_word' id='word_1_545' title='bbox 3002 1138 3125 1210; x_wconf 88' lang='lat' dir='ltr'><strong>quia</strong></span> <span class='ocrx_word' id='word_1_546' title='bbox 3145 1139 3387 1196; x_wconf 87' lang='lat' dir='ltr'><strong>eamdem</strong></span> <span class='ocrx_word' id='word_1_547' title='bbox 3415 1155 3636 1199; x_wconf 88' lang='lat' dir='ltr'><strong>carnem</strong></span> <span class='ocrx_word' id='word_1_548' title='bbox 3662 1142 3788 1213; x_wconf 86' lang='lat' dir='ltr'><strong>ipse</strong></span> 
     </span>
    </p>
   </div>
   <div class='ocr_carea' id='block_1_71' title="bbox 2190 1226 3783 1303">
    <p class='ocr_par' dir='ltr' id='par_1_71' title="bbox 2190 1226 3783 1303">
     <span class='ocr_line' id='line_1_71' title="bbox 2190 1226 3783 1303; baseline 0.006 -23"><span class='ocrx_word' id='word_1_549' title='bbox 2190 1226 2547 1295; x_wconf 88' lang='lat' dir='ltr'><strong>resuscitavit,</strong></span> <span class='ocrx_word' id='word_1_550' title='bbox 2573 1241 2681 1283; x_wconf 89' lang='lat' dir='ltr'><strong>non</strong></span> <span class='ocrx_word' id='word_1_551' title='bbox 2709 1228 2894 1298; x_wconf 89' lang='lat' dir='ltr'><strong>utique</strong></span> <span class='ocrx_word' id='word_1_552' title='bbox 2918 1228 3023 1285; x_wconf 91' lang='lat' dir='ltr'><strong>nisi</strong></span> <span class='ocrx_word' id='word_1_553' title='bbox 3046 1229 3339 1287; x_wconf 89' lang='lat' dir='ltr'><strong>secundum</strong></span> <span class='ocrx_word' id='word_1_554' title='bbox 3362 1231 3415 1288; x_wconf 88' lang='lat' dir='ltr'><strong>id</strong></span> <span class='ocrx_word' id='word_1_555' title='bbox 3437 1231 3583 1303; x_wconf 88' lang='lat' dir='ltr'><strong>quod</strong></span> <span class='ocrx_word' id='word_1_556' title='bbox 3612 1248 3783 1290; x_wconf 90' lang='lat' dir='ltr'><strong>unum</strong></span> 
     </span>
    </p>
   </div>
   <div class='ocr_carea' id='block_1_72' title="bbox 2185 1317 3784 1393">
    <p class='ocr_par' dir='ltr' id='par_1_72' title="bbox 2185 1317 3784 1393">
     <span class='ocr_line' id='line_1_72' title="bbox 2185 1317 3784 1393; baseline 0.003 -18"><span class='ocrx_word' id='word_1_557' title='bbox 2185 1326 2269 1375; x_wconf 88' lang='lat' dir='ltr'><strong>est</strong></span> <span class='ocrx_word' id='word_1_558' title='bbox 2295 1331 2418 1375; x_wconf 91' lang='lat' dir='ltr'><strong>cum</strong></span> <span class='ocrx_word' id='word_1_559' title='bbox 2456 1317 2637 1387; x_wconf 89' lang='lat' dir='ltr'><strong>Patre,</strong></span> <span class='ocrx_word' id='word_1_560' title='bbox 2677 1333 2780 1377; x_wconf 88' lang='lat' dir='ltr'><strong>nec</strong></span> <span class='ocrx_word' id='word_1_561' title='bbox 2807 1319 3178 1391; x_wconf 86' lang='lat' dir='ltr'><strong>separabiliter</strong></span> <span class='ocrx_word' id='word_1_562' title='bbox 3198 1329 3489 1393; x_wconf 79' lang='lat' dir='ltr'><strong>Operatur:</strong></span> <span class='ocrx_word' id='word_1_563' title='bbox 3516 1337 3642 1379; x_wconf 88' lang='lat' dir='ltr'><strong>cum</strong></span> <span class='ocrx_word' id='word_1_564' title='bbox 3667 1338 3784 1380; x_wconf 63' lang='grc' dir='ltr'><strong>(ιω-ι</strong></span> 
     </span>
    </p>
   </div>
   <div class='ocr_carea' id='block_1_73' title="bbox 2185 1408 3785 1486">
    <p class='ocr_par' dir='ltr' id='par_1_73' title="bbox 2185 1408 3785 1486">
     <span class='ocr_line' id='line_1_73' title="bbox 2185 1408 3785 1486; baseline 0.006 -21"><span class='ocrx_word' id='word_1_565' title='bbox 2185 1409 2317 1467; x_wconf 87' lang='lat' dir='ltr'><strong>teris</strong></span> <span class='ocrx_word' id='word_1_566' title='bbox 2344 1409 2477 1466; x_wconf 87' lang='lat' dir='ltr'><strong>locis</strong></span> <span class='ocrx_word' id='word_1_567' title='bbox 2498 1408 2744 1468; x_wconf 83' lang='lat' dir='ltr'><strong>fortassis</strong></span> <span class='ocrx_word' id='word_1_568' title='bbox 2766 1410 3015 1469; x_wconf 87' lang='lat' dir='ltr'><strong>omnibus</strong></span> <span class='ocrx_word' id='word_1_569' title='bbox 3039 1411 3314 1486; x_wconf 89' lang='lat' dir='ltr'><strong>Scriptura</strong></span> <span class='ocrx_word' id='word_1_570' title='bbox 3341 1429 3448 1472; x_wconf 89' lang='lat' dir='ltr'><strong>non</strong></span> <span class='ocrx_word' id='word_1_571' title='bbox 3473 1414 3639 1485; x_wconf 88' lang='lat' dir='ltr'><strong>dicat,</strong></span> <span class='ocrx_word' id='word_1_572' title='bbox 3673 1415 3785 1475; x_wconf 91' lang='lat' dir='ltr'><strong>nisi</strong></span> 
     </span>
    </p>
   </div>
   <div class='ocr_carea' id='block_1_74' title="bbox 2186 1500 3783 1577">
    <p class='ocr_par' dir='ltr' id='par_1_74' title="bbox 2186 1500 3783 1577">
     <span class='ocr_line' id='line_1_74' title="bbox 2186 1500 3783 1577; baseline 0.004 -20"><span class='ocrx_word' id='word_1_573' title='bbox 2186 1500 2327 1574; x_wconf 90' lang='lat' dir='ltr'><strong>quod</strong></span> <span class='ocrx_word' id='word_1_574' title='bbox 2358 1501 2499 1558; x_wconf 90' lang='lat' dir='ltr'><strong>Deus</strong></span> <span class='ocrx_word' id='word_1_575' title='bbox 2527 1502 2677 1558; x_wconf 91' lang='lat' dir='ltr'><strong>illum</strong></span> <span class='ocrx_word' id='word_1_576' title='bbox 2702 1502 3070 1571; x_wconf 82' lang='lat' dir='ltr'><strong>suscitaverit;</strong></span> <span class='ocrx_word' id='word_1_577' title='bbox 3099 1519 3202 1562; x_wconf 88' lang='lat' dir='ltr'><strong>nec</strong></span> <span class='ocrx_word' id='word_1_578' title='bbox 3222 1504 3421 1562; x_wconf 88' lang='lat' dir='ltr'><strong>alicubi</strong></span> <span class='ocrx_word' id='word_1_579' title='bbox 3450 1505 3531 1563; x_wconf 92' lang='lat' dir='ltr'><strong>sic</strong></span> <span class='ocrx_word' id='word_1_580' title='bbox 3555 1520 3783 1577; x_wconf 66' lang='lat' dir='ltr'><strong>expres~</strong></span> 
     </span>
    </p>
   </div>
   <div class='ocr_carea' id='block_1_75' title="bbox 2185 1595 3780 1669">
    <p class='ocr_par' dir='ltr' id='par_1_75' title="bbox 2185 1595 3780 1669">
     <span class='ocr_line' id='line_1_75' title="bbox 2185 1595 3780 1669; baseline 0.005 -18"><span class='ocrx_word' id='word_1_581' title='bbox 2185 1611 2303 1651; x_wconf 90' lang='lat' dir='ltr'><strong>sum</strong></span> <span class='ocrx_word' id='word_1_582' title='bbox 2332 1604 2435 1662; x_wconf 89' lang='lat' dir='ltr'><strong>est,</strong></span> <span class='ocrx_word' id='word_1_583' title='bbox 2462 1595 2603 1666; x_wconf 90' lang='lat' dir='ltr'><strong>quod</strong></span> <span class='ocrx_word' id='word_1_584' title='bbox 2628 1610 2752 1652; x_wconf 91' lang='lat' dir='ltr'><strong>cum</strong></span> <span class='ocrx_word' id='word_1_585' title='bbox 2778 1596 2921 1654; x_wconf 90' lang='lat' dir='ltr'><strong>Deus</strong></span> <span class='ocrx_word' id='word_1_586' title='bbox 2936 1599 3267 1656; x_wconf 89' lang='lat' dir='ltr'><strong>resuscitarit</strong></span> <span class='ocrx_word' id='word_1_587' title='bbox 3289 1599 3585 1669; x_wconf 87' lang='lat' dir='ltr'><strong>Christum,</strong></span> <span class='ocrx_word' id='word_1_588' title='bbox 3614 1601 3780 1659; x_wconf 87' lang='lat' dir='ltr'><strong>etiam</strong></span> 
     </span>
    </p>
   </div>
   <div class='ocr_carea' id='block_1_76' title="bbox 2185 1686 3776 1762">
    <p class='ocr_par' dir='ltr' id='par_1_76' title="bbox 2185 1686 3776 1762">
     <span class='ocr_line' id='line_1_76' title="bbox 2185 1686 3776 1762; baseline 0.006 -21"><span class='ocrx_word' id='word_1_589' title='bbox 2185 1686 2301 1757; x_wconf 88' lang='lat' dir='ltr'><strong>ipse</strong></span> <span class='ocrx_word' id='word_1_590' title='bbox 2328 1700 2388 1742; x_wconf 92' lang='lat' dir='ltr'><strong>se</strong></span> <span class='ocrx_word' id='word_1_591' title='bbox 2428 1687 2784 1755; x_wconf 87' lang='lat' dir='ltr'><strong>resuscitavit,</strong></span> <span class='ocrx_word' id='word_1_592' title='bbox 2824 1689 2949 1759; x_wconf 91' lang='lat' dir='ltr'><strong>quia</strong></span> <span class='ocrx_word' id='word_1_593' title='bbox 2977 1704 3102 1746; x_wconf 91' lang='lat' dir='ltr'><strong>cum</strong></span> <span class='ocrx_word' id='word_1_594' title='bbox 3132 1689 3292 1748; x_wconf 86' lang='lat' dir='ltr'><strong>Patre</strong></span> <span class='ocrx_word' id='word_1_595' title='bbox 3316 1705 3453 1747; x_wconf 91' lang='lat' dir='ltr'><strong>unus</strong></span> <span class='ocrx_word' id='word_1_596' title='bbox 3494 1690 3643 1749; x_wconf 87' lang='lat' dir='ltr'><strong>Deus</strong></span> <span class='ocrx_word' id='word_1_597' title='bbox 3668 1700 3776 1762; x_wconf 89' lang='lat' dir='ltr'><strong>est,</strong></span> 
     </span>
    </p>
   </div>
   <div class='ocr_carea' id='block_1_77' title="bbox 2184 1778 3776 1855">
    <p class='ocr_par' dir='ltr' id='par_1_77' title="bbox 2184 1778 3776 1855">
     <span class='ocr_line' id='line_1_77' title="bbox 2184 1778 3776 1855; baseline 0.004 -22"><span class='ocrx_word' id='word_1_598' title='bbox 2184 1778 2322 1834; x_wconf 89' lang='lat' dir='ltr'><strong>sicut</strong></span> <span class='ocrx_word' id='word_1_599' title='bbox 2349 1779 2451 1835; x_wconf 92' lang='lat' dir='ltr'><strong>hoc</strong></span> <span class='ocrx_word' id='word_1_600' title='bbox 2478 1778 2599 1835; x_wconf 90' lang='lat' dir='ltr'><strong>loco</strong></span> <span class='ocrx_word' id='word_1_601' title='bbox 2627 1779 2715 1835; x_wconf 91' lang='lat' dir='ltr'><strong>ubi</strong></span> <span class='ocrx_word' id='word_1_602' title='bbox 2742 1779 2838 1846; x_wconf 91' lang='lat' dir='ltr'><strong>ait,</strong></span> <span class='ocrx_word' id='word_1_603' title='bbox 2870 1779 3068 1838; x_wconf 82' lang='lat' dir='ltr'><strong>Solvite</strong></span> <span class='ocrx_word' id='word_1_604' title='bbox 3102 1784 3344 1855; x_wconf 79' lang='lat' dir='ltr'><strong>templum</strong></span> <span class='ocrx_word' id='word_1_605' title='bbox 3379 1784 3496 1855; x_wconf 76' lang='lat' dir='ltr'><strong>hoc,</strong></span> <span class='ocrx_word' id='word_1_606' title='bbox 3524 1792 3574 1840; x_wconf 90' lang='lat' dir='ltr'><strong>et</strong></span> <span class='ocrx_word' id='word_1_607' title='bbox 3597 1785 3650 1840; x_wconf 82' lang='lat' dir='ltr'><strong>in</strong></span> <span class='ocrx_word' id='word_1_608' title='bbox 3673 1784 3776 1839; x_wconf 85' lang='lat' dir='ltr'><strong>tri-</strong></span> 
     </span>
    </p>
   </div>
   <div class='ocr_carea' id='block_1_78' title="bbox 2184 1859 2911 1928">
    <p class='ocr_par' dir='ltr' id='par_1_78' title="bbox 2184 1859 2911 1928">
     <span class='ocr_line' id='line_1_78' title="bbox 2184 1859 2911 1928; baseline 0.006 -4"><span class='ocrx_word' id='word_1_609' title='bbox 2184 1859 2275 1926; x_wconf 69' lang='lat' dir='ltr'><strong>btis</strong></span> <span class='ocrx_word' id='word_1_610' title='bbox 2294 1870 2466 1927; x_wconf 81' lang='lat' dir='ltr'><strong>diebus</strong></span> <span class='ocrx_word' id='word_1_611' title='bbox 2489 1871 2736 1927; x_wconf 81' lang='lat' dir='ltr'><strong>suscitabo</strong></span> <span class='ocrx_word' id='word_1_612' title='bbox 2758 1871 2911 1928; x_wconf 81' lang='lat' dir='ltr'><strong>illud.</strong></span> 
     </span>
    </p>
   </div>
   <div class='ocr_carea' id='block_1_79' title="bbox 2256 1962 3779 2041">
    <p class='ocr_par' dir='ltr' id='par_1_79' title="bbox 2256 1962 3779 2041">
     <span class='ocr_line' id='line_1_79' title="bbox 2256 1962 3779 2041; baseline 0.004 -22"><span class='ocrx_word' id='word_1_613' title='bbox 2256 1965 2345 2022; x_wconf 78' lang='grc'><strong>15.</strong></span> <span class='ocrx_word' id='word_1_614' title='bbox 2369 1962 2497 2020; x_wconf 91' lang='lat' dir='ltr'><strong>lnde</strong></span> <span class='ocrx_word' id='word_1_615' title='bbox 2519 1978 2641 2020; x_wconf 90' lang='lat' dir='ltr'><strong>cum</strong></span> <span class='ocrx_word' id='word_1_616' title='bbox 2671 1964 2766 2021; x_wconf 91' lang='lat' dir='ltr'><strong>illo</strong></span> <span class='ocrx_word' id='word_1_617' title='bbox 2783 1964 3077 2024; x_wconf 82' lang='lat' dir='ltr'><strong>Nicodemo</strong></span> <span class='ocrx_word' id='word_1_618' title='bbox 3092 1981 3252 2040; x_wconf 90' lang='lat' dir='ltr'><strong>quam</strong></span> <span class='ocrx_word' id='word_1_619' title='bbox 3281 1982 3490 2040; x_wconf 85' lang='lat' dir='ltr'><strong>magna,</strong></span> <span class='ocrx_word' id='word_1_620' title='bbox 3510 1982 3669 2041; x_wconf 87' lang='lat' dir='ltr'><strong>quam</strong></span> <span class='ocrx_word' id='word_1_621' title='bbox 3696 1967 3779 2026; x_wconf 76' lang='lat' dir='ltr'><strong>di-</strong></span> 
     </span>
    </p>
   </div>
   <div class='ocr_carea' id='block_1_80' title="bbox 2183 2056 3779 2134">
    <p class='ocr_par' dir='ltr' id='par_1_80' title="bbox 2183 2056 3779 2134">
     <span class='ocr_line' id='line_1_80' title="bbox 2183 2056 3779 2134; baseline 0.005 -21"><span class='ocrx_word' id='word_1_622' title='bbox 2183 2056 2306 2113; x_wconf 89' lang='lat' dir='ltr'><strong>vina</strong></span> <span class='ocrx_word' id='word_1_623' title='bbox 2337 2057 2544 2115; x_wconf 89' lang='lat' dir='ltr'><strong>locutus</strong></span> <span class='ocrx_word' id='word_1_624' title='bbox 2588 2060 2700 2115; x_wconf 89' lang='lat' dir='ltr'><strong>est!</strong></span> <span class='ocrx_word' id='word_1_625' title='bbox 2742 2059 2871 2116; x_wconf 83' lang='lat' dir='ltr'><strong>Inde</strong></span> <span class='ocrx_word' id='word_1_626' title='bbox 2914 2075 3103 2117; x_wconf 88' lang='lat' dir='ltr'><strong>rursus</strong></span> <span class='ocrx_word' id='word_1_627' title='bbox 3121 2062 3293 2134; x_wconf 87' lang='lat' dir='ltr'><strong>pergit</strong></span> <span class='ocrx_word' id='word_1_628' title='bbox 3314 2062 3379 2118; x_wconf 91' lang='lat' dir='ltr'><strong>ad</strong></span> <span class='ocrx_word' id='word_1_629' title='bbox 3411 2063 3779 2121; x_wconf 83' lang='lat' dir='ltr'><strong>testimonium</strong></span> 
     </span>
    </p>
   </div>
   <div class='ocr_carea' id='block_1_81' title="bbox 2184 2148 3779 2228">
    <p class='ocr_par' dir='ltr' id='par_1_81' title="bbox 2184 2148 3779 2228">
     <span class='ocr_line' id='line_1_81' title="bbox 2184 2148 3779 2228; baseline 0.006 -23"><span class='ocrx_word' id='word_1_630' title='bbox 2184 2148 2406 2206; x_wconf 82' lang='lat' dir='ltr'><strong>Joannis</strong></span> <span class='ocrx_word' id='word_1_631' title='bbox 2426 2191 2442 2217; x_wconf 92' lang='lat'><strong>,</strong></span> <span class='ocrx_word' id='word_1_632' title='bbox 2472 2158 2527 2207; x_wconf 91' lang='lat' dir='ltr'><strong>et</strong></span> <span class='ocrx_word' id='word_1_633' title='bbox 2562 2151 2904 2208; x_wconf 90' lang='lat' dir='ltr'><strong>commendat</strong></span> <span class='ocrx_word' id='word_1_634' title='bbox 2932 2152 3164 2209; x_wconf 91' lang='lat' dir='ltr'><strong>amicum</strong></span> <span class='ocrx_word' id='word_1_635' title='bbox 3200 2154 3383 2226; x_wconf 79' lang='lat' dir='ltr'><strong>sponsi</strong></span> <span class='ocrx_word' id='word_1_636' title='bbox 3413 2171 3517 2210; x_wconf 81' lang='lat' dir='ltr'><strong>non</strong></span> <span class='ocrx_word' id='word_1_637' title='bbox 3543 2156 3779 2228; x_wconf 85' lang='lat' dir='ltr'><strong>gaudere</strong></span> 
     </span>
    </p>
   </div>
   <div class='ocr_carea' id='block_1_82' title="bbox 2184 2240 3778 2315">
    <p class='ocr_par' dir='ltr' id='par_1_82' title="bbox 2184 2240 3778 2315">
     <span class='ocr_line' id='line_1_82' title="bbox 2184 2240 3778 2315; baseline 0.006 -19"><span class='ocrx_word' id='word_1_638' title='bbox 2184 2240 2285 2296; x_wconf 88' lang='lat' dir='ltr'><strong>nisi</strong></span> <span class='ocrx_word' id='word_1_639' title='bbox 2300 2249 2519 2313; x_wconf 89' lang='lat' dir='ltr'><strong>prepter</strong></span> <span class='ocrx_word' id='word_1_640' title='bbox 2531 2257 2716 2299; x_wconf 88' lang='lat' dir='ltr'><strong>vocem</strong></span> <span class='ocrx_word' id='word_1_641' title='bbox 2734 2245 2936 2315; x_wconf 91' lang='lat' dir='ltr'><strong>sponsi.</strong></span> <span class='ocrx_word' id='word_1_642' title='bbox 2950 2243 3053 2302; x_wconf 87' lang='lat' dir='ltr'><strong>Ubi</strong></span> <span class='ocrx_word' id='word_1_643' title='bbox 3065 2245 3317 2304; x_wconf 87' lang='lat' dir='ltr'><strong>admonet</strong></span> <span class='ocrx_word' id='word_1_644' title='bbox 3336 2248 3568 2303; x_wconf 88' lang='lat' dir='ltr'><strong>animam</strong></span> <span class='ocrx_word' id='word_1_645' title='bbox 3587 2247 3778 2305; x_wconf 77' lang='lat' dir='ltr'><strong>huma-</strong></span> 
     </span>
    </p>
   </div>
   <div class='ocr_carea' id='block_1_83' title="bbox 2182 2333 3775 2406">
    <p class='ocr_par' dir='ltr' id='par_1_83' title="bbox 2182 2333 3775 2406">
     <span class='ocr_line' id='line_1_83' title="bbox 2182 2333 3775 2406; baseline 0.006 -19"><span class='ocrx_word' id='word_1_646' title='bbox 2182 2347 2309 2391; x_wconf 87' lang='lat' dir='ltr'><strong>nam</strong></span> <span class='ocrx_word' id='word_1_647' title='bbox 2332 2348 2439 2389; x_wconf 91' lang='lat' dir='ltr'><strong>non</strong></span> <span class='ocrx_word' id='word_1_648' title='bbox 2462 2333 2530 2390; x_wconf 91' lang='lat' dir='ltr'><strong>de</strong></span> <span class='ocrx_word' id='word_1_649' title='bbox 2560 2334 2734 2406; x_wconf 88' lang='lat' dir='ltr'><strong>seipsa</strong></span> <span class='ocrx_word' id='word_1_650' title='bbox 2756 2335 2858 2392; x_wconf 90' lang='lat' dir='ltr'><strong>sibi</strong></span> <span class='ocrx_word' id='word_1_651' title='bbox 2884 2337 3065 2393; x_wconf 85' lang='lat' dir='ltr'><strong>lucere</strong></span> <span class='ocrx_word' id='word_1_652' title='bbox 3083 2380 3096 2403; x_wconf 89' lang='lat'><strong>,</strong></span> <span class='ocrx_word' id='word_1_653' title='bbox 3124 2352 3223 2395; x_wconf 88' lang='lat' dir='ltr'><strong>nec</strong></span> <span class='ocrx_word' id='word_1_654' title='bbox 3242 2337 3410 2398; x_wconf 86' lang='lat' dir='ltr'><strong>beari.</strong></span> <span class='ocrx_word' id='word_1_655' title='bbox 3439 2339 3540 2395; x_wconf 90' lang='lat' dir='ltr'><strong>nisi</strong></span> <span class='ocrx_word' id='word_1_656' title='bbox 3569 2341 3775 2397; x_wconf 60' lang='lat' dir='ltr'><strong>incum-</strong></span> 
     </span>
    </p>
   </div>
   <div class='ocr_carea' id='block_1_84' title="bbox 2187 2424 3774 2500">
    <p class='ocr_par' dir='ltr' id='par_1_84' title="bbox 2187 2424 3774 2500">
     <span class='ocr_line' id='line_1_84' title="bbox 2187 2424 3774 2500; baseline 0.007 -21"><span class='ocrx_word' id='word_1_657' title='bbox 2187 2424 2465 2481; x_wconf 88' lang='lat' dir='ltr'><strong>mutabilis</strong></span> <span class='ocrx_word' id='word_1_658' title='bbox 2494 2428 2902 2499; x_wconf 88' lang='lat' dir='ltr'><strong>participatione</strong></span> <span class='ocrx_word' id='word_1_659' title='bbox 2926 2430 3220 2500; x_wconf 72' lang='lat' dir='ltr'><strong>sapientize.</strong></span> <span class='ocrx_word' id='word_1_660' title='bbox 3249 2429 3378 2487; x_wconf 84' lang='lat' dir='ltr'><strong>Inde</strong></span> <span class='ocrx_word' id='word_1_661' title='bbox 3403 2431 3471 2487; x_wconf 89' lang='lat' dir='ltr'><strong>ad</strong></span> <span class='ocrx_word' id='word_1_662' title='bbox 3498 2433 3774 2490; x_wconf 81' lang='lat' dir='ltr'><strong>mulierem</strong></span> 
     </span>
    </p>
   </div>
   <div class='ocr_carea' id='block_1_85' title="bbox 2182 2516 3776 2598">
    <p class='ocr_par' dir='ltr' id='par_1_85' title="bbox 2182 2516 3776 2598">
     <span class='ocr_line' id='line_1_85' title="bbox 2182 2516 3776 2598; baseline 0.006 -24"><span class='ocrx_word' id='word_1_663' title='bbox 2182 2516 2568 2575; x_wconf 86' lang='lat' dir='ltr'><strong>Samaritanam</strong></span> <span class='ocrx_word' id='word_1_664' title='bbox 2593 2560 2609 2587; x_wconf 93' lang='lat'><strong>,</strong></span> <span class='ocrx_word' id='word_1_665' title='bbox 2644 2521 2732 2577; x_wconf 92' lang='lat' dir='ltr'><strong>ubi</strong></span> <span class='ocrx_word' id='word_1_666' title='bbox 2759 2531 3213 2579; x_wconf 89' lang='lat' dir='ltr'><strong>commemoratur</strong></span> <span class='ocrx_word' id='word_1_667' title='bbox 3239 2538 3375 2595; x_wconf 87' lang='lat' dir='ltr'><strong>aqua</strong></span> <span class='ocrx_word' id='word_1_668' title='bbox 3399 2524 3543 2583; x_wconf 90' lang='lat' dir='ltr'><strong>unde</strong></span> <span class='ocrx_word' id='word_1_669' title='bbox 3566 2527 3658 2598; x_wconf 90' lang='lat' dir='ltr'><strong>qui</strong></span> <span class='ocrx_word' id='word_1_670' title='bbox 3696 2527 3776 2583; x_wconf 86' lang='lat' dir='ltr'><strong>bi-</strong></span> 
     </span>
    </p>
   </div>
   <div class='ocr_carea' id='block_1_86' title="bbox 2181 2610 3774 2674">
    <p class='ocr_par' dir='ltr' id='par_1_86' title="bbox 2181 2610 3774 2674">
     <span class='ocr_line' id='line_1_86' title="bbox 2181 2610 3774 2674; baseline 0.005 -8"><span class='ocrx_word' id='word_1_671' title='bbox 2181 2610 2323 2667; x_wconf 86' lang='lat' dir='ltr'><strong>berit</strong></span> <span class='ocrx_word' id='word_1_672' title='bbox 2362 2627 2469 2667; x_wconf 91' lang='lat' dir='ltr'><strong>non</strong></span> <span class='ocrx_word' id='word_1_673' title='bbox 2519 2612 2665 2669; x_wconf 87' lang='lat' dir='ltr'><strong>sitiet</strong></span> <span class='ocrx_word' id='word_1_674' title='bbox 2708 2613 2763 2669; x_wconf 85' lang='lat' dir='ltr'><strong>in</strong></span> <span class='ocrx_word' id='word_1_675' title='bbox 2807 2622 3087 2670; x_wconf 64' lang='lat' dir='ltr'><strong>aeternum.</strong></span> <span class='ocrx_word' id='word_1_676' title='bbox 3133 2614 3262 2672; x_wconf 88' lang='lat' dir='ltr'><strong>lude</strong></span> <span class='ocrx_word' id='word_1_677' title='bbox 3304 2631 3490 2673; x_wconf 77' lang='lat' dir='ltr'><strong>rursus</strong></span> <span class='ocrx_word' id='word_1_678' title='bbox 3532 2617 3588 2673; x_wconf 88' lang='lat' dir='ltr'><strong>in</strong></span> <span class='ocrx_word' id='word_1_679' title='bbox 3629 2617 3774 2674; x_wconf 86' lang='lat' dir='ltr'><strong>Cana</strong></span> 
     </span>
    </p>
   </div>
   <div class='ocr_carea' id='block_1_87' title="bbox 2182 2701 3765 2777">
    <p class='ocr_par' dir='ltr' id='par_1_87' title="bbox 2182 2701 3765 2777">
     <span class='ocr_line' id='line_1_87' title="bbox 2182 2701 3765 2777; baseline 0.004 -17"><span class='ocrx_word' id='word_1_680' title='bbox 2182 2701 2449 2771; x_wconf 67' lang='lat' dir='ltr'><strong>Galilazae,</strong></span> <span class='ocrx_word' id='word_1_681' title='bbox 2478 2704 2569 2761; x_wconf 91' lang='lat' dir='ltr'><strong>ubi</strong></span> <span class='ocrx_word' id='word_1_682' title='bbox 2600 2702 2802 2761; x_wconf 83' lang='lat' dir='ltr'><strong>fecerat</strong></span> <span class='ocrx_word' id='word_1_683' title='bbox 2827 2705 2896 2762; x_wconf 89' lang='lat' dir='ltr'><strong>de</strong></span> <span class='ocrx_word' id='word_1_684' title='bbox 2921 2720 3055 2777; x_wconf 89' lang='lat' dir='ltr'><strong>aqua</strong></span> <span class='ocrx_word' id='word_1_685' title='bbox 3081 2706 3263 2762; x_wconf 89' lang='lat' dir='ltr'><strong>vinum</strong></span> <span class='ocrx_word' id='word_1_686' title='bbox 3297 2725 3313 2762; x_wconf 91' lang='lat'><strong>:</strong></span> <span class='ocrx_word' id='word_1_687' title='bbox 3340 2707 3428 2763; x_wconf 90' lang='lat' dir='ltr'><strong>ubi</strong></span> <span class='ocrx_word' id='word_1_688' title='bbox 3457 2723 3581 2765; x_wconf 89' lang='lat' dir='ltr'><strong>eum</strong></span> <span class='ocrx_word' id='word_1_689' title='bbox 3610 2724 3765 2765; x_wconf 88' lang='lat' dir='ltr'><strong>com-</strong></span> 
     </span>
    </p>
   </div>
   <div class='ocr_carea' id='block_1_88' title="bbox 2181 2791 3772 2873">
    <p class='ocr_par' dir='ltr' id='par_1_88' title="bbox 2181 2791 3772 2873">
     <span class='ocr_line' id='line_1_88' title="bbox 2181 2791 3772 2873; baseline 0.007 -22"><span class='ocrx_word' id='word_1_690' title='bbox 2181 2805 2445 2852; x_wconf 88' lang='lat' dir='ltr'><strong>memorat</strong></span> <span class='ocrx_word' id='word_1_691' title='bbox 2489 2797 2691 2856; x_wconf 77' lang='lat' dir='ltr'><strong>dixisse</strong></span> <span class='ocrx_word' id='word_1_692' title='bbox 2738 2800 2963 2871; x_wconf 88' lang='lat' dir='ltr'><strong>regulo,</strong></span> <span class='ocrx_word' id='word_1_693' title='bbox 3011 2791 3170 2873; x_wconf 82' lang='lat' dir='ltr'><strong>cujus</strong></span> <span class='ocrx_word' id='word_1_694' title='bbox 3201 2801 3339 2858; x_wconf 85' lang='lat' dir='ltr'><strong>filius</strong></span> <span class='ocrx_word' id='word_1_695' title='bbox 3384 2802 3772 2873; x_wconf 87' lang='lat' dir='ltr'><strong>infirmabatur,</strong></span> 
     </span>
    </p>
   </div>
   <div class='ocr_carea' id='block_1_89' title="bbox 2182 2885 3766 2966">
    <p class='ocr_par' dir='ltr' id='par_1_89' title="bbox 2182 2885 3766 2966">
     <span class='ocr_line' id='line_1_89' title="bbox 2182 2885 3766 2966; baseline 0.006 -25"><span class='ocrx_word' id='word_1_696' title='bbox 2182 2885 2302 2943; x_wconf 82' lang='lat' dir='ltr'><strong>Nisi</strong></span> <span class='ocrx_word' id='word_1_697' title='bbox 2328 2888 2473 2961; x_wconf 83' lang='lat' dir='ltr'><strong>signa</strong></span> <span class='ocrx_word' id='word_1_698' title='bbox 2502 2897 2549 2943; x_wconf 90' lang='lat' dir='ltr'><strong>et</strong></span> <span class='ocrx_word' id='word_1_699' title='bbox 2569 2890 2800 2962; x_wconf 89' lang='lat' dir='ltr'><strong>prodigia</strong></span> <span class='ocrx_word' id='word_1_700' title='bbox 2852 2890 3080 2948; x_wconf 80' lang='lat' dir='ltr'><strong>videritis</strong></span> <span class='ocrx_word' id='word_1_701' title='bbox 3101 2933 3115 2960; x_wconf 93' lang='lat'><strong>,</strong></span> <span class='ocrx_word' id='word_1_702' title='bbox 3164 2908 3267 2947; x_wconf 83' lang='lat' dir='ltr'><strong>non</strong></span> <span class='ocrx_word' id='word_1_703' title='bbox 3315 2892 3519 2949; x_wconf 81' lang='lat' dir='ltr'><strong>creditis</strong></span> <span class='ocrx_word' id='word_1_704' title='bbox 3546 2894 3567 2966; x_wconf 71' lang='grc' dir='ltr'>ζ</span> <span class='ocrx_word' id='word_1_705' title='bbox 3573 2891 3660 2949; x_wconf 85' lang='lat' dir='ltr'><strong>Id.</strong></span> <span class='ocrx_word' id='word_1_706' title='bbox 3690 2910 3766 2961; x_wconf 83' lang='lat' dir='ltr'><strong>ru,</strong></span> 
     </span>
    </p>
   </div>
   <div class='ocr_carea' id='block_1_90' title="bbox 2180 2976 3768 3055">
    <p class='ocr_par' dir='ltr' id='par_1_90' title="bbox 2180 2976 3768 3055">
     <span class='ocr_line' id='line_1_90' title="bbox 2180 2976 3768 3055; baseline 0.006 -20"><span class='ocrx_word' id='word_1_707' title='bbox 2180 2976 2321 3047; x_wconf 76' lang='lat' dir='ltr'><strong>l-tv,</strong></span> <span class='ocrx_word' id='word_1_708' title='bbox 2350 2977 2481 3052; x_wconf 66' lang='lat'><strong>54);</strong></span> <span class='ocrx_word' id='word_1_709' title='bbox 2513 2995 2683 3051; x_wconf 85' lang='lat' dir='ltr'><strong>usque</strong></span> <span class='ocrx_word' id='word_1_710' title='bbox 2711 2980 2846 3037; x_wconf 89' lang='lat' dir='ltr'><strong>adeo</strong></span> <span class='ocrx_word' id='word_1_711' title='bbox 2886 2998 3049 3055; x_wconf 90' lang='lat' dir='ltr'><strong>super</strong></span> <span class='ocrx_word' id='word_1_712' title='bbox 3072 2981 3252 3038; x_wconf 86' lang='lat' dir='ltr'><strong>omnia</strong></span> <span class='ocrx_word' id='word_1_713' title='bbox 3285 2985 3559 3043; x_wconf 90' lang='lat' dir='ltr'><strong>mutabilia</strong></span> <span class='ocrx_word' id='word_1_714' title='bbox 3584 2988 3768 3045; x_wconf 88' lang='lat' dir='ltr'><strong>volens</strong></span> 
     </span>
    </p>
   </div>
   <div class='ocr_carea' id='block_1_91' title="bbox 2180 3073 3766 3151">
    <p class='ocr_par' dir='ltr' id='par_1_91' title="bbox 2180 3073 3766 3151">
     <span class='ocr_line' id='line_1_91' title="bbox 2180 3073 3766 3151; baseline 0.004 -21"><span class='ocrx_word' id='word_1_715' title='bbox 2180 3082 2414 3130; x_wconf 88' lang='lat' dir='ltr'><strong>mentem</strong></span> <span class='ocrx_word' id='word_1_716' title='bbox 2445 3073 2714 3131; x_wconf 88' lang='lat' dir='ltr'><strong>credentis</strong></span> <span class='ocrx_word' id='word_1_717' title='bbox 2759 3076 3040 3146; x_wconf 89' lang='lat' dir='ltr'><strong>attollere,</strong></span> <span class='ocrx_word' id='word_1_718' title='bbox 3086 3088 3147 3134; x_wconf 92' lang='lat' dir='ltr'><strong>ut</strong></span> <span class='ocrx_word' id='word_1_719' title='bbox 3194 3094 3295 3137; x_wconf 89' lang='lat' dir='ltr'><strong>nec</strong></span> <span class='ocrx_word' id='word_1_720' title='bbox 3334 3080 3448 3151; x_wconf 91' lang='lat' dir='ltr'><strong>ipsa</strong></span> <span class='ocrx_word' id='word_1_721' title='bbox 3492 3078 3766 3151; x_wconf 86' lang='lat' dir='ltr'><strong>miracula,</strong></span> 
     </span>
    </p>
   </div>
   <div class='ocr_carea' id='block_1_92' title="bbox 2178 3165 3764 3247">
    <p class='ocr_par' dir='ltr' id='par_1_92' title="bbox 2178 3165 3764 3247">
     <span class='ocr_line' id='line_1_92' title="bbox 2178 3165 3764 3247; baseline 0.006 -28"><span class='ocrx_word' id='word_1_722' title='bbox 2178 3179 2298 3247; x_wconf 72' lang='lat' dir='ltr'><strong>qua:</strong></span> <span class='ocrx_word' id='word_1_723' title='bbox 2317 3166 2558 3237; x_wconf 85' lang='lat' dir='ltr'><strong>quamvis</strong></span> <span class='ocrx_word' id='word_1_724' title='bbox 2584 3165 2838 3224; x_wconf 90' lang='lat' dir='ltr'><strong>divinitus</strong></span> <span class='ocrx_word' id='word_1_725' title='bbox 2856 3167 2925 3224; x_wconf 90' lang='lat' dir='ltr'><strong>de</strong></span> <span class='ocrx_word' id='word_1_726' title='bbox 2944 3170 3293 3228; x_wconf 86' lang='lat' dir='ltr'><strong>mutabilitate</strong></span> <span class='ocrx_word' id='word_1_727' title='bbox 3308 3186 3593 3243; x_wconf 87' lang='lat' dir='ltr'><strong>corporum</strong></span> <span class='ocrx_word' id='word_1_728' title='bbox 3616 3172 3764 3240; x_wconf 84' lang='lat' dir='ltr'><strong>ﬁunt,</strong></span> 
     </span>
    </p>
   </div>
   <div class='ocr_carea' id='block_1_93' title="bbox 2178 3255 2846 3329">
    <p class='ocr_par' dir='ltr' id='par_1_93' title="bbox 2178 3255 2846 3329">
     <span class='ocr_line' id='line_1_93' title="bbox 2178 3255 2846 3329; baseline 0.004 -17"><span class='ocrx_word' id='word_1_729' title='bbox 2178 3271 2209 3312; x_wconf 92' lang='lat' dir='ltr'><strong>a</strong></span> <span class='ocrx_word' id='word_1_730' title='bbox 2239 3255 2482 3314; x_wconf 82' lang='lat' dir='ltr'><strong>ﬁdelibus</strong></span> <span class='ocrx_word' id='word_1_731' title='bbox 2503 3258 2671 3329; x_wconf 73' lang='lat' dir='ltr'><strong>quazri</strong></span> <span class='ocrx_word' id='word_1_732' title='bbox 2697 3258 2846 3315; x_wconf 89' lang='lat' dir='ltr'><strong>velit.</strong></span> 
     </span>
    </p>
   </div>
   <div class='ocr_carea' id='block_1_94' title="bbox 2252 3348 3768 3429">
    <p class='ocr_par' dir='ltr' id='par_1_94' title="bbox 2252 3348 3768 3429">
     <span class='ocr_line' id='line_1_94' title="bbox 2252 3348 3768 3429; baseline 0.008 -25"><span class='ocrx_word' id='word_1_733' title='bbox 2252 3349 2339 3405; x_wconf 72' lang='grc'><strong>14.</strong></span> <span class='ocrx_word' id='word_1_734' title='bbox 2364 3348 2491 3405; x_wconf 89' lang='lat' dir='ltr'><strong>Inde</strong></span> <span class='ocrx_word' id='word_1_735' title='bbox 2508 3349 2900 3425; x_wconf 80' lang='lat' dir='ltr'><strong>Jerosolymam</strong></span> <span class='ocrx_word' id='word_1_736' title='bbox 2926 3353 3099 3423; x_wconf 89' lang='lat' dir='ltr'><strong>redit;</strong></span> <span class='ocrx_word' id='word_1_737' title='bbox 3132 3355 3192 3411; x_wconf 83' lang='lat' dir='ltr'><strong>fit</strong></span> <span class='ocrx_word' id='word_1_738' title='bbox 3219 3370 3382 3413; x_wconf 90' lang='lat' dir='ltr'><strong>sanus</strong></span> <span class='ocrx_word' id='word_1_739' title='bbox 3410 3355 3621 3429; x_wconf 87' lang='lat' dir='ltr'><strong>triginta</strong></span> <span class='ocrx_word' id='word_1_740' title='bbox 3646 3366 3768 3416; x_wconf 90' lang='lat' dir='ltr'><strong>octo</strong></span> 
     </span>
    </p>
   </div>
   <div class='ocr_carea' id='block_1_95' title="bbox 2178 3442 3764 3521">
    <p class='ocr_par' dir='ltr' id='par_1_95' title="bbox 2178 3442 3764 3521">
     <span class='ocr_line' id='line_1_95' title="bbox 2178 3442 3764 3521; baseline 0.006 -24"><span class='ocrx_word' id='word_1_741' title='bbox 2178 3456 2444 3498; x_wconf 83' lang='lat' dir='ltr'><strong>annorum</strong></span> <span class='ocrx_word' id='word_1_742' title='bbox 2474 3442 2775 3515; x_wconf 86' lang='lat' dir='ltr'><strong>languidus.</strong></span> <span class='ocrx_word' id='word_1_743' title='bbox 2805 3444 2886 3502; x_wconf 89' lang='lat' dir='ltr'><strong>Ex</strong></span> <span class='ocrx_word' id='word_1_744' title='bbox 2917 3445 3018 3502; x_wconf 86' lang='lat' dir='ltr'><strong>hac</strong></span> <span class='ocrx_word' id='word_1_745' title='bbox 3042 3448 3325 3505; x_wconf 89' lang='lat' dir='ltr'><strong>occasione</strong></span> <span class='ocrx_word' id='word_1_746' title='bbox 3345 3464 3462 3521; x_wconf 73' lang='lat' dir='ltr'><strong>qua:</strong></span> <span class='ocrx_word' id='word_1_747' title='bbox 3487 3448 3764 3507; x_wconf 79' lang='lat' dir='ltr'><strong>dicuntur!</strong></span> 
     </span>
    </p>
   </div>
   <div class='ocr_carea' id='block_1_96' title="bbox 2178 3533 3771 3610">
    <p class='ocr_par' dir='ltr' id='par_1_96' title="bbox 2178 3533 3771 3610">
     <span class='ocr_line' id='line_1_96' title="bbox 2178 3533 3771 3610; baseline 0.006 -21"><span class='ocrx_word' id='word_1_748' title='bbox 2178 3549 2336 3606; x_wconf 91' lang='lat' dir='ltr'><strong>quam</strong></span> <span class='ocrx_word' id='word_1_749' title='bbox 2366 3533 2457 3589; x_wconf 92' lang='lat' dir='ltr'><strong>diu</strong></span> <span class='ocrx_word' id='word_1_750' title='bbox 2485 3535 2768 3592; x_wconf 86' lang='lat' dir='ltr'><strong>dicuntur!</strong></span> <span class='ocrx_word' id='word_1_751' title='bbox 2833 3536 2910 3594; x_wconf 85' lang='lat' dir='ltr'><strong>Ibi</strong></span> <span class='ocrx_word' id='word_1_752' title='bbox 2935 3537 3135 3595; x_wconf 91' lang='lat' dir='ltr'><strong>dictum</strong></span> <span class='ocrx_word' id='word_1_753' title='bbox 3165 3548 3285 3610; x_wconf 89' lang='lat' dir='ltr'><strong>est,</strong></span> <span class='ocrx_word' id='word_1_754' title='bbox 3330 3540 3634 3608; x_wconf 71' lang='lat' dir='ltr'><strong>Quwrebant</strong></span> <span class='ocrx_word' id='word_1_755' title='bbox 3658 3559 3771 3600; x_wconf 82' lang='lat' dir='ltr'><strong>eum</strong></span> 
     </span>
    </p>
   </div>
   <div class='ocr_carea' id='block_1_97' title="bbox 2176 3624 3766 3704">
    <p class='ocr_par' dir='ltr' id='par_1_97' title="bbox 2176 3624 3766 3704">
     <span class='ocr_line' id='line_1_97' title="bbox 2176 3624 3766 3704; baseline 0.006 -25"><span class='ocrx_word' id='word_1_756' title='bbox 2176 3624 2352 3680; x_wconf 70' lang='lat' dir='ltr'><strong>Judazi</strong></span> <span class='ocrx_word' id='word_1_757' title='bbox 2378 3624 2691 3695; x_wconf 80' lang='lat' dir='ltr'><strong>interﬁcere,</strong></span> <span class='ocrx_word' id='word_1_758' title='bbox 2732 3628 2853 3700; x_wconf 83' lang='lat' dir='ltr'><strong>quia</strong></span> <span class='ocrx_word' id='word_1_759' title='bbox 2886 3645 2988 3685; x_wconf 85' lang='lat' dir='ltr'><strong>non</strong></span> <span class='ocrx_word' id='word_1_760' title='bbox 3031 3630 3197 3685; x_wconf 84' lang='lat' dir='ltr'><strong>solum</strong></span> <span class='ocrx_word' id='word_1_761' title='bbox 3237 3631 3459 3686; x_wconf 83' lang='lat' dir='ltr'><strong>solvebat</strong></span> <span class='ocrx_word' id='word_1_762' title='bbox 3484 3632 3766 3704; x_wconf 81' lang='lat' dir='ltr'><strong>sabbatum,</strong></span> 
     </span>
    </p>
   </div>
   <div class='ocr_carea' id='block_1_98' title="bbox 2177 3716 3772 3799">
    <p class='ocr_par' dir='ltr' id='par_1_98' title="bbox 2177 3716 3772 3799">
     <span class='ocr_line' id='line_1_98' title="bbox 2177 3716 3772 3799; baseline 0.007 -27"><span class='ocrx_word' id='word_1_763' title='bbox 2177 3716 2268 3772; x_wconf 86' lang='lat' dir='ltr'><strong>sed</strong></span> <span class='ocrx_word' id='word_1_764' title='bbox 2292 3724 2339 3771; x_wconf 89' lang='lat' dir='ltr'><strong>et</strong></span> <span class='ocrx_word' id='word_1_765' title='bbox 2377 3724 2572 3787; x_wconf 79' lang='lat' dir='ltr'><strong>patrem</strong></span> <span class='ocrx_word' id='word_1_766' title='bbox 2608 3734 2757 3773; x_wconf 88' lang='lat' dir='ltr'><strong>suum</strong></span> <span class='ocrx_word' id='word_1_767' title='bbox 2784 3721 2978 3776; x_wconf 87' lang='lat' dir='ltr'><strong>dicebat</strong></span> <span class='ocrx_word' id='word_1_768' title='bbox 3010 3719 3175 3777; x_wconf 86' lang='lat' dir='ltr'><strong>Deum</strong></span> <span class='ocrx_word' id='word_1_769' title='bbox 3194 3764 3209 3794; x_wconf 91' lang='lat'><strong>,</strong></span> <span class='ocrx_word' id='word_1_770' title='bbox 3238 3725 3485 3795; x_wconf 77' lang='lat' dir='ltr'><strong>cequalem</strong></span> <span class='ocrx_word' id='word_1_771' title='bbox 3504 3742 3560 3781; x_wconf 88' lang='lat' dir='ltr'><strong>se</strong></span> <span class='ocrx_word' id='word_1_772' title='bbox 3581 3727 3772 3799; x_wconf 82' lang='lat' dir='ltr'><strong>faciens</strong></span> 
     </span>
    </p>
   </div>
   <div class='ocr_carea' id='block_1_99' title="bbox 2177 3805 3774 3887">
    <p class='ocr_par' dir='ltr' id='par_1_99' title="bbox 2177 3805 3774 3887">
     <span class='ocr_line' id='line_1_99' title="bbox 2177 3805 3774 3887; baseline 0.008 -24"><span class='ocrx_word' id='word_1_773' title='bbox 2177 3807 2292 3864; x_wconf 87' lang='lat' dir='ltr'><strong>Deo</strong></span> <span class='ocrx_word' id='word_1_774' title='bbox 2322 3822 2343 3862; x_wconf 91' lang='lat'><strong><em>:</em></strong></span> <span class='ocrx_word' id='word_1_775' title='bbox 2372 3805 2467 3861; x_wconf 89' lang='lat' dir='ltr'><strong>ubi</strong></span> <span class='ocrx_word' id='word_1_776' title='bbox 2504 3808 2635 3865; x_wconf 88' lang='lat' dir='ltr'><strong>satis</strong></span> <span class='ocrx_word' id='word_1_777' title='bbox 2674 3811 2972 3868; x_wconf 88' lang='lat' dir='ltr'><strong>ostenditur</strong></span> <span class='ocrx_word' id='word_1_778' title='bbox 3011 3828 3170 3885; x_wconf 87' lang='lat' dir='ltr'><strong>quam</strong></span> <span class='ocrx_word' id='word_1_779' title='bbox 3212 3830 3320 3871; x_wconf 91' lang='lat' dir='ltr'><strong>non</strong></span> <span class='ocrx_word' id='word_1_780' title='bbox 3363 3817 3594 3887; x_wconf 88' lang='lat' dir='ltr'><strong>usitate,</strong></span> <span class='ocrx_word' id='word_1_781' title='bbox 3636 3817 3774 3875; x_wconf 86' lang='lat' dir='ltr'><strong>sicut</strong></span> 
     </span>
    </p>
   </div>
   <div class='ocr_carea' id='block_1_100' title="bbox 2177 3902 3770 3980">
    <p class='ocr_par' dir='ltr' id='par_1_100' title="bbox 2177 3902 3770 3980">
     <span class='ocr_line' id='line_1_100' title="bbox 2177 3902 3770 3980; baseline 0.004 -21"><span class='ocrx_word' id='word_1_782' title='bbox 2177 3902 2360 3959; x_wconf 90' lang='lat' dir='ltr'><strong>solent</strong></span> <span class='ocrx_word' id='word_1_783' title='bbox 2391 3902 2558 3960; x_wconf 90' lang='lat' dir='ltr'><strong>sancti</strong></span> <span class='ocrx_word' id='word_1_784' title='bbox 2599 3902 2846 3959; x_wconf 87' lang='lat' dir='ltr'><strong>homines</strong></span> <span class='ocrx_word' id='word_1_785' title='bbox 2885 3902 3067 3961; x_wconf 90' lang='lat' dir='ltr'><strong>dicere</strong></span> <span class='ocrx_word' id='word_1_786' title='bbox 3089 3946 3105 3972; x_wconf 95' lang='lat'><strong>,</strong></span> <span class='ocrx_word' id='word_1_787' title='bbox 3149 3906 3347 3962; x_wconf 82' lang='lat' dir='ltr'><strong>dixerit</strong></span> <span class='ocrx_word' id='word_1_788' title='bbox 3380 3918 3587 3980; x_wconf 86' lang='lat' dir='ltr'><strong>patrem</strong></span> <span class='ocrx_word' id='word_1_789' title='bbox 3617 3924 3770 3966; x_wconf 83' lang='lat' dir='ltr'><strong>suum</strong></span> 
     </span>
    </p>
   </div>
   <div class='ocr_carea' id='block_1_101' title="bbox 2178 3995 3772 4076">
    <p class='ocr_par' dir='ltr' id='par_1_101' title="bbox 2178 3995 3772 4076">
     <span class='ocr_line' id='line_1_101' title="bbox 2178 3995 3772 4076; baseline 0.004 -25"><span class='ocrx_word' id='word_1_790' title='bbox 2178 3995 2383 4065; x_wconf 90' lang='lat' dir='ltr'><strong>Deum,</strong></span> <span class='ocrx_word' id='word_1_791' title='bbox 2433 3996 2528 4053; x_wconf 88' lang='lat' dir='ltr'><strong>sed</strong></span> <span class='ocrx_word' id='word_1_792' title='bbox 2574 3995 2717 4067; x_wconf 90' lang='lat' dir='ltr'><strong>quod</strong></span> <span class='ocrx_word' id='word_1_793' title='bbox 2764 3997 2814 4051; x_wconf 91' lang='lat' dir='ltr'><strong>ei</strong></span> <span class='ocrx_word' id='word_1_794' title='bbox 2860 3995 2931 4053; x_wconf 90' lang='lat' dir='ltr'><strong>sit</strong></span> <span class='ocrx_word' id='word_1_795' title='bbox 2969 3998 3190 4069; x_wconf 76' lang='lat' dir='ltr'><strong>aequalis</strong></span> <span class='ocrx_word' id='word_1_796' title='bbox 3233 3999 3551 4057; x_wconf 85' lang='lat' dir='ltr'><strong>insinuans:</strong></span> <span class='ocrx_word' id='word_1_797' title='bbox 3577 4017 3772 4076; x_wconf 82' lang='lat' dir='ltr'><strong>quippe</strong></span> 
     </span>
    </p>
   </div>
   <div class='ocr_carea' id='block_1_102' title="bbox 2177 4088 3768 4161">
    <p class='ocr_par' dir='ltr' id='par_1_102' title="bbox 2177 4088 3768 4161">
     <span class='ocr_line' id='line_1_102' title="bbox 2177 4088 3768 4161; baseline 0.005 -18"><span class='ocrx_word' id='word_1_798' title='bbox 2177 4089 2335 4160; x_wconf 83' lang='lat' dir='ltr'><strong>paulo</strong></span> <span class='ocrx_word' id='word_1_799' title='bbox 2363 4089 2609 4161; x_wconf 86' lang='lat' dir='ltr'><strong>superius</strong></span> <span class='ocrx_word' id='word_1_800' title='bbox 2652 4088 2861 4145; x_wconf 87' lang='lat' dir='ltr'><strong>dixerat</strong></span> <span class='ocrx_word' id='word_1_801' title='bbox 2908 4091 2986 4147; x_wconf 89' lang='lat' dir='ltr'><strong>eis</strong></span> <span class='ocrx_word' id='word_1_802' title='bbox 3027 4091 3095 4148; x_wconf 90' lang='lat' dir='ltr'><strong>de</strong></span> <span class='ocrx_word' id='word_1_803' title='bbox 3131 4092 3354 4150; x_wconf 88' lang='lat' dir='ltr'><strong>sabbato</strong></span> <span class='ocrx_word' id='word_1_804' title='bbox 3396 4094 3768 4151; x_wconf 80' lang='lat' dir='ltr'><strong>calumnianti-</strong></span> 
     </span>
    </p>
   </div>
   <div class='ocr_carea' id='block_1_103' title="bbox 2178 4179 3767 4260">
    <p class='ocr_par' dir='ltr' id='par_1_103' title="bbox 2178 4179 3767 4260">
     <span class='ocr_line' id='line_1_103' title="bbox 2178 4179 3767 4260; baseline 0.006 -25"><span class='ocrx_word' id='word_1_805' title='bbox 2178 4180 2277 4237; x_wconf 89' lang='lat' dir='ltr'><strong>bus</strong></span> <span class='ocrx_word' id='word_1_806' title='bbox 2294 4222 2309 4249; x_wconf 92' lang='lat'><strong>,</strong></span> <span class='ocrx_word' id='word_1_807' title='bbox 2352 4179 2511 4236; x_wconf 86' lang='lat' dir='ltr'><strong>Pater</strong></span> <span class='ocrx_word' id='word_1_808' title='bbox 2535 4198 2677 4236; x_wconf 83' lang='lat' dir='ltr'><strong>meus</strong></span> <span class='ocrx_word' id='word_1_809' title='bbox 2704 4198 2863 4252; x_wconf 85' lang='lat' dir='ltr'><strong>usque</strong></span> <span class='ocrx_word' id='word_1_810' title='bbox 2897 4183 3049 4237; x_wconf 88' lang='lat' dir='ltr'><strong>modo</strong></span> <span class='ocrx_word' id='word_1_811' title='bbox 3074 4193 3344 4256; x_wconf 85' lang='lat' dir='ltr'><strong>operatur,</strong></span> <span class='ocrx_word' id='word_1_812' title='bbox 3376 4194 3424 4240; x_wconf 86' lang='lat' dir='ltr'><strong>et</strong></span> <span class='ocrx_word' id='word_1_813' title='bbox 3448 4202 3539 4258; x_wconf 85' lang='lat' dir='ltr'><strong>ego</strong></span> <span class='ocrx_word' id='word_1_814' title='bbox 3565 4203 3767 4260; x_wconf 85' lang='lat' dir='ltr'><strong>operor.</strong></span> 
     </span>
    </p>
   </div>
   <div class='ocr_carea' id='block_1_104' title="bbox 2177 4269 3765 4347">
    <p class='ocr_par' dir='ltr' id='par_1_104' title="bbox 2177 4269 3765 4347">
     <span class='ocr_line' id='line_1_104' title="bbox 2177 4269 3765 4347; baseline 0.005 -22"><span class='ocrx_word' id='word_1_815' title='bbox 2177 4269 2253 4326; x_wconf 90' lang='lat' dir='ltr'><strong>lbi</strong></span> <span class='ocrx_word' id='word_1_816' title='bbox 2281 4283 2620 4341; x_wconf 83' lang='lat' dir='ltr'><strong>exarserunt,</strong></span> <span class='ocrx_word' id='word_1_817' title='bbox 2643 4289 2749 4329; x_wconf 92' lang='lat' dir='ltr'><strong>non</strong></span> <span class='ocrx_word' id='word_1_818' title='bbox 2776 4274 2900 4345; x_wconf 90' lang='lat' dir='ltr'><strong>quia</strong></span> <span class='ocrx_word' id='word_1_819' title='bbox 2930 4282 3134 4346; x_wconf 89' lang='lat' dir='ltr'><strong>patrem</strong></span> <span class='ocrx_word' id='word_1_820' title='bbox 3162 4290 3317 4332; x_wconf 91' lang='lat' dir='ltr'><strong>suum</strong></span> <span class='ocrx_word' id='word_1_821' title='bbox 3340 4275 3547 4335; x_wconf 88' lang='lat' dir='ltr'><strong>diceret</strong></span> <span class='ocrx_word' id='word_1_822' title='bbox 3571 4278 3765 4347; x_wconf 88' lang='lat' dir='ltr'><strong>Deum;</strong></span> 
     </span>
    </p>
   </div>
   <div class='ocr_carea' id='block_1_105' title="bbox 2178 4361 3769 4438">
    <p class='ocr_par' dir='ltr' id='par_1_105' title="bbox 2178 4361 3769 4438">
     <span class='ocr_line' id='line_1_105' title="bbox 2178 4361 3769 4438; baseline 0.004 -20"><span class='ocrx_word' id='word_1_823' title='bbox 2178 4361 2275 4418; x_wconf 87' lang='lat' dir='ltr'><strong>sed</strong></span> <span class='ocrx_word' id='word_1_824' title='bbox 2301 4364 2445 4434; x_wconf 91' lang='lat' dir='ltr'><strong>quod</strong></span> <span class='ocrx_word' id='word_1_825' title='bbox 2488 4364 2537 4419; x_wconf 90' lang='lat' dir='ltr'><strong>ei</strong></span> <span class='ocrx_word' id='word_1_826' title='bbox 2576 4364 2798 4435; x_wconf 64' lang='lat' dir='ltr'><strong>aequalis</strong></span> <span class='ocrx_word' id='word_1_827' title='bbox 2837 4365 2999 4420; x_wconf 89' lang='lat' dir='ltr'><strong>vellet</strong></span> <span class='ocrx_word' id='word_1_828' title='bbox 3035 4366 3283 4438; x_wconf 78' lang='lat' dir='ltr'><strong>intelligi,</strong></span> <span class='ocrx_word' id='word_1_829' title='bbox 3314 4367 3579 4437; x_wconf 90' lang='lat' dir='ltr'><strong>dicendo,</strong></span> <span class='ocrx_word' id='word_1_830' title='bbox 3615 4368 3769 4425; x_wconf 80' lang='lat' dir='ltr'><strong>Pater</strong></span> 
     </span>
    </p>
   </div>
   <div class='ocr_carea' id='block_1_106' title="bbox 2177 4455 3766 4531">
    <p class='ocr_par' dir='ltr' id='par_1_106' title="bbox 2177 4455 3766 4531">
     <span class='ocr_line' id='line_1_106' title="bbox 2177 4455 3766 4531; baseline 0.005 -23"><span class='ocrx_word' id='word_1_831' title='bbox 2177 4470 2317 4511; x_wconf 85' lang='lat' dir='ltr'><strong>meus</strong></span> <span class='ocrx_word' id='word_1_832' title='bbox 2339 4471 2497 4526; x_wconf 84' lang='lat' dir='ltr'><strong>usque</strong></span> <span class='ocrx_word' id='word_1_833' title='bbox 2525 4455 2674 4510; x_wconf 89' lang='lat' dir='ltr'><strong>modo</strong></span> <span class='ocrx_word' id='word_1_834' title='bbox 2701 4467 2968 4528; x_wconf 84' lang='lat' dir='ltr'><strong>operatur,</strong></span> <span class='ocrx_word' id='word_1_835' title='bbox 2998 4466 3043 4513; x_wconf 89' lang='lat' dir='ltr'><strong>et</strong></span> <span class='ocrx_word' id='word_1_836' title='bbox 3064 4474 3153 4530; x_wconf 87' lang='lat' dir='ltr'><strong>ego</strong></span> <span class='ocrx_word' id='word_1_837' title='bbox 3179 4475 3363 4530; x_wconf 87' lang='lat' dir='ltr'><strong>operor</strong></span> <span class='ocrx_word' id='word_1_838' title='bbox 3389 4476 3402 4513; x_wconf 91' lang='lat'><strong>:</strong></span> <span class='ocrx_word' id='word_1_839' title='bbox 3435 4473 3766 4531; x_wconf 88' lang='lat' dir='ltr'><strong>consequens</strong></span> 
     </span>
    </p>
   </div>
   <div class='ocr_carea' id='block_1_107' title="bbox 2178 4545 3768 4619">
    <p class='ocr_par' dir='ltr' id='par_1_107' title="bbox 2178 4545 3768 4619">
     <span class='ocr_line' id='line_1_107' title="bbox 2178 4545 3768 4619; baseline 0.003 -17"><span class='ocrx_word' id='word_1_840' title='bbox 2178 4559 2298 4602; x_wconf 87' lang='lat' dir='ltr'><strong>esse</strong></span> <span class='ocrx_word' id='word_1_841' title='bbox 2323 4545 2632 4613; x_wconf 88' lang='lat' dir='ltr'><strong>ostendens,</strong></span> <span class='ocrx_word' id='word_1_842' title='bbox 2662 4555 2720 4612; x_wconf 86' lang='lat' dir='ltr'><strong>ut</strong></span> <span class='ocrx_word' id='word_1_843' title='bbox 2748 4547 3000 4618; x_wconf 88' lang='lat' dir='ltr'><strong>quoniam</strong></span> <span class='ocrx_word' id='word_1_844' title='bbox 3030 4548 3188 4604; x_wconf 87' lang='lat' dir='ltr'><strong>Pater</strong></span> <span class='ocrx_word' id='word_1_845' title='bbox 3212 4558 3466 4619; x_wconf 90' lang='lat' dir='ltr'><strong>operatur</strong></span> <span class='ocrx_word' id='word_1_846' title='bbox 3483 4591 3499 4612; x_wconf 96' lang='lat'><strong>,</strong></span> <span class='ocrx_word' id='word_1_847' title='bbox 3526 4559 3579 4607; x_wconf 89' lang='lat' dir='ltr'><strong>et</strong></span> <span class='ocrx_word' id='word_1_848' title='bbox 3604 4549 3768 4607; x_wconf 83' lang='lat' dir='ltr'><strong>Filius</strong></span> 
     </span>
    </p>
   </div>
   <div class='ocr_carea' id='block_1_108' title="bbox 2178 4638 3765 4712">
    <p class='ocr_par' dir='ltr' id='par_1_108' title="bbox 2178 4638 3765 4712">
     <span class='ocr_line' id='line_1_108' title="bbox 2178 4638 3765 4712; baseline 0.003 -19"><span class='ocrx_word' id='word_1_849' title='bbox 2178 4647 2461 4708; x_wconf 88' lang='lat' dir='ltr'><strong>operetur;</strong></span> <span class='ocrx_word' id='word_1_850' title='bbox 2510 4638 2633 4709; x_wconf 89' lang='lat' dir='ltr'><strong>quia</strong></span> <span class='ocrx_word' id='word_1_851' title='bbox 2678 4638 2839 4694; x_wconf 90' lang='lat' dir='ltr'><strong>Pater</strong></span> <span class='ocrx_word' id='word_1_852' title='bbox 2873 4641 2993 4695; x_wconf 75' lang='lat' dir='ltr'><strong>‘sme</strong></span> <span class='ocrx_word' id='word_1_853' title='bbox 3035 4639 3173 4696; x_wconf 87' lang='lat' dir='ltr'><strong>Filio</strong></span> <span class='ocrx_word' id='word_1_854' title='bbox 3209 4655 3317 4696; x_wconf 91' lang='lat' dir='ltr'><strong>non</strong></span> <span class='ocrx_word' id='word_1_855' title='bbox 3366 4650 3643 4712; x_wconf 89' lang='lat' dir='ltr'><strong>operatur.</strong></span> <span class='ocrx_word' id='word_1_856' title='bbox 3691 4642 3765 4698; x_wconf 89' lang='lat' dir='ltr'><strong>lbi</strong></span> 
     </span>
    </p>
   </div>
   <div class='ocr_carea' id='block_1_109' title="bbox 2179 4731 3791 4804">
    <p class='ocr_par' dir='ltr' id='par_1_109' title="bbox 2179 4731 3791 4804">
     <span class='ocr_line' id='line_1_109' title="bbox 2179 4731 3791 4804; baseline 0.002 -16"><span class='ocrx_word' id='word_1_857' title='bbox 2179 4732 2322 4788; x_wconf 90' lang='lat' dir='ltr'><strong>enim</strong></span> <span class='ocrx_word' id='word_1_858' title='bbox 2349 4741 2402 4787; x_wconf 89' lang='lat' dir='ltr'><strong>et</strong></span> <span class='ocrx_word' id='word_1_859' title='bbox 2421 4731 2582 4803; x_wconf 90' lang='lat' dir='ltr'><strong>paulo</strong></span> <span class='ocrx_word' id='word_1_860' title='bbox 2617 4744 2738 4803; x_wconf 89' lang='lat' dir='ltr'><strong>post</strong></span> <span class='ocrx_word' id='word_1_861' title='bbox 2762 4732 2864 4798; x_wconf 87' lang='lat' dir='ltr'><strong>ait,</strong></span> <span class='ocrx_word' id='word_1_862' title='bbox 2891 4732 3001 4804; x_wconf 90' lang='lat' dir='ltr'><strong>jam</strong></span> <span class='ocrx_word' id='word_1_863' title='bbox 3034 4733 3141 4790; x_wconf 89' lang='lat' dir='ltr'><strong>illis</strong></span> <span class='ocrx_word' id='word_1_864' title='bbox 3168 4734 3239 4790; x_wconf 90' lang='lat' dir='ltr'><strong>ob</strong></span> <span class='ocrx_word' id='word_1_865' title='bbox 3266 4733 3370 4791; x_wconf 90' lang='lat' dir='ltr'><strong>hoc</strong></span> <span class='ocrx_word' id='word_1_866' title='bbox 3388 4734 3791 4804; x_wconf 85' lang='lat' dir='ltr'><strong>irascentibus,~</strong></span> 
     </span>
    </p>
   </div>
   <div class='ocr_carea' id='block_1_110' title="bbox 2182 4824 3767 4900">
    <p class='ocr_par' dir='ltr' id='par_1_110' title="bbox 2182 4824 3767 4900">
     <span class='ocr_line' id='line_1_110' title="bbox 2182 4824 3767 4900; baseline 0 -18"><span class='ocrx_word' id='word_1_867' title='bbox 2182 4824 2522 4897; x_wconf 76' lang='lat' dir='ltr'><strong>Qutecumque</strong></span> <span class='ocrx_word' id='word_1_868' title='bbox 2550 4825 2681 4880; x_wconf 84' lang='lat' dir='ltr'><strong>enim</strong></span> <span class='ocrx_word' id='word_1_869' title='bbox 2701 4825 2788 4882; x_wconf 88' lang='lat' dir='ltr'><strong>ille</strong></span> <span class='ocrx_word' id='word_1_870' title='bbox 2807 4826 3010 4898; x_wconf 77' lang='lat' dir='ltr'><strong>fecerit,</strong></span> <span class='ocrx_word' id='word_1_871' title='bbox 3042 4827 3149 4883; x_wconf 70' lang='lat' dir='ltr'><strong>haec</strong></span> <span class='ocrx_word' id='word_1_872' title='bbox 3167 4837 3215 4883; x_wconf 87' lang='lat' dir='ltr'><strong>et</strong></span> <span class='ocrx_word' id='word_1_873' title='bbox 3235 4826 3406 4886; x_wconf 80' lang='lat' dir='ltr'><strong>Filius</strong></span> <span class='ocrx_word' id='word_1_874' title='bbox 3429 4829 3663 4885; x_wconf 86' lang='lat' dir='ltr'><strong>similiter</strong></span> <span class='ocrx_word' id='word_1_875' title='bbox 3688 4828 3767 4900; x_wconf 75' lang='lat' dir='ltr'><strong>{a-</strong></span> 
     </span>
    </p>
   </div>
   <div class='ocr_carea' id='block_1_111' title="bbox 2175 4910 3557 4990">
    <p class='ocr_par' dir='ltr' id='par_1_111' title="bbox 2175 4910 3557 4990">
     <span class='ocr_line' id='line_1_111' title="bbox 2175 4910 3557 4990; baseline -0.003 -17"><span class='ocrx_word' id='word_1_876' title='bbox 2175 4918 2243 4973; x_wconf 83' lang='lat' dir='ltr'><strong>cit</strong></span> <span class='ocrx_word' id='word_1_877' title='bbox 2269 4916 2381 4990; x_wconf 85' lang='lat' dir='ltr'><strong>(Id.</strong></span> <span class='ocrx_word' id='word_1_878' title='bbox 2409 4917 2485 4990; x_wconf 91' lang='lat' dir='ltr'><strong>v).</strong></span> <span class='ocrx_word' id='word_1_879' title='bbox 3548 4910 3557 4917; x_wconf 76' lang='grc'><em>’</em></span> 
     </span>
    </p>
   </div>
   <div class='ocr_carea' id='block_1_112' title="bbox 2249 5008 3764 5070">
    <p class='ocr_par' dir='ltr' id='par_1_112' title="bbox 2249 5008 3764 5070">
     <span class='ocr_line' id='line_1_112' title="bbox 2249 5008 3764 5070; baseline 0.003 -5"><span class='ocrx_word' id='word_1_880' title='bbox 2249 5009 2337 5067; x_wconf 81' lang='grc'><strong>15.</strong></span> <span class='ocrx_word' id='word_1_881' title='bbox 2382 5008 2509 5066; x_wconf 89' lang='lat' dir='ltr'><strong>Inde</strong></span> <span class='ocrx_word' id='word_1_882' title='bbox 2550 5009 2761 5067; x_wconf 88' lang='lat' dir='ltr'><strong>tandem</strong></span> <span class='ocrx_word' id='word_1_883' title='bbox 2796 5011 3075 5069; x_wconf 89' lang='lat' dir='ltr'><strong>descendit</strong></span> <span class='ocrx_word' id='word_1_884' title='bbox 3116 5011 3352 5070; x_wconf 89' lang='lat' dir='ltr'><strong>Joannes</strong></span> <span class='ocrx_word' id='word_1_885' title='bbox 3385 5011 3455 5069; x_wconf 90' lang='lat' dir='ltr'><strong>ad</strong></span> <span class='ocrx_word' id='word_1_886' title='bbox 3494 5013 3619 5069; x_wconf 91' lang='lat' dir='ltr'><strong>illos</strong></span> <span class='ocrx_word' id='word_1_887' title='bbox 3659 5023 3764 5070; x_wconf 87' lang='lat' dir='ltr'><strong>tres</strong></span> 
     </span>
    </p>
   </div>
   <div class='ocr_carea' id='block_1_113' title="bbox 2176 5103 3770 5179">
    <p class='ocr_par' dir='ltr' id='par_1_113' title="bbox 2176 5103 3770 5179">
     <span class='ocr_line' id='line_1_113' title="bbox 2176 5103 3770 5179; baseline 0.001 -18"><span class='ocrx_word' id='word_1_888' title='bbox 2176 5118 2297 5161; x_wconf 86' lang='lat' dir='ltr'><strong>cum</strong></span> <span class='ocrx_word' id='word_1_889' title='bbox 2324 5103 2513 5160; x_wconf 90' lang='lat' dir='ltr'><strong>eodem</strong></span> <span class='ocrx_word' id='word_1_890' title='bbox 2540 5104 2767 5161; x_wconf 89' lang='lat' dir='ltr'><strong>Domino</strong></span> <span class='ocrx_word' id='word_1_891' title='bbox 2796 5106 2848 5161; x_wconf 93' lang='lat' dir='ltr'><strong>in</strong></span> <span class='ocrx_word' id='word_1_892' title='bbox 2884 5114 3025 5162; x_wconf 90' lang='lat' dir='ltr'><strong>terra</strong></span> <span class='ocrx_word' id='word_1_893' title='bbox 3058 5105 3363 5178; x_wconf 86' lang='lat' dir='ltr'><strong>gradientes</strong></span> <span class='ocrx_word' id='word_1_894' title='bbox 3385 5148 3401 5175; x_wconf 92' lang='lat'><strong>,</strong></span> <span class='ocrx_word' id='word_1_895' title='bbox 3441 5116 3501 5162; x_wconf 89' lang='lat' dir='ltr'><strong>ut</strong></span> <span class='ocrx_word' id='word_1_896' title='bbox 3536 5106 3770 5179; x_wconf 89' lang='lat' dir='ltr'><strong>quinque</strong></span> 
     </span>
    </p>
   </div>
   <div class='ocr_carea' id='block_1_114' title="bbox 2176 5194 3774 5269">
    <p class='ocr_par' dir='ltr' id='par_1_114' title="bbox 2176 5194 3774 5269">
     <span class='ocr_line' id='line_1_114' title="bbox 2176 5194 3774 5269; baseline 0.001 -18"><span class='ocrx_word' id='word_1_897' title='bbox 2176 5194 2343 5251; x_wconf 92' lang='lat' dir='ltr'><strong>millia</strong></span> <span class='ocrx_word' id='word_1_898' title='bbox 2385 5194 2661 5251; x_wconf 87' lang='lat' dir='ltr'><strong>hominum</strong></span> <span class='ocrx_word' id='word_1_899' title='bbox 2707 5195 2932 5267; x_wconf 88' lang='lat' dir='ltr'><strong>panibus</strong></span> <span class='ocrx_word' id='word_1_900' title='bbox 2957 5198 3191 5269; x_wconf 88' lang='lat' dir='ltr'><strong>quinque</strong></span> <span class='ocrx_word' id='word_1_901' title='bbox 3215 5206 3502 5269; x_wconf 86' lang='lat' dir='ltr'><strong>pascantur</strong></span> <span class='ocrx_word' id='word_1_902' title='bbox 3529 5214 3544 5252; x_wconf 89' lang='lat'><strong>:</strong></span> <span class='ocrx_word' id='word_1_903' title='bbox 3576 5197 3667 5253; x_wconf 90' lang='lat' dir='ltr'><strong>ubi</strong></span> <span class='ocrx_word' id='word_1_904' title='bbox 3695 5206 3774 5252; x_wconf 87' lang='lat' dir='ltr'><strong>ta-</strong></span> 
     </span>
    </p>
   </div>
   <div class='ocr_carea' id='block_1_115' title="bbox 2175 5287 3769 5360">
    <p class='ocr_par' dir='ltr' id='par_1_115' title="bbox 2175 5287 3769 5360">
     <span class='ocr_line' id='line_1_115' title="bbox 2175 5287 3769 5360; baseline 0.001 -17"><span class='ocrx_word' id='word_1_905' title='bbox 2175 5301 2303 5344; x_wconf 91' lang='lat' dir='ltr'><strong>men</strong></span> <span class='ocrx_word' id='word_1_906' title='bbox 2322 5287 2471 5344; x_wconf 89' lang='lat' dir='ltr'><strong>solus</strong></span> <span class='ocrx_word' id='word_1_907' title='bbox 2497 5288 3038 5360; x_wconf 89' lang='lat' dir='ltr'><strong>commemoratquod</strong></span> <span class='ocrx_word' id='word_1_908' title='bbox 3064 5304 3188 5345; x_wconf 92' lang='lat' dir='ltr'><strong>eum</strong></span> <span class='ocrx_word' id='word_1_909' title='bbox 3214 5289 3416 5346; x_wconf 91' lang='lat' dir='ltr'><strong>vellent</strong></span> <span class='ocrx_word' id='word_1_910' title='bbox 3433 5303 3557 5346; x_wconf 91' lang='lat' dir='ltr'><strong>eum</strong></span> <span class='ocrx_word' id='word_1_911' title='bbox 3584 5302 3769 5360; x_wconf 84' lang='lat' dir='ltr'><strong>regem</strong></span> 
     </span>
    </p>
   </div>
   <div class='ocr_carea' id='block_1_116' title="bbox 2175 5380 3764 5453">
    <p class='ocr_par' dir='ltr' id='par_1_116' title="bbox 2175 5380 3764 5453">
     <span class='ocr_line' id='line_1_116' title="bbox 2175 5380 3764 5453; baseline -0.003 -14"><span class='ocrx_word' id='word_1_912' title='bbox 2175 5380 2388 5451; x_wconf 89' lang='lat' dir='ltr'><strong>facere,</strong></span> <span class='ocrx_word' id='word_1_913' title='bbox 2429 5382 2575 5439; x_wconf 90' lang='lat' dir='ltr'><strong>solus</strong></span> <span class='ocrx_word' id='word_1_914' title='bbox 2602 5381 2735 5453; x_wconf 89' lang='lat' dir='ltr'><strong>fugit</strong></span> <span class='ocrx_word' id='word_1_915' title='bbox 2758 5382 2810 5437; x_wconf 91' lang='lat' dir='ltr'><strong>in</strong></span> <span class='ocrx_word' id='word_1_916' title='bbox 2837 5392 3094 5438; x_wconf 90' lang='lat' dir='ltr'><strong>montem.</strong></span> <span class='ocrx_word' id='word_1_917' title='bbox 3134 5382 3250 5451; x_wconf 86' lang='lat' dir='ltr'><strong>Qua</strong></span> <span class='ocrx_word' id='word_1_918' title='bbox 3275 5383 3330 5438; x_wconf 94' lang='lat' dir='ltr'><strong>in</strong></span> <span class='ocrx_word' id='word_1_919' title='bbox 3359 5397 3420 5439; x_wconf 88' lang='lat' dir='ltr'><strong>re</strong></span> <span class='ocrx_word' id='word_1_920' title='bbox 3453 5380 3588 5438; x_wconf 84' lang='lat' dir='ltr'><strong>nihil</strong></span> <span class='ocrx_word' id='word_1_921' title='bbox 3630 5382 3764 5439; x_wconf 91' lang='lat' dir='ltr'><strong>mihi</strong></span> 
     </span>
    </p>
   </div>
   <div class='ocr_carea' id='block_1_117' title="bbox 2175 5473 3761 5542">
    <p class='ocr_par' dir='ltr' id='par_1_117' title="bbox 2175 5473 3761 5542">
     <span class='ocr_line' id='line_1_117' title="bbox 2175 5473 3761 5542; baseline 0 -12"><span class='ocrx_word' id='word_1_922' title='bbox 2175 5473 2318 5530; x_wconf 90' lang='lat' dir='ltr'><strong>aliud</strong></span> <span class='ocrx_word' id='word_1_923' title='bbox 2334 5474 2543 5531; x_wconf 90' lang='lat' dir='ltr'><strong>videtur</strong></span> <span class='ocrx_word' id='word_1_924' title='bbox 2558 5476 2790 5530; x_wconf 91' lang='lat' dir='ltr'><strong>animam</strong></span> <span class='ocrx_word' id='word_1_925' title='bbox 2813 5475 3127 5532; x_wconf 89' lang='lat' dir='ltr'><strong>rationalem</strong></span> <span class='ocrx_word' id='word_1_926' title='bbox 3147 5489 3488 5532; x_wconf 89' lang='lat' dir='ltr'><strong>commonere</strong></span> <span class='ocrx_word' id='word_1_927' title='bbox 3506 5475 3761 5542; x_wconf 89' lang='lat' dir='ltr'><strong>voluisse,</strong></span> 
     </span>
    </p>
   </div>
   <div class='ocr_carea' id='block_1_118' title="bbox 2175 5567 3762 5641">
    <p class='ocr_par' dir='ltr' id='par_1_118' title="bbox 2175 5567 3762 5641">
     <span class='ocr_line' id='line_1_118' title="bbox 2175 5567 3762 5641; baseline 0.002 -19"><span class='ocrx_word' id='word_1_928' title='bbox 2175 5567 2276 5623; x_wconf 90' lang='lat' dir='ltr'><strong>nisi</strong></span> <span class='ocrx_word' id='word_1_929' title='bbox 2310 5582 2376 5623; x_wconf 90' lang='lat' dir='ltr'><strong>eo</strong></span> <span class='ocrx_word' id='word_1_930' title='bbox 2403 5582 2462 5624; x_wconf 91' lang='lat' dir='ltr'><strong>se</strong></span> <span class='ocrx_word' id='word_1_931' title='bbox 2503 5576 2700 5624; x_wconf 69' lang='lat' dir='ltr'><strong>nostra:</strong></span> <span class='ocrx_word' id='word_1_932' title='bbox 2736 5568 2900 5624; x_wconf 91' lang='lat' dir='ltr'><strong>menti</strong></span> <span class='ocrx_word' id='word_1_933' title='bbox 2928 5568 3229 5640; x_wconf 85' lang='lat' dir='ltr'><strong>rationique</strong></span> <span class='ocrx_word' id='word_1_934' title='bbox 3254 5583 3482 5641; x_wconf 89' lang='lat' dir='ltr'><strong>regnare</strong></span> <span class='ocrx_word' id='word_1_935' title='bbox 3500 5609 3515 5636; x_wconf 91' lang='lat'><strong>,</strong></span> <span class='ocrx_word' id='word_1_936' title='bbox 3543 5583 3653 5640; x_wconf 87' lang='lat' dir='ltr'><strong>quo</strong></span> <span class='ocrx_word' id='word_1_937' title='bbox 3678 5577 3762 5625; x_wconf 90' lang='lat' dir='ltr'><strong>est</strong></span> 
     </span>
    </p>
   </div>
   <div class='ocr_carea' id='block_1_119' title="bbox 2176 5658 3762 5728">
    <p class='ocr_par' dir='ltr' id='par_1_119' title="bbox 2176 5658 3762 5728">
     <span class='ocr_line' id='line_1_119' title="bbox 2176 5658 3762 5728; baseline -0.001 -13"><span class='ocrx_word' id='word_1_938' title='bbox 2176 5658 2229 5715; x_wconf 91' lang='lat' dir='ltr'><strong>in</strong></span> <span class='ocrx_word' id='word_1_939' title='bbox 2256 5658 2521 5728; x_wconf 88' lang='lat' dir='ltr'><strong>excelsis,</strong></span> <span class='ocrx_word' id='word_1_940' title='bbox 2568 5658 2713 5715; x_wconf 91' lang='lat' dir='ltr'><strong>nulla</strong></span> <span class='ocrx_word' id='word_1_941' title='bbox 2745 5673 2867 5715; x_wconf 92' lang='lat' dir='ltr'><strong>cum</strong></span> <span class='ocrx_word' id='word_1_942' title='bbox 2915 5659 3220 5717; x_wconf 87' lang='lat' dir='ltr'><strong>hominibus</strong></span> <span class='ocrx_word' id='word_1_943' title='bbox 3263 5659 3637 5716; x_wconf 89' lang='lat' dir='ltr'><strong>communione</strong></span> <span class='ocrx_word' id='word_1_944' title='bbox 3665 5673 3762 5715; x_wconf 91' lang='lat' dir='ltr'><strong>na-</strong></span> 
     </span>
    </p>
   </div>
   <div class='ocr_carea' id='block_1_120' title="bbox 2176 5750 3763 5824">
    <p class='ocr_par' dir='ltr' id='par_1_120' title="bbox 2176 5750 3763 5824">
     <span class='ocr_line' id='line_1_120' title="bbox 2176 5750 3763 5824; baseline 0.001 -17"><span class='ocrx_word' id='word_1_945' title='bbox 2176 5760 2310 5807; x_wconf 72' lang='lat' dir='ltr'><strong>tura:</strong></span> <span class='ocrx_word' id='word_1_946' title='bbox 2332 5793 2349 5820; x_wconf 92' lang='lat'><strong>,</strong></span> <span class='ocrx_word' id='word_1_947' title='bbox 2388 5751 2571 5820; x_wconf 91' lang='lat' dir='ltr'><strong>solus,</strong></span> <span class='ocrx_word' id='word_1_948' title='bbox 2612 5751 2739 5823; x_wconf 89' lang='lat' dir='ltr'><strong>quia</strong></span> <span class='ocrx_word' id='word_1_949' title='bbox 2775 5751 2963 5809; x_wconf 79' lang='lat' dir='ltr'><strong>unicus</strong></span> <span class='ocrx_word' id='word_1_950' title='bbox 2987 5751 3133 5808; x_wconf 88' lang='lat' dir='ltr'><strong>Patri</strong></span> <span class='ocrx_word' id='word_1_951' title='bbox 3163 5768 3178 5806; x_wconf 89' lang='lat'><strong>:</strong></span> <span class='ocrx_word' id='word_1_952' title='bbox 3209 5750 3313 5808; x_wconf 87' lang='lat' dir='ltr'><strong>hoc</strong></span> <span class='ocrx_word' id='word_1_953' title='bbox 3347 5759 3527 5809; x_wconf 88' lang='lat' dir='ltr'><strong>autem</strong></span> <span class='ocrx_word' id='word_1_954' title='bbox 3560 5758 3763 5824; x_wconf 88' lang='lat' dir='ltr'><strong>myste-</strong></span> 
     </span>
    </p>
   </div>
   <div class='ocr_carea' id='block_1_121' title="bbox 2177 5843 3763 5913">
    <p class='ocr_par' dir='ltr' id='par_1_121' title="bbox 2177 5843 3763 5913">
     <span class='ocr_line' id='line_1_121' title="bbox 2177 5843 3763 5913; baseline -0.001 -7"><span class='ocrx_word' id='word_1_955' title='bbox 2177 5844 2319 5906; x_wconf 84' lang='lat' dir='ltr'><strong>rium</strong></span> <span class='ocrx_word' id='word_1_956' title='bbox 2342 5843 2595 5905; x_wconf 78' lang='lat' dir='ltr'><strong>deorsum</strong></span> <span class='ocrx_word' id='word_1_957' title='bbox 2622 5854 2871 5913; x_wconf 84' lang='lat' dir='ltr'><strong>repentcs</strong></span> <span class='ocrx_word' id='word_1_958' title='bbox 2894 5845 3137 5905; x_wconf 87' lang='lat' dir='ltr'><strong>carnales</strong></span> <span class='ocrx_word' id='word_1_959' title='bbox 3161 5844 3407 5905; x_wconf 86' lang='lat' dir='ltr'><strong>homines</strong></span> <span class='ocrx_word' id='word_1_960' title='bbox 3432 5844 3601 5912; x_wconf 66' lang='lat' dir='ltr'><strong>facit.</strong></span> <span class='ocrx_word' id='word_1_961' title='bbox 3638 5843 3763 5911; x_wconf 71' lang='lat' dir='ltr'><strong>quia</strong></span> 
     </span>
    </p>
   </div>
  </div>
