4076 6464
312 357 449 413 1223

312 469 462 525 ralde
482 464 702 522 sublime
721 472 828 529 est;
860 460 998 516 unde
1020 458 1145 515 illos
1170 467 1222 513 et
1251 460 1361 529 ipse
1382 456 1513 528 fugit
1537 458 1587 512 in
1611 467 1867 518 montem,

309 560 397 631 qui
440 572 659 627 regnum
703 555 816 625 ejus
860 562 1070 606 terreno
1107 551 1285 604 animo
1316 550 1689 618 requirebant;
1737 548 1878 601 unde

309 660 364 705 et
403 650 525 703 alibi
567 646 726 709 dicit,
775 644 1003 714 Regnum
1045 659 1207 695 meum
1245 658 1343 695 non
1376 641 1534 694 estde
1568 641 1662 692 hoc
1688 639 1876 692 mundo

312 739 487 808 (Joaa.
521 752 643 791 xvut
670 777 683 798 ,
717 735 806 805 56)
836 752 848 787 :
882 748 1048 803 neque
1073 733 1231 786 etiam
1258 730 1357 784 hoc
1380 731 1479 785 nisi
1517 730 1877 798 Joannesipse

312 835 726 891 commemorat,
779 826 952 877 volatu
978 821 1371 893 quodammodo
1407 820 1640 874 mt‘hereo
1688 835 1874 887 super-

308 920 548 975 eminens
582 916 766 978 terris,
796 925 848 969 et
868 908 1102 984 gaudens
1130 913 1248 966 luce
1268 911 1394 964 solis
1415 910 1650 978 iustitiae.
1684 910 1765 962 Ab
1788 910 1877 963 illo

309 1009 489 1063 itidem
538 1016 716 1059 monte
756 1013 872 1073 post
910 1003 1222 1056 miraculum
1268 1001 1334 1054 de
1375 1001 1605 1068 quinque
1651 1000 1873 1067 panibus

308 1098 523 1159 factum,
546 1112 666 1150 cum
695 1095 876 1149 iisdem
903 1094 1070 1147 tribus
1088 1092 1353 1162 paululum
1377 1099 1690 1147 remoratus.
1708 1089 1878 1143 donec

300 1204 454 1251 mare
476 1187 805 1247 transissent,
831 1183 1039 1252 quando
1058 1181 1343 1235 ambulavit
1362 1194 1520 1247 super
1546 1194 1727 1247 aquas,
1751 1195 1879 1232 con-

310 1282 455 1334 tinuo
484 1291 665 1330 rursus
693 1290 751 1328 se
782 1275 832 1326 in
862 1273 1079 1326 verbum
1112 1270 1317 1324 Domini
1346 1270 1555 1331 attollit,
1582 1284 1738 1338 quam
1769 1284 1880 1321 ma-

307 1385 490 1440 gnum,
514 1381 669 1434 quam
699 1350 989 1435 prolixum,
1014 1379 1168 1433 quam
1193 1362 1282 1415 diu
1306 1376 1591 1430 supernum
1621 1370 1674 1414 et
1700 1361 1879 1415 excel-

310 1476 447 1524 sum,
465 1470 528 1512 ex
550 1458 826 1511 occasione
850 1456 996 1525 panis
1017 1464 1278 1517 exortum,
1302 1468 1421 1506 cum
1442 1450 1662 1505 dixisset
1686 1450 1874 1515 turbis,

312 1552 499 1614 Amen,
531 1563 677 1601 amen
702 1547 812 1599 dico
851 1546 1014 1609 vobis,
1055 1544 1275 1613 quazritis
1304 1557 1413 1608 nte,
1446 1558 1544 1594 non
1578 1542 1696 1609 quia
1737 1541 1880 1611 signa

310 1638 535 1703 vidistis,
584 1637 673 1689 sed
716 1636 835 1706 quia
875 1635 1047 1689 edistis
1083 1634 1146 1687 de
1169 1633 1379 1703 panibus
1398 1673 1413 1695 ,
1454 1640 1499 1685 et
1527 1631 1697 1686 satiati
1722 1632 1837 1685 estis
1861 1646 1882 1685 :

309 1728 585 1799 operamini
651 1743 749 1779 non
802 1727 965 1779 cibum
1016 1724 1101 1795 qui
1168 1724 1332 1792 perit,
1389 1721 1476 1775 sed
1525 1722 1609 1787 qui
1678 1736 1879 1792 perma-

318 1829 407 1872 net
458 1819 510 1871 in
568 1819 717 1871 vitam
759 1827 995 1871 aeternam
1037 1832 1057 1869 :
1097 1823 1152 1869 et
1203 1814 1325 1868 inde
1362 1812 1470 1882 jam
1523 1813 1644 1866 talia
1699 1812 1883 1866 diutis-

314 1911 447 1963 sime
473 1917 633 1977 atque
671 1907 1048 1961 excelsissime.
1098 1905 1245 1959 Tunc
1277 1904 1343 1956 ab
1368 1903 1464 1956 ista
1490 1903 1637 1956 verbi
1665 1903 1881 1956 celsitu-

306 2001 430 2056 dine
450 2000 791 2065 ceciderunt,
823 1998 911 2068 qui
947 2005 1064 2067 post
1087 2012 1206 2050 eum
1234 1995 1485 2063 deinceps
1514 2006 1618 2047 non
1648 1993 1883 2046 ambula-

304 2100 537 2155 verunt;
565 2090 648 2143 cui
685 2104 811 2142 sane
849 2087 1205 2150 inliteserunt,
1245 2087 1335 2154 qui
1366 2091 1649 2152 potuerunt
1691 2082 1887 2137 intelli-

299 2195 444 2249 gere,
477 2178 710 2247 Spiritus
734 2186 806 2230 est
833 2176 917 2245 qui
940 2176 1173 2242 viviﬁcat,
1200 2188 1316 2224 caro
1334 2180 1499 2223 autent
1529 2170 1656 2224 nihil
1684 2170 1887 2241 prodest

302 2268 410 2335 (Id.
439 2267 529 2338 vs)
562 2285 576 2321 :
604 2268 721 2336 quia
749 2268 927 2334 utique
947 2276 997 2318 et
1022 2280 1115 2333 per
1131 2276 1345 2316 carnem
1362 2261 1580 2329 spiritus
1600 2262 1882 2330 prodest‘;

301 2367 353 2411 et
404 2357 481 2410 sol
503 2372 564 2411 us
608 2357 822 2425 spiritus
865 2355 1115 2425 prodest;
1156 2369 1281 2409 caro
1318 2363 1496 2409 autem
1540 2354 1656 2408 sine
1694 2352 1881 2421 spiritu

302 2449 429 2504 nihil
457 2448 703 2518 prodest.

369 2541 454 2596 16.
514 2539 715 2594 Deinde
739 2539 849 2593 suis
893 2536 1179 2602 fratribus,
1223 2535 1275 2590 id
1314 2542 1396 2589 est
1432 2533 1668 2603 cognatis
1710 2532 1888 2586 carnis

302 2649 409 2688 sua:
432 2675 447 2698 ,
474 2632 889 2701 suggerentibus
915 2640 975 2683 ut
1002 2629 1255 2683 ascendat
1279 2627 1343 2680 ad
1372 2626 1511 2681 diem
1539 2625 1750 2689 festum,
1782 2638 1886 2693 quo

305 2725 469 2793 possit
544 2723 874 2776 innotescere
927 2718 1292 2781 multitudini;
1363 2724 1556 2785 quanta
1610 2713 1888 2768 altitudine

306 2813 605 2882 respondit,
637 2810 855 2881 Tempus
884 2825 1046 2862 mcum
1071 2808 1508 2861 nondumadveuit
1530 2820 1550 2869 ;
1576 2814 1768 2874 tempus
1796 2820 1891 2856 au-

255 2892 259 2897 .
313 2911 657 2956 tem‘vestrum
685 2917 879 2968 semper
914 2909 987 2953 est
1016 2907 1270 2969 paratum.
1320 2895 1442 2949 Non
1482 2903 1641 2967 potest
1670 2893 1889 2946 mundus

312 2994 477 3045 odisse
502 3007 623 3055 vos;
664 3006 743 3043 me
768 3000 936 3042 autem
962 2988 1065 3042 odit
1090 3028 1106 3054 ,
1146 2988 1262 3057 quia
1288 3001 1377 3057 ego
1414 2985 1744 3039 testimonium
1774 3000 1892 3053 per-

314 3084 454 3137 lu'bco
477 3084 539 3137 dc
566 3082 674 3150 illo,
701 3082 818 3150 quia
846 3099 996 3152 opera
1012 3082 1124 3151 eius
1149 3078 1283 3132 mula
1308 3088 1423 3132 sunt
1444 3077 1465 3131 Ι
1496 3076 1607 3131 Hoc
1623 3086 1705 3131 est
1732 3091 1882 3147 ergo,

321 3174 536 3247 Tempus
563 3185 775 3228 vestrum
814 3190 1008 3242 semper
1045 3181 1117 3226 est
1160 3181 1424 3242 paratum.
1472 3168 1591 3239 quia
1625 3182 1720 3220 vos
1748 3167 1887 3222 diem

316 3266 473 3320 istum
501 3266 869 3334 concupiscitis
891 3307 907 3330 ,
938 3266 1006 3319 de
1032 3280 1135 3333 quo
1161 3263 1416 3332 propheta
1444 3261 1610 3326 dicit,
1651 3258 1762 3330 Ego
1792 3278 1890 3314 au-

314 3365 411 3408 tem
444 3372 544 3407 non
586 3355 805 3408 laboravi
837 3354 1137 3424 subsequens
1163 3362 1209 3405 te
1231 3393 1244 3416 ,
1275 3351 1490 3403 Domine
1516 3364 1537 3402 :
1565 3358 1609 3402 et
1632 3350 1763 3402 diem
1796 3351 1893 3403 ho-

316 3444 467 3497 minis
505 3461 606 3496 non
642 3445 904 3514 concupiui
922 3458 941 3506 ;
980 3452 1034 3496 tu
1074 3442 1171 3496 scis
1213 3440 1424 3508 (Jerem.
1455 3453 1596 3503 xvn,
1628 3437 1717 3511 16)
1753 3458 1765 3493 :
1794 3441 1896 3496 hoc

315 3542 392 3587 est
418 3534 595 3588 volare
621 3534 687 3588 ad
711 3535 876 3589 lucem
904 3535 1079 3599 Verbi,
1109 3543 1162 3587 et
1186 3532 1563 3601 concupiscere
1590 3532 1735 3589 illum
1752 3537 1891 3590 diem

314 3642 471 3695 quem
512 3625 692 3680 videre
737 3627 1034 3694 concupivit
1068 3628 1329 3682 Abraham
1354 3639 1443 3694 ,et
1480 3631 1628 3695 vidit,
1660 3639 1715 3686 et
1750 3635 1897 3702 gavi-

317 3734 406 3771 sus
433 3726 517 3772 est
544 3717 719 3787 (Joan.
752 3735 861 3781 vtu,
888 3719 1001 3789 56).
1034 3720 1157 3773 lude
1178 3719 1288 3788 jam
1306 3721 1371 3775 ad
1393 3721 1534 3775 diem
1559 3722 1751 3778 festum
1775 3742 1896 3781 cum

318 3808 646 3869 ascendisset
674 3810 725 3861 in
756 3810 1007 3878 templum
1030 3851 1045 3875 ,
1071 3827 1190 3880 qua:
1220 3812 1368 3865 illum
1396 3813 1633 3869 Joannes
1662 3822 1894 3873 locutum

319 3912 440 3952 esse
486 3908 905 3962 commemorat,
946 3916 1103 3970 quam
1148 3903 1444 3971 mirabilia,
1493 3924 1649 3976 quam
1694 3908 1894 3977 divina,

324 4003 480 4057 quam
504 3988 714 4043 excelsa
739 3991 752 4043 l
782 3989 922 4059 quod
943 3991 1042 4059 ipsi
1066 3994 1245 4047 venire
1265 4010 1371 4051 non
1395 4006 1613 4065 possent
1632 4014 1736 4067 quo
1757 4011 1898 4055 esset

323 4077 526 4143 iturus;
558 4079 699 4148 quod
720 4088 775 4133 et
798 4080 967 4148 ipsum
991 4092 1224 4145 nossent.
1257 4094 1311 4138 et
1332 4086 1470 4142 unde
1497 4096 1640 4143 esset
1659 4090 1853 4144 scirent
1881 4108 1895 4152 ;

321 4177 375 4223 et
402 4180 546 4225 esset
585 4187 740 4224 verus
770 4172 858 4241 qui
885 4188 1006 4226 eum
1036 4174 1272 4241 miserit,
1303 4193 1459 4246 quem
1490 4179 1563 4233 illi
1589 4183 1891 4239 nescirent:

323 4268 573 4328 tanquam
604 4260 842 4324 diceret,
887 4262 955 4315 Et
999 4264 1139 4318 unde
1180 4266 1278 4319 sim
1318 4267 1500 4335 scitis,
1551 4277 1603 4323 et
1634 4270 1771 4325 unde
1795 4274 1894 4326 sim

325 4350 562 4403 nescitis.
608 4350 722 4416 Quo
747 4351 870 4420 quid
902 4353 1041 4406 aliud
1070 4354 1233 4407 voluit
1265 4356 1481 4426 intelligi
1508 4398 1523 4423 ,
1575 4361 1675 4413 nisi
1705 4378 1895 4417 secun-

326 4438 448 4491 dum
475 4454 685 4493 carnem
714 4449 893 4494 notum
920 4456 978 4496 se
1007 4442 1110 4495 illis
1135 4457 1253 4498 esse
1283 4445 1515 4513 potuisse
1539 4488 1553 4510 ,
1586 4457 1639 4501 et
1661 4460 1896 4517 gentem.

324 4539 378 4582 ct
409 4533 628 4599 patriam
650 4534 709 4597 ';
756 4533 1045 4587 secundum
1082 4534 1406 4589 divinitatem
1441 4552 1617 4593 autem
1660 4543 1899 4609 incogni-

328 4622 482 4675 tum?
538 4620 613 4675 ibi
656 4623 818 4677 etiam
861 4623 929 4677 de
973 4623 1115 4677 dono
1155 4625 1383 4692 Spiritus
1433 4630 1599 4682 sancti
1652 4632 1895 4699 locutus,

326 4711 560 4764 ostendit
598 4712 715 4779 quis
740 4723 920 4777 esset,
972 4713 1184 4783 quando
1210 4730 1403 4769 munus
1428 4718 1743 4776 altissimum
1772 4721 1900 4778 dare

328 4802 584 4869 potuisset
614 4798 722 4872 (Id.
759 4803 873 4872 vn).
1829 4870 1831 4873 η

398 4891 486 4944 17.
531 4888 734 4944 Rursus
779 4893 903 4946 illuc
937 4893 1004 4949 de
1031 4895 1217 4952 Oliveti
1262 4908 1440 4954 monte
1484 4901 1894 4971 regredientem,

330 4997 446 5049 quas
474 4990 530 5038 et
552 4992 745 5053 quanta
778 4995 955 5041 narrat
982 4988 1234 5052 locutum,
1265 5002 1386 5062 post
1412 4996 1618 5048 veniam
1646 4995 1718 5050 illi
1747 4996 1896 5051 adul-

333 5081 459 5129 tera:
486 5075 661 5129 datam
681 5118 695 5140 ,
727 5093 843 5146 qtae
872 5080 1013 5134 velut
1048 5081 1325 5151 lapidanda
1355 5085 1528 5139 oblata
1557 5086 1629 5141 illi
1654 5102 1683 5141 a
1723 5096 1900 5142 tenta—

334 5163 536 5219 toribus
561 5165 727 5220 fuerat
751 5184 766 5233 ;
794 5169 1005 5237 quando
1032 5171 1196 5242 digito
1215 5173 1477 5229 scribebat
1513 5176 1566 5230 in
1596 5186 1756 5242 terra,
1786 5187 1905 5231 tan-

333 5269 488 5325 quam
517 5256 633 5311 illos
663 5259 794 5313 tales
822 5260 871 5314 in
901 5271 1038 5316 terra
1077 5265 1388 5320 scribendos
1413 5268 1733 5336 signiﬁcaret
1754 5311 1768 5332 ,
1798 5286 1903 5324 non

336 5345 388 5398 in
412 5348 548 5403 caelo
570 5390 585 5413 ,
614 5350 700 5404 ubi
728 5354 933 5407 monuit
958 5355 1247 5426 discipulos
1274 5374 1334 5413 se
1359 5360 1584 5428 scriptos
1623 5378 1741 5416 esse
1766 5379 1899 5433 gau-

338 5435 521 5494 derent
545 5440 691 5510 (Luc.
720 5459 781 5508 x,
810 5444 935 5515 20);
976 5454 1063 5500 aut
1090 5447 1230 5516 quod
1264 5463 1322 5504 sc
1358 5448 1684 5506 humiliando
1706 5493 1721 5519 ,
1760 5453 1900 5521 quod

336 5594 524 5714 Ρνὲίῗέἓι
555 5596 603 5644 in
624 5597 973 5659 septemdecim
1010 5607 1115 5650 Mss.
1142 5608 1198 5652 At
1241 5603 1288 5652 in
1312 5603 1471 5665 editis,
1494 5612 1540 5657 et
1561 5604 1697 5657 cami
1716 5605 1911 5671 spiritus

400 5718 420 5748 ³
443 5725 513 5766 Er.
539 5719 685 5781 Lugd.
704 5728 821 5769 Ven.
841 5728 971 5781 l.ov.,
995 5728 1040 5772 et
1061 5729 1197 5787 gente
1218 5728 1263 5775 et
1286 5725 1461 5789 patria.
1486 5734 1542 5778 Μ.

611 5800 835 5863 Ssacr.
871 5805 1142 5864 Anausr.
1172 5806 1280 5867 IlI.

1657 340 1854 398 LIBER
1890 340 2208 400 TERTIUS.

3412 351 3546 406 5226

1975 456 2160 525 capitis
2202 456 2539 513 inclinatione
2567 459 2927 524 monstrabat,
2967 460 3115 532 signa
3139 462 3191 516 in
3220 470 3358 518 terra
3403 465 3546 523 face-

1980 556 2094 611 ret;
2137 556 2228 601 aut
2256 549 2395 618 quod
2420 550 2527 619 jam
2556 559 2761 620 tempus
2785 562 2925 606 esset
2957 561 3012 607 ut
3038 553 3088 606 iu
3128 562 3264 609 terra
3294 570 3411 625 qua:
3435 556 3546 612 fru-

1981 646 2123 690 ctum
2150 637 2319 701 daret,
2349 654 2452 692 non
2481 641 2533 693 in
2563 641 2732 710 lapide
2758 642 2942 705 sterili,
2966 643 3100 697 sicut
3121 653 3295 707 antea.
3321 646 3403 701 lex
3434 647 3549 716 ejus
3568 641 3589 659 ⁸

1979 730 2429 783 conscriberetur!
2461 730 2599 798 Ergo
2627 740 2742 799 post
2766 731 2882 787 ltzrc
2903 733 3073 786 lucem
3102 735 3282 788 mundi
3312 750 3370 790 se
3395 737 3547 802 dixit,

1982 828 2036 872 ct
2061 819 2149 887 qui
2178 835 2297 871 eum
2327 830 2635 886 sequeretur
2655 836 2759 875 non
2792 822 3179 876 ambulaturum
3207 824 3256 877 in
3293 826 3546 890 tenebris,

1983 908 2075 961 sed
2108 907 2410 961 habiturum
2442 910 2613 963 lucem
2645 910 2784 964 vitas.
2831 911 2969 965 Dixit
2989 913 3144 965 etiam
3170 928 3228 968 se
3253 929 3371 969 esse
3402 915 3549 983 prin-

1982 997 2177 1066 cipium
2200 1038 2214 1061 ,
2243 998 2380 1066 quod
2409 1007 2462 1052 et
2499 999 2800 1067 loqueretur
2840 1002 2937 1054 eis.
2983 1001 3097 1067 Quo
3122 1004 3338 1058 nomine
3373 1007 3553 1074 utique

1984 1106 2041 1143 se
2064 1089 2307 1143 distinxit
2335 1090 2401 1143 ab
2429 1090 2515 1143 illa
2542 1090 2659 1145 luce
2689 1107 2845 1159 quam
2878 1092 3001 1146 fecit
3022 1132 3037 1154 ,
3068 1102 3315 1163 tanquam
3346 1096 3435 1150 lux
3461 1112 3556 1166 per

1985 1194 2140 1248 quam
2166 1179 2305 1233 facta
2328 1189 2450 1234 sunt
2475 1181 2649 1235 omnia
2685 1200 2697 1235 :
2727 1192 2784 1235 ut
2818 1182 2946 1235 illud
2975 1184 3115 1252 quod
3144 1200 3203 1239 se
3230 1185 3438 1241 dixerat
3478 1187 3560 1241 lu-

1984 1284 2099 1323 cem
2150 1269 2366 1335 mundi,
2400 1285 2505 1323 non
2553 1272 2629 1325 sic
2652 1271 2977 1341 acciperetur
3001 1275 3448 1342 quemadmodum
3477 1277 3559 1332 di-

1985 1358 2200 1426 scipulis
2225 1358 2339 1423 ait,
2383 1359 2481 1414 Vos
2503 1361 2620 1414 estis
2646 1362 2737 1414 tux
2773 1364 2966 1415 mundi.
3012 1364 3091 1418 Illi
3120 1367 3261 1421 enim
3307 1378 3557 1437 tanquam

1985 1448 2200 1503 lucerna
2227 1491 2241 1513 ,
2266 1466 2384 1519 qua:
2412 1466 2515 1504 non
2547 1461 2630 1506 est
2665 1453 2904 1521 ponenda
2931 1456 3030 1508 sub
3055 1456 3252 1519 modio,
3276 1457 3368 1512 sed
3399 1473 3562 1530 super

1986 1538 2362 1594 candelabrum
2390 1540 2598 1612 (Matth.
2631 1557 2666 1596 v
2691 1583 2707 1607 ,
2750 1544 2837 1609 H,
2870 1543 2959 1615 15)
2980 1583 2997 1611 ,
3030 1544 3166 1601 sicut
3189 1557 3243 1602 et
3264 1547 3332 1603 de
3357 1547 3564 1606 Joanne

1986 1628 2255 1699 Baptista,
2300 1629 2398 1684 Ille
2436 1639 2573 1698 erat,
2620 1632 2824 1703 inquit,
2876 1634 3078 1689 lucerna
3114 1638 3297 1692 ardens
3322 1648 3367 1692 et
3392 1641 3563 1695 lucens

1992 1719 2167 1791 (Jaan.
2200 1736 2267 1786 v,
2296 1721 2388 1789 '55)
2428 1738 2441 1774 :
2484 1722 2578 1777 sed
2629 1725 2740 1793 ipse
2782 1725 2918 1779 sicut
2958 1726 3303 1796 principium,
3344 1729 3411 1783 dc
3452 1746 3560 1799 quo

1988 1810 2185 1863 dictum
2210 1819 2293 1865 est
2312 1851 2327 1877 ,
2377 1809 2489 1865 Nos
2513 1829 2681 1867 omnes
2706 1814 2769 1866 de
2810 1814 3118 1885 plenitudine
3142 1816 3252 1885 ejus
3280 1819 3561 1888 accepimus

1990 1897 2099 1972 (Id.
2134 1915 2170 1956 ι.
2202 1900 2315 1971 16).
2346 1899 2417 1954 lbi
2444 1901 2576 1955 dixit
2598 1918 2657 1956 se
2682 1904 2871 1957 Filium
2898 1920 3015 1958 esse
3043 1907 3319 1961 veritatem
3346 1908 3364 1939 ί
3390 1949 3405 1973 ,
3443 1924 3565 1980 quae

1989 1989 2093 2042 nisi
2119 1990 2458 2057 liberaverit,
2487 2007 2647 2045 nemo
2672 1994 2773 2047 erit
2802 1994 2933 2048 liber
2954 1993 3063 2062 (Id.
3087 2011 3211 2061 vut,
3243 1998 3423 2068 1-56).

2064 2080 2151 2133 18.
2202 2080 2329 2134 Inde
2373 2091 2711 2151 posteaquam
2754 2083 3122 2138 illuminavita
3158 2086 3430 2141 nativitate
3454 2102 3569 2142 cat-

1992 2183 2112 2222 cnm
2136 2209 2150 2233 ,
2183 2185 2246 2221 ex
2280 2170 2391 2237 ipsa
2418 2172 2696 2224 occasione
2727 2172 2778 2224 in
2821 2173 3026 2240 prolixo
3054 2175 3169 2241 ejus
3200 2189 3444 2230 sermone
3467 2177 3567 2232 de-

1994 2270 2232 2314 moratur
2255 2260 2505 2321 Joannes,
2538 2261 2605 2316 de
2633 2262 2841 2328 ovibus,
2873 2273 2927 2318 et
2948 2248 3196 2333 pastore,
3225 2275 3279 2319 et
3305 2266 3483 2336 jauua,
3513 2277 3570 2324 et

1993 2352 2058 2406 de
2091 2361 2350 2421 potestate
2370 2354 2600 2422 ponendi
2625 2354 2852 2407 animam
2868 2371 3015 2409 suam
3037 2364 3091 2409 et
3113 2357 3300 2411 iterum
3325 2360 3569 2414 sumendi

1993 2459 2135 2508 eam,
2166 2444 2217 2496 in
2247 2460 2352 2513 quo
2378 2446 2877 2499 excellentissimam
2902 2455 3215 2514 potestatem
3240 2463 3353 2502 sua:
3378 2449 3571 2504 divini-

1996 2534 2117 2587 tatis
2157 2534 2408 2587 ostendit.
2456 2534 2578 2589 lnde
2603 2550 2724 2588 cum
2760 2535 3001 2588 Enca‘nia
3028 2537 3079 2589 in
3106 2536 3450 2608 Jerosolymis
3479 2538 3574 2595 lle.

1994 2632 2147 2687 rent,
2179 2632 2560 2678 comitiemorat
2588 2626 2634 2678 ei
2659 2626 2856 2678 dixisse
2880 2625 3091 2679 Judaeos
3117 2643 3129 2678 :
3161 2627 3428 2697 Quousque
3459 2629 3575 2684 ani-

1995 2731 2130 2766 mam
2152 2726 2376 2767 nostram
2407 2716 2577 2770 tollis?
2604 2717 2645 2769 si
2681 2727 2732 2769 tu
2759 2733 2809 2769 es
2831 2715 3086 2781 Christus,
3111 2717 3192 2769 dic
3212 2718 3353 2772 nobis
3378 2720 3571 2790 palam.

1995 2796 2307 2872 Atqueinde
2327 2816 2534 2872 sumpta
2555 2806 2944 2874 opportunitate
2961 2807 3246 2869 sermonis,
3269 2824 3389 2877 qua:
3410 2811 3572 2865 etiam

1997 2894 2241 2949 sublimia
2269 2895 2485 2963 dixerit,
2516 2907 2718 2951 narrat.
2744 2898 2819 2951 lbi
2849 2898 3000 2960 dixit,
3029 2896 3143 2968 Ego
3172 2909 3219 2953 et
3244 2900 3395 2954 Pater
3419 2918 3576 2956 unum

1996 2994 2193 3031 sumus.
2225 2978 2349 3033 lude
2373 2980 2483 3049 jam
2513 2982 2885 3035 resuscitatum
2906 2982 2974 3035 ab
3004 2998 3070 3036 eo
3092 2983 3351 3037 Lazarum
3383 2986 3579 3053 prtedi-

1998 3077 2104 3133 cat,
2135 3069 2221 3123 ubi
2248 3069 2418 3135 dixit,
2465 3068 2577 3141 Ego
2603 3088 2712 3124 sum
2740 3073 3037 3125 resurrectio
3062 3081 3112 3126 et
3136 3074 3237 3126 vita
3267 3090 3280 3126 :
3309 3075 3395 3143 qui
3421 3076 3580 3129 credit

1998 3163 2053 3216 in
2078 3178 2175 3225 me,
2207 3162 2355 3215 etiam
2385 3164 2426 3216 si
2456 3174 2680 3217 mortuus
2710 3164 2878 3234 fuerit,
2906 3170 3061 3230 vtvet;
3100 3174 3147 3219 et
3173 3166 3336 3221 omnis
3355 3167 3443 3238 qui
3460 3168 3579 3223 vivit

2000 3262 2046 3306 et
2072 3254 2227 3309 credit
2252 3254 2307 3305 iu
2332 3269 2441 3318 me,
2490 3270 2590 3306 uon
2635 3256 2875 3307 morietur
2900 3256 2951 3307 in
2989 3265 3248 3312 wternum.
3297 3256 3353 3310 ln
3384 3258 3577 3327 quibus

2000 3348 2178 3401 verbis
2201 3347 2327 3416 quid
2355 3348 2454 3401 nisi
2481 3348 2810 3402 altitudinem
2850 3348 3140 3402 divinitatis
3178 3349 3294 3417 ejus
3334 3353 3580 3420 agnosci-

2005 3439 2315 3504 mus.cujus
2364 3438 2414 3490 in
2453 3448 2710 3491 aeternum
2738 3439 3137 3507 participatione
3153 3440 3576 3500 vivetnus?lnde

2003 3528 2192 3581 iterum
2240 3527 2472 3583 Joannes
2534 3529 2766 3583 occurrit
2814 3530 2864 3583 in
2916 3530 3168 3586 Bethania
3229 3532 3478 3588 Matthmo
3523 3544 3581 3591 et

2002 3615 2179 3670 Marco
2207 3616 2416 3686 (Matth.
2451 3632 2574 3671 xxvr
2595 3659 2610 3681 ,
2653 3618 2840 3684 6-15,
2865 3629 2910 3673 et
2938 3620 3101 3673 Marc.
3133 3636 3250 3688 xlv,
3281 3623 3417 3693 5-9)
3443 3665 3458 3691 ,
3491 3626 3584 3681 ubi

2005 3706 2198 3761 factum
2234 3716 2316 3761 est
2358 3707 2486 3762 illud
2526 3709 2592 3763 de
2635 3720 2905 3779 unguento
2949 3714 3217 3780 pretioso,
3263 3731 3370 3786 quo
3418 3719 3581 3787 pedes

2005 3788 2119 3868 ejus
2152 3815 2181 3852 a
2209 3799 2367 3853 Maria
2393 3811 2656 3870 caputque
2686 3805 2952 3871 perfusum
2984 3812 3065 3857 est
3096 3802 3273 3875 (Joan.
3302 3822 3383 3871 rx,
3416 3810 3579 3875 i-xu,

2005 3891 2061 3962 8)
2093 3908 2106 3944 :
2135 3900 2295 3959 atque
2319 3890 2444 3945 hinc
2469 3892 2719 3962 deinceps
2755 3910 2924 3964 usque
2962 3895 3028 3949 ad
3078 3903 3378 3967 passionem
3405 3910 3459 3955 et
3493 3917 3586 3957 re-

2005 3983 2390 4036 surrectionem
2418 3983 2626 4038 Domini
2650 3999 2770 4039 cum
2798 3986 2964 4040 tribus
2984 3987 3329 4059 Erangelistis
3350 3991 3585 4047 Joannes

2004 4074 2241 4146 graditur
2261 4114 2278 4139 ,
2306 4072 2402 4128 sed
2432 4074 2482 4127 iu
2511 4076 2638 4128 locis
2663 4076 2862 4130 eisdem
2886 4080 3185 4134 narratione
3210 4091 3471 4137 versante.

2080 4163 2167 4218 19.
2199 4164 2460 4218 Cancrum
2502 4164 2647 4234 quod
2688 4166 2752 4219 ad
2801 4182 3076 4222 sermones
3121 4170 3326 4223 Domini
3370 4172 3578 4234 attinet,

2009 4269 2115 4308 non
2145 4262 2319 4308 cessat
2355 4269 2413 4308 se
2438 4256 2680 4309 attollere
2702 4256 2753 4308 in
2780 4271 2842 4310 ea
2883 4271 3002 4325 quas
3036 4258 3124 4311 ille
3164 4258 3232 4311 ab
3261 4258 3384 4314 hinc
3420 4259 3580 4314 etiam

2006 4344 2306 4398 sublimiter
2334 4342 2684 4411 diuturneque
2726 4343 2932 4398 locutus
2957 4352 3059 4398 est.
3106 4345 3237 4400 Nam
3280 4357 3334 4402 et
3368 4349 3583 4418 quando

2006 4449 2128 4490 eum
2157 4435 2440 4487 voluerunt
2460 4433 2639 4486 videre
2665 4432 2901 4487 Gentiles
2936 4449 3030 4503 per
3059 4435 3359 4505 Philippum
3388 4449 3443 4493 et
3470 4442 3585 4492 An-

2007 4526 2189 4578 dream
2216 4564 2230 4585 ,
2280 4523 2464 4576 habuit
2502 4524 2769 4576 excelsum
2797 4538 3099 4579 sermonem
3124 4563 3138 4589 ,
3170 4542 3327 4595 quem
3354 4528 3576 4582 aliorum

2009 4614 2467 4684 Evangelistarum
2505 4614 2681 4668 nullus
2711 4616 2968 4668 inseruit:
2997 4615 3067 4670 ibi
3097 4618 3348 4685 prteclara
3386 4620 3579 4676 iterum

2007 4707 2076 4761 de
2107 4708 2224 4761 luce
2252 4707 2580 4760 illuminante
2605 4716 2656 4759 et
2678 4706 2810 4761 lucis
2840 4707 2973 4760 filios
3008 4706 3233 4764 faciente
3253 4726 3582 4767 commemo-

2010 4808 2093 4853 rat
2119 4798 2228 4866 (ld.
2261 4814 2370 4862 xu,
2396 4797 2613 4868 20-50).
2661 4798 2860 4853 Deinde
2899 4799 2950 4851 in
2994 4799 3109 4869 ipsa
3143 4816 3331 4869 creua,
3372 4803 3439 4858 de
3480 4821 3582 4874 qua

2010 4890 2464 4958 Evangelistarum
2507 4892 2677 4945 nullus
2716 4893 2914 4957 tacuit,
2959 4909 3117 4963 quam
3146 4896 3305 4949 multa
3346 4906 3398 4951 et
3426 4914 3585 4968 quam

2010 4983 2222 5037 excelsa
2260 4984 2417 5036 verba
2458 4983 2573 5051 ejus
2600 4984 2833 5038 Joannes
2869 4995 3287 5054 commemorat,
3334 5004 3452 5060 qua:
3500 4994 3588 5048 alii

2013 5074 2324 5128 tacuerunt!
2358 5089 2462 5127 non
2489 5075 2742 5129 solumde
2758 5075 3220 5129 commendatione
3251 5078 3581 5140 humilitatis.
3608 5062 3613 5069 ~

2014 5164 2227 5233 quando
2255 5163 2416 5232 pedes
2444 5165 2822 5233 discipulorum
2850 5165 3006 5230 lavit;
3045 5166 3137 5219 sed
3157 5181 3275 5219 cum
3302 5184 3587 5238 expressus

2015 5269 2111 5324 per
2139 5255 2427 5308 huccellam
2469 5254 2691 5308 traditur
2731 5254 2845 5324 ejus
2882 5257 3131 5323 exiisset,
3183 5244 3587 5317 remanentibus

2016 5358 2136 5398 cum
2178 5344 2267 5397 illo
2296 5343 2561 5409 undecim,
2592 5347 2643 5396 in
2674 5359 2922 5399 sermone
2953 5347 3118 5416 ipsius
3143 5350 3452 5405 mirabiliter
3477 5361 3581 5405 stu-

2014 5436 2190 5506 pendo
2226 5436 2556 5503 maximeque
2583 5436 2832 5489 diuturno
2859 5437 2995 5491 idem
3017 5439 3249 5495 Joannes
3277 5443 3590 5496 immorata:

2015 5535 2113 5590 est,
2148 5526 2400 5591 ubidixit,
2435 5525 2534 5589 Qui
2555 5526 2675 5579 uidit
2697 5544 2791 5593 me,
2818 5528 2941 5580 vidit
2964 5538 3009 5580 et
3038 5527 3243 5583 Patrem
3271 5546 3290 5585 :
3317 5531 3403 5586 ubi
3430 5532 3591 5587 multa

2016 5664 2100 5776 tu:
2126 5668 2195 5713 tta
2215 5672 2384 5709 omnes
2429 5669 2531 5709 Mss.
2569 5668 2620 5710 et
2651 5666 2723 5708 Er.
2751 5667 2805 5709 At
2829 5667 2956 5719 lov.,
2976 5663 3207 5713 veritatis.
3241 5666 3362 5723 nat.,
3396 5668 3443 5715 et
3464 5661 3593 5717 veri-

2087 5737 2162 5773 ρηι

2087 5737 2162 5773 Rm

2894 5804 3389 5886 fTrcntc-neuf.)
3415 5874 3425 5889 δ
