4076 6468
475 403 610 463 1227

473 518 680 571 loculus
707 520 787 567 est
822 506 894 566 de
917 507 1116 578 Spiritu
1146 515 1326 560 sancto
1351 502 1620 575 paracleto
1642 512 1803 568 quem
1848 494 2041 549 missu—

473 623 566 663 rus
598 606 679 661 eis
720 614 868 668 erat;
920 610 975 656 et
1003 599 1071 653 de
1105 612 1197 650 sua
1244 594 1622 650 eiariﬁcatione
1662 604 1819 661 quam
1868 583 2085 641 liabuit'

473 696 614 768 apud
630 697 840 752 Patrem
868 691 1166 763 priusquam
1192 685 1420 740 mundus
1445 692 1618 746 esset;
1650 678 1862 749 etquod
1884 692 2048 732 unum

472 805 574 846 nos
600 788 797 845 laceret
821 786 874 841 in
895 799 975 848 se,
1001 786 1136 836 sicut
1157 780 1269 848 ipse
1295 788 1349 832 et
1372 777 1529 830 Pater
1548 788 1716 828 unum
1746 780 1902 835 sunt;
1943 785 2047 823 non

472 891 533 935 ut
554 882 665 950 ipse
689 887 743 933 et
762 877 918 931 Pater
938 880 990 928 et
1017 887 1112 925 nos
1134 885 1294 925 unum
1311 909 1325 932 ,
1366 867 1459 924 sed
1481 880 1579 920 nos
1609 878 1768 918 unum
1790 863 1924 915 sicut
1949 860 2046 930 ipsi

473 986 636 1027 unum
670 987 683 1023 :
715 966 984 1034 multaque
1029 961 1132 1016 alia
1175 960 1413 1029 mireque
1439 955 1683 1012 sublimia
1707 995 1723 1019 ,
1754 952 1820 1007 de
1858 950 2050 1021 quibus

473 1064 736 1116 disserere
760 1057 896 1112 sicut
922 1053 1138 1123 dignum
1167 1059 1249 1105 est
1271 1092 1287 1115 ,
1330 1047 1538 1105 etiamsi
1574 1058 1813 1099 essemus
1848 1040 2045 1103 idonei,

473 1155 526 1207 in
556 1152 658 1205 hoc
694 1157 869 1203 tamen
901 1160 1062 1213 opere
1093 1157 1197 1196 non
1231 1141 1281 1195 id
1322 1155 1417 1194 nos
1457 1138 1759 1204 suscepisse
1788 1134 1903 1203 quis
1943 1149 2048 1186 nun

472 1242 713 1297 advertat
746 1236 923 1311 (Joan.
947 1251 1041 1289 xm
1076 1231 1201 1303 xvn)
1222 1230 1401 1301 ?quod
1428 1229 1549 1283 alibi
1570 1228 1792 1281 fortasse
1817 1223 2049 1278 redden-

470 1333 597 1386 dum
620 1341 737 1396 est,
785 1328 872 1383 hic
913 1336 1060 1382 certe
1089 1340 1194 1378 non
1231 1334 1315 1379 est
1343 1320 1717 1391 expetendum.
1760 1318 2049 1371 Commen-

471 1423 600 1478 dare
623 1421 819 1492 quippe
852 1418 1096 1472 volumus
1122 1414 1446 1469 amatoribus
1470 1412 1617 1467 verbi
1649 1411 1735 1465 Dei
1769 1419 1823 1464 et
1850 1410 2050 1464 studio-

472 1514 548 1568 sis
594 1520 792 1566 sancta:
828 1507 1101 1571 veritatis,
1156 1505 1399 1574 quamvis
1439 1502 1677 1571 ejusdem
1722 1500 1919 1554 Christi
1960 1499 2048 1568 qui

471 1617 632 1657 verus
672 1610 727 1657 et
769 1613 932 1654 verax
980 1605 1096 1660 est,
1155 1595 1495 1650 aununtiator
1536 1603 1693 1662 atque
1738 1591 2052 1661 prmdicator

471 1695 704 1750 JOannes
734 1692 784 1745 iu
812 1688 1101 1757 Evangelia
1130 1702 1227 1741 suo
1260 1686 1417 1740 fuerit
1436 1726 1450 1749 ,
1483 1684 1631 1753 cujus
1659 1691 1713 1737 et
1739 1682 1915 1737 caeteri
1946 1692 2052 1736 tres

473 1784 564 1853 qui
592 1783 917 1852 scripserunt
960 1778 1303 1848 Evangelium
1326 1818 1342 1843 ,
1390 1784 1443 1831 et
1478 1775 1659 1830 caeteri
1691 1773 1931 1842 Apostoli
1961 1773 2051 1842 qui

473 1890 581 1929 non
620 1872 833 1942 quidem
877 1871 1045 1939 ipsam
1091 1869 1446 1923 narrationem
1484 1864 1818 1921 scribendam
1864 1878 2051 1920 susce-

473 1974 707 2034 perunt,
749 1963 802 2016 in
828 1976 891 2016 ea
922 1969 1095 2015 tamen
1142 1958 1515 2029 praedicatione
1553 1955 1635 2009 sui
1670 1954 1830 2010 ofﬁcii
1861 1970 2053 2009 munus

475 2056 869 2126 impleverunt:
895 2053 1051 2122 longe
1077 2061 1251 2105 tamen
1274 2050 1415 2104 hunc
1433 2048 1487 2102 in
1505 2046 1699 2102 Christi
1724 2047 1909 2100 altiora
1931 2046 2053 2100 sub-

472 2154 683 2200 vectum
710 2143 778 2198 ab
802 2143 919 2211 ipso
945 2140 1093 2195 initio
1120 2140 1237 2193 libri
1264 2138 1366 2202 sui,
1407 2151 1531 2191 raro
1557 2134 1721 2190 fuisse
1741 2151 1861 2189 cum
1891 2143 2054 2188 czete-

474 2235 570 2297 ris,
598 2232 651 2288 id
674 2239 778 2298 est,
804 2232 974 2301 primo
990 2231 1127 2285 circa
1145 2228 1429 2283 Jordanem
1456 2234 1672 2295 propter
1691 2225 2053 2280 testimonium

473 2324 695 2380 Joannis
718 2323 967 2393 Baptista:
990 2338 1005 2388 ;
1034 2321 1156 2376 inde
1173 2330 1317 2374 trans
1336 2334 1482 2374 mare
1501 2318 1816 2385 Tiberiadis,
1841 2319 2054 2388 quando

474 2416 659 2473 turbas
683 2414 751 2469 de
777 2415 1007 2483 quinque
1034 2412 1255 2482 panibus
1280 2411 1439 2479 pavit,
1480 2418 1535 2464 et
1561 2424 1722 2478 super
1749 2424 1913 2479 aquas
1942 2425 2056 2464 am-

472 2504 702 2569 bulavit;
751 2504 906 2557 tertio
954 2503 1006 2556 in
1044 2501 1333 2566 Bethania,
1383 2500 1473 2554 ubi
1516 2508 1783 2569 unguento
1820 2500 2057 2569 pretioso

475 2598 648 2653 ﬁdelis
691 2595 900 2652 fetnina:
947 2594 1229 2649 devotione
1275 2591 1519 2661 perfusus
1560 2600 1683 2657 est;
1734 2591 1905 2646 donec
1934 2592 2057 2647 inde

475 2689 580 2743 illis
623 2694 926 2742 occurreret
959 2686 1024 2740 ad
1067 2685 1327 2755 passionis
1372 2694 1614 2753 tempus,
1658 2683 1799 2754 quod
1829 2700 1951 2739 cum
1979 2684 2058 2738 eis

476 2787 594 2833 erat
616 2778 917 2833 necessario
954 2784 1262 2829 narraturus
1295 2791 1309 2828 :
1340 2775 1430 2830 ubi
1471 2782 1647 2828 tamen
1684 2775 1853 2842 ipsam
1880 2774 2060 2828 Domi-

476 2870 649 2925 nicam
676 2883 919 2931 etenam,
965 2867 1031 2921 de
1067 2882 1167 2935 qua
1213 2866 1388 2920 nullus
1430 2880 1615 2920 eorum
1643 2868 1841 2931 tacuit,
1893 2866 2060 2920 multo

476 2958 777 3028 opulentius
797 2966 1044 3025 tanquam
1068 2955 1137 3009 de
1164 2955 1381 3009 cellario
1403 2954 1661 3009 Dominici
1683 2954 1937 3024 pectoris.
1970 2956 2057 3009 ubi

478 3049 813 3104 discumbere
838 3047 1077 3109 solebat,
1105 3045 1364 3100 exhibuit.
1410 3045 1585 3114 Ipsum
1618 3045 1811 3100 deinde
1833 3046 2058 3100 Pilatum

478 3140 659 3197 verbis
682 3136 962 3193 altioribus
1000 3137 1258 3205 percutit,
1301 3135 1484 3190 dicens
1513 3150 1734 3204 regnum
1771 3150 1925 3189 suum
1954 3151 2058 3188 non

477 3243 600 3285 esse
624 3228 692 3283 de
718 3228 819 3282 hoc
844 3225 1044 3280 mundo
1066 3265 1082 3291 ,
1112 3238 1398 3294 regemque
1426 3239 1487 3279 se
1517 3232 1696 3278 uatum
1716 3262 1733 3289 ,
1777 3232 1830 3279 et
1854 3224 1919 3278 ad
1960 3223 2061 3279 hoc

477 3320 690 3376 venisse
715 3319 766 3374 in
798 3318 941 3373 hunc
966 3316 1217 3371 tuundum
1239 3357 1256 3379 ,
1299 3323 1359 3369 ut
1384 3314 1743 3369 testimonium
1784 3315 2061 3383 perhibeat

478 3409 687 3465 veritati
732 3407 841 3478 (Id.
896 3422 1041 3471 xvm,
1074 3406 1295 3460 36e137
1322 3404 1363 3474 ).
1416 3404 1631 3459 Mariam
1673 3419 1886 3473 quoque
1942 3413 2063 3473 post

477 3499 927 3557 resurrectionem
956 3498 1177 3566 mystica
1216 3494 1492 3551 altitudine
1515 3493 1686 3549 vitans
1716 3496 1731 3525 ¹
1758 3535 1775 3560 ,
1806 3492 1933 3548 Noli
1962 3511 2058 3560 me,

477 3592 670 3663 inquit,
702 3600 905 3660 tangere
937 3607 950 3643 :
979 3588 1203 3642 nondum
1227 3587 1359 3641 enim
1384 3586 1586 3640 escendi
1610 3585 1677 3638 ad
1708 3585 1914 3639 Patrem
1946 3583 2057 3657 (Id.

477 3698 571 3748 xx,
602 3683 715 3752 17).
763 3678 1046 3748 Discipulis
1085 3678 1245 3733 etiam
1292 3675 1613 3730 inSulﬁando
1637 3675 1781 3730 dedit
1805 3676 2058 3744 Spiritum

478 3780 722 3827 sanctum
748 3769 910 3841 (Ibid.
939 3769 1058 3839 2‘2),
1078 3783 1145 3822 ne
1168 3768 1281 3837 ipse
1309 3766 1538 3836 Spiritus
1556 3766 1644 3835 qui
1668 3766 1911 3820 Trinitati
1936 3782 2059 3820 con-

478 3862 846 3919 substantialis
871 3871 926 3915 et
967 3869 1266 3915 coaeternus
1311 3868 1433 3925 est,
1481 3859 1848 3914 tantummodo
1885 3859 2062 3915 Patris

480 3968 623 4018 esse,
654 3968 761 4007 non
789 3952 948 4006 etiam
976 3949 1096 4005 Filii
1122 3950 1351 4019 Spiritus
1380 3957 1671 4019 putaretur.

554 4042 647 4097 20.
686 4042 962 4097 Postremo
990 4056 1115 4094 suas
1153 4054 1280 4093 oves
1308 4039 1469 4095 Petro
1497 4054 1555 4093 se
1582 4038 1801 4105 amanti,
1833 4054 2063 4109 eumque

483 4148 722 4191 antorem
769 4140 849 4187 ter
900 4130 1172 4186 conﬁtenti
1226 4129 1624 4189 commendans.
1657 4130 1785 4184 dicit
1819 4131 2063 4186 eumdem

476 4225 741 4280 Joannem
758 4224 905 4278 sicse
932 4222 1067 4276 velle
1106 4236 1321 4276 manere
1339 4221 1512 4277 donec
1532 4222 1705 4277 veniat
1724 4220 1832 4294 (Id.
1864 4238 1980 4291 XXI,
1999 4224 2067 4279 15

470 4325 532 4369 -ει
561 4316 630 4369 2'5
650 4312 672 4387 )
696 4332 711 4368 :
740 4314 827 4369 ubi
856 4312 1013 4368 etiam
1037 4312 1168 4366 mihi
1186 4311 1391 4369 videtur
1410 4311 1776 4367 altodocuisse
1788 4314 2063 4384 mysterio,

483 4408 644 4463 istam
687 4407 855 4477 ipsam
885 4404 1148 4459 'Joaunis
1187 4404 2061 4474 evangelicam'dispensationem,

482 4513 590 4569 qua
632 4498 685 4552 in
729 4498 900 4552 lucem
940 4494 1341 4564 liquidissimam
1366 4493 1525 4550 Verbi
1552 4495 1849 4553 sublimiter
1874 4496 2062 4565 fertur,

486 4591 574 4645 ubi
598 4589 873 4644 Trinitatis
889 4588 1165 4656 aequalitas
1179 4597 1233 4643 et
1253 4587 1755 4644 incommutabilitas
1777 4590 1941 4644 videri
1972 4606 2067 4659 po-

484 4693 610 4749 test,
630 4690 686 4737 et
702 4697 806 4752 qua
834 4681 1062 4735 maxime
1086 4683 1410 4749 proprietate
1437 4681 1598 4737 distet
1621 4697 1651 4736 a
1677 4684 1886 4738 caeteris
1907 4683 2067 4738 homo

456 4773 636 4843 "cujus
661 4771 998 4841 susceptione
1017 4769 1251 4827 Verbum
1279 4785 1407 4825 caro
1434 4771 1627 4828 factum
1656 4782 1759 4839 est,
1788 4774 2067 4843 perspicue

482 4863 633 4920 cerni
661 4860 1015 4933 cognoscique
1041 4875 1148 4915 non
1177 4875 1357 4930 posse,
1385 4862 1487 4916 nisi
1517 4877 1636 4917 eum
1668 4864 1782 4932 ipse
1810 4863 2068 4919 Dominus

458 4952 692 5009 'venerit
712 4951 873 5007 ﬁdeo
896 4951 976 5006 sic
1000 4950 1235 5007 manebit
1272 4950 1445 5007 donec
1467 4953 1675 5018 veniat;
1704 4955 1937 5009 manebit
1968 4971 2066 5009 au-

470 5048 594 5097 ‘tem
623 5054 764 5096 nunc
789 5040 843 5095 in
871 5038 977 5095 ﬁde
1002 5038 1356 5106 credentium,
1386 5048 1510 5096 tunc
1537 5050 1714 5096 autem
1745 5041 1878 5100 facie
1898 5042 1963 5099 ad
1985 5042 2067 5098 fa-

460 5134 624 5191 ‘ciem
651 5131 1118 5203 contemplandum
1144 5133 1249 5189 erit
1271 5131 1313 5204 (Ι
1334 5131 1452 5189 Cor.
1479 5149 1594 5199 xm,
1624 5132 1735 5203 l2),
1763 5149 1882 5188 cum
1905 5150 2068 5206 appa-

474 5226 658 5281 ruerit
679 5223 786 5279 vita
811 5232 1011 5289 nostra,
1044 5231 1099 5279 et
1139 5237 1237 5278 nos
1276 5238 1398 5279 cum
1442 5223 1559 5293 ipso
1599 5222 1970 5294 apparebimus
2012 5226 2066 5281 in

482 5314 651 5387 gloria
680 5312 914 5385 (Colon.
943 5329 1023 5378 ιιι,
1049 5314 1082 5367 ι
1103 5312 1143 5384 ).
1167 5312 1417 5382 Quisquis
1444 5322 1620 5368 autem
1649 5313 1938 5369 arbitratur
1964 5313 2065 5369 bo-

484 5408 619 5463 mini
650 5406 814 5462 vitam
840 5405 998 5461 istam
1032 5404 1311 5459 mortalem
1346 5402 1520 5458 adhuc
1547 5405 1721 5474 agenti
1750 5419 1906 5474 posse
1932 5419 2065 5460 con-

484 5498 711 5568 tingere,
732 5505 793 5551 ut
816 5493 1031 5550 demoto
1059 5500 1220 5563 atque
1243 5492 1484 5548 discusso
1511 5494 1656 5549 omni
1684 5494 1864 5549 nubilo
1892 5494 2065 5565 phan-

548 5623 664 5672 ίῑιι.
682 5627 792 5673 Lov.
813 5626 866 5671 et
886 5628 1012 5679 ω..
1270 5619 1362 5671 sed
1384 5618 1561 5671 melius
1582 5622 1729 5673 editio
1752 5629 1870 5683 μελίη
1897 5622 2064 5678 iitum.

547 5684 843 5753 ’.ῃυοιῃεετρ
867 5688 1101 5753 sequ
1120 5680 1295 5744 ipsam.
1313 5683 1454 5732 Paulo
1479 5691 1584 5744 Wst
1618 5691 1723 5735 Mss.
1743 5680 1922 5738 tres’et
1945 5693 2064 5753 ttat.,

485 5741 614 5795 urbi
633 5742 917 5795 sublimitate
929 5743 1101 5808 fertur.

1037 464 1045 469 _
1128 397 1214 452 DE
1255 390 1599 451 CONSENSU
1641 379 2281 448 EVANGELISTARUM,
2322 380 2378 434 S.
2422 381 2782 440 AUGUSTINI
2811 381 2936 437 LIB.
2978 383 3067 439 ll].

3598 383 3727 441 l2‘28

2155 493 2404 547 tasiarum
2440 493 2792 563 corporalium
2832 505 2991 565 atque
3024 496 3350 564 carnalium,
3387 497 3725 553 serenissima

2153 584 2600 639 incommutabilis
2621 586 2855 640 veritatis
2881 586 2997 639 luce
3027 587 3276 655 potiatur,
3299 596 3353 642 et
3378 598 3556 643 mente
3582 589 3727 656 peni-

2154 684 2237 727 tus
2262 690 2290 727 a
2317 676 2700 730 consuetudine
2730 676 2851 729 vita:
2882 676 3038 744 hujus
3071 676 3296 730 alienata
3324 677 3395 730 illi
3422 686 3726 732 constanter

2154 774 2207 817 ct
2237 764 2678 819 indeelinabiliter
2704 765 2928 829 haereat;
2958 781 3056 819 nec
3078 766 3202 835 quid
3225 776 3427 833 qumrat
3446 809 3461 832 ,
3494 782 3591 821 nec
3614 768 3730 837 quis

2151 864 2354 923 qumrat
2379 855 2621 923 intelligit
2649 873 2661 908 :
2693 856 2875 909 credat
2905 872 3033 924 ergo
3062 856 3232 925 potius
3258 857 3471 911 sublimi
3496 858 3730 911 auctori-

2154 946 2248 1000 tati
2297 946 2615 1017 minimeque
2668 946 2859 1012 fallaci,
2900 949 3152 1015 quamdiu
3195 964 3376 1003 sumus
3418 951 3470 1003 in
3506 965 3733 1018 corpore

2154 1038 2475 1105 peregrinari
2521 1054 2616 1111 nos
2656 1054 2685 1090 a
2725 1038 2971 1101 Domino,
3009 1048 3063 1093 et
3105 1039 3377 1094 ambulare
3418 1056 3509 1108 per
3549 1040 3731 1100 ﬁdem,

2155 1129 2385 1183 nondum
2418 1145 2509 1197 per
2534 1130 2763 1198 speciem
2792 1129 2858 1197 (ll
2890 1128 3006 1184 Cor.
3030 1146 3080 1191 v,
3108 1132 3159 1192 6,
3186 1130 3262 1200 7);
3292 1145 3355 1185 ac
3382 1132 3459 1185 sic
3487 1147 3734 1200 perseve-

2155 1227 2335 1272 ranter
2361 1218 2595 1273 retinens
2623 1227 2780 1287 atque
2806 1218 3108 1274 custodiens
3137 1219 3314 1281 ﬁdem,
3338 1234 3487 1289 Spem
3517 1228 3572 1273 et
3600 1219 3732 1274 eba-

2154 1310 2384 1374 ritatem,
2414 1308 2651 1362 intendat
2679 1308 2730 1362 itt
2765 1309 2995 1376 speciem
3024 1324 3089 1362 ex
3116 1309 3333 1377 pignore
3356 1308 3495 1378 quod
3520 1309 3732 1375 accepi—

2155 1414 2274 1452 tnus
2299 1399 2465 1452 sancti
2486 1399 2733 1466 Spiritus,
2752 1398 2841 1467 qui
2869 1413 2965 1451 nos
2984 1398 3197 1452 docebit
3222 1413 3433 1451 omnem
3460 1399 3735 1452 veritatem

2156 1488 2332 1560 (Joan.
2355 1504 2467 1554 xvt,
2497 1490 2607 1560 15),
2639 1503 2758 1542 cum
2785 1488 2921 1542 Deus
2950 1488 3038 1557 qui
3074 1489 3344 1541 suscitavit
3368 1487 3548 1541 Jesum
3576 1488 3732 1541 Chri—

2154 1588 2292 1632 stum
2319 1594 2347 1631 a
2371 1579 2614 1643 mortuis,
2636 1579 2923 1633 viviﬁcabit
2947 1590 2997 1633 et
3026 1580 3267 1633 mortalia
3293 1594 3511 1647 corpora
3551 1591 3735 1634 nostra

2159 1684 2254 1737 per
2296 1669 2675 1723 inbabitantem
2706 1668 2956 1738 Spiritum
2987 1671 3101 1738 ejus
3130 1670 3181 1723 in
3211 1669 3363 1723 nobis
3390 1668 3409 1743 (
3434 1670 3588 1724 Ilont.
3617 1686 3739 1735 vui,

2156 1759 2243 1822 lO,
2278 1758 2387 1830 ll).
2413 1759 2568 1813 Prius
2596 1770 2773 1814 autem
2800 1776 2957 1828 quam
2984 1761 3275 1814 viviiieetur
3304 1760 3406 1816 hoc
3426 1762 3566 1830 quod
3589 1777 3737 1815 mor—

2156 1859 2301 1903 tuum
2323 1858 2404 1904 est
2430 1859 2646 1919 propter
2676 1861 2970 1918 peccatum,
3001 1851 3184 1919 procul
3212 1850 3368 1904 dubio
3394 1852 3743 1919 corruptibile

2156 1948 2260 2003 est,
2286 1946 2341 1993 et
2367 1947 2617 2008 aggravat
2642 1940 2871 1993 animam
2905 1940 2922 2010 (
2950 1938 3079 2011 Sap.
3113 1957 3190 2005 ix,
3222 1942 3286 1995 15
3307 1943 3347 2009 );
3372 1950 3425 1995 et
3451 1942 3494 1994 si
3525 1941 3745 2010 quando

2156 2030 2330 2098 adjuta
2354 2029 2557 2084 excedit
2589 2029 2725 2084 hanc
2752 2029 3022 2095 nebulam,
3046 2047 3147 2099 qua
3178 2032 3369 2100 tegitur
3395 2031 3571 2085 omnis
3598 2042 3745 2085 terra

2160 2119 2344 2190 (Et-cli.
2367 2134 2517 2182 χειν,
2542 2119 2624 2188 6),
2652 2120 2702 2172 id
2729 2129 2831 2186 est,
2854 2119 2989 2173 hanc
3018 2122 3286 2174 carnalem
3310 2120 3611 2189 caliginem,
3636 2136 3745 2189 qua

2160 2212 2354 2280 tegitur
2378 2212 2552 2264 omnis
2586 2212 2689 2265 vita
2725 2221 2961 2275 terrena,
3006 2222 3250 2281 tanquam
3284 2211 3464 2281 rapida
3494 2228 3748 2266 corusca-

2161 2302 2304 2355 tiunc
2328 2302 2720 2371 perstringitur,
2748 2311 2801 2356 et
2832 2303 2882 2356 in
2913 2316 3063 2356 suam
3091 2302 3449 2357 inﬁnnitatcm
3476 2303 3630 2367 redit,
3661 2304 3748 2356 vi-

2158 2401 2315 2446 vente
2341 2392 2609 2447 desiderio
2636 2409 2745 2462 quo
2788 2410 2973 2448 rursus
3011 2394 3265 2463 erigatur,
3304 2410 3401 2449 nec
3444 2395 3752 2450 sufﬁciente

2159 2485 2416 2539 munditia
2458 2500 2559 2555 qua
2600 2485 2808 2556 ﬁgatur.
2840 2486 2904 2541 Et
2941 2497 3140 2556 quanto
3172 2478 3396 2555 qttisque
3425 2485 3527 2540 bdc
3574 2487 3751 2556 magis

2159 2582 2355 2644 potest,
2386 2582 2532 2627 tanto
2562 2575 2732 2645 major
2759 2584 2840 2630 est
2870 2594 2883 2630 :
2916 2585 3115 2645 quanto
3142 2585 3318 2630 autem
3354 2577 3531 2629 minus
3550 2619 3564 2641 ,
3594 2584 3752 2630 tanto

2162 2665 2354 2719 minor.
2384 2664 2439 2719 Si
2467 2672 2643 2719 autem
2674 2665 2806 2719 nihil
2844 2665 3019 2720 adhuc
3064 2666 3168 2720 tale
3204 2680 3354 2720 mens
3386 2666 3617 2720 hominis
3655 2683 3755 2720 cx-

2164 2765 2312 2825 perta
2341 2764 2443 2820 est,
2488 2756 2544 2810 in
2586 2771 2689 2827 qua
2725 2765 2899 2810 tamen
2945 2756 3145 2810 habitat
3173 2756 3415 2812 Christus
3440 2772 3537 2827 per
3562 2756 3753 2824 ﬁdem,

2162 2848 2360 2902 instare
2405 2847 2564 2902 debet
2612 2847 2917 2903 minuendis
2969 2848 3321 2917 ﬁniendisque
3372 2847 3757 2916 cupiditatibus

2164 2937 2322 3007 hujus
2347 2938 2549 3003 sazculi,
2577 2939 2795 2993 muralis
2820 2939 3032 2993 virtutis
3049 2939 3280 3002 actione,
3310 2950 3556 3009 tanquam
3583 2940 3633 2992 in
3658 2955 3756 2994 eo-

2164 3029 2350 3083 mitatu
2396 3031 2551 3083 trium
2582 3030 2793 3085 illorum
2821 3031 3276 3101 Evangelistarum
3307 3046 3427 3085 cum
3452 3030 3757 3086 mediatore

2163 3117 2375 3173 Christo
2395 3119 2672 3175 ambulans
2700 3138 2714 3175 :
2745 3135 2973 3190 eumque
2993 3121 3082 3190 qui
3109 3120 3273 3175 Filius
3295 3121 3384 3175 Dei
3411 3136 3623 3190 semper
3644 3130 3756 3187 est,

2165 3218 2384 3279 prepter
2424 3225 2522 3264 nos
2570 3210 2737 3265 ﬁlium
2784 3211 3015 3268 hominis
3063 3211 3282 3279 factum,
3327 3222 3384 3267 ut
3425 3214 3756 3282 sempiterna

2166 3301 2333 3355 virtus
2359 3300 2476 3371 ejus
2499 3310 2553 3355 et
2578 3301 2826 3358 divinitas
2851 3312 3048 3358 nostra:
3088 3303 3381 3359 inﬁrmitati
3417 3316 3472 3358 et
3508 3303 3753 3358 mortali-

2168 3390 2261 3443 tati
2286 3400 2679 3461 contemperata
2717 3391 2787 3447 de
2820 3403 3002 3448 nostro
3038 3392 3192 3447 nobis
3225 3394 3278 3447 in
3316 3408 3374 3448 se
3402 3400 3562 3463 atque
3597 3392 3664 3447 ad
3696 3407 3760 3447 se

2166 3479 2365 3537 faceret
2391 3483 2555 3547 viam,
2578 3499 2699 3538 eum
2722 3500 2926 3554 magna:
2949 3486 3060 3555 spei
3088 3486 3268 3541 hetitia
3298 3486 3523 3541 ﬁdeliter
3551 3495 3754 3541 teneat.

2164 3568 2242 3623 Ne
2276 3578 2489 3640 peccet,
2520 3586 2550 3625 a
2579 3587 2703 3644 rege
2730 3572 2942 3628 Christo
2964 3584 3207 3643 regatur;
3240 3575 3285 3630 si
3328 3576 3463 3631 forte
3496 3591 3759 3645 peccave-

2166 3658 2269 3725 rit,
2304 3659 2373 3713 ab
2410 3660 2597 3715 eodem
2628 3662 2903 3717 sacerdote
2936 3662 3150 3720 Christo
3176 3666 3418 3735 expietur
3446 3684 3461 3720 :
3491 3675 3651 3735 atque
3682 3667 3758 3722 ita

2166 3748 2219 3803 in
2267 3750 2475 3804 actione
2518 3751 2671 3806 bonae
2716 3755 3135 3809 conversationis
3177 3765 3232 3811 et
3278 3758 3399 3812 vitae
3448 3758 3683 3813 nutritus
3710 3760 3756 3826 ³,

2167 3842 2358 3910 pennis
2376 3842 2601 3912 geminae
2624 3843 2925 3899 dilectionis
2948 3854 3195 3916 tanquam
3216 3846 3420 3902 duabus
3447 3849 3546 3902 alis
3565 3848 3756 3904 validis

2168 3942 2382 3989 evectus
2408 3950 2437 3988 a
2467 3936 2639 4000 terris,
2662 3936 2730 3990 ab
2756 3936 2945 3991 eodem
2973 3934 3093 4007 ipso
3115 3939 3328 3994 Christo
3352 3940 3525 3995 Verbo
3558 3940 3752 3995 illumi-

2168 4034 2344 4094 netur,
2374 4025 2552 4081 Verbo
2576 4026 2715 4095 quod
2746 4026 2799 4081 in
2831 4028 3090 4098 principio
3116 4039 3251 4097 erat,
3274 4040 3329 4084 et
3348 4029 3583 4085 Verbum
3613 4030 3757 4101 apud

2168 4117 2335 4171 Deum
2362 4127 2497 4184 erat,
2525 4127 2579 4172 et
2598 4117 2831 4172 Verbum
2856 4119 2997 4175 Deus
3022 4130 3135 4175 erat
3167 4120 3343 4191 (Joan.
3370 4137 3408 4187 t,
3433 4122 3512 4192 l);
3535 4124 3635 4178 etsi
3657 4138 3757 4193 per

2169 4208 2441 4278 speculum
2477 4218 2531 4263 et
2570 4210 2623 4263 in
2670 4210 2970 4281 aenigmate,
2995 4211 3151 4280 longe
3179 4222 3359 4267 tamen
3385 4214 3665 4268 sublimius
3687 4216 3760 4270 ab

2171 4299 2314 4353 omni
2348 4299 2694 4356 similitudine
2720 4302 3003 4370 corporali.
3026 4302 3381 4372 Quapropter,
3409 4306 3655 4374 quamvis
3698 4306 3755 4361 in

2172 4390 2274 4446 illis
2300 4390 2471 4446 tribus
2496 4391 2712 4455 activae,
2743 4392 2797 4445 in
2820 4391 3041 4449 Joannis
3076 4402 3254 4448 autem
3293 4395 3583 4464 Evangelio
3617 4395 3758 4451 dona

2171 4480 2594 4550 contemplativa:
2611 4482 2817 4536 virtutis
2834 4483 3079 4538 eluceant
3098 4485 3177 4539 eis
3193 4485 3279 4555 qui
3306 4485 3419 4540 haec
3441 4486 3757 4557 dignoscere

2172 4579 2295 4625 sunt
2319 4570 2529 4637 idonei;
2556 4580 2730 4626 tamen
2759 4581 2814 4626 et
2843 4572 2947 4643 hoc
2971 4573 3213 4641 Joannis,
3241 4577 3489 4643 quoniam
3516 4594 3578 4631 ex
3607 4588 3757 4647 parte

2172 4669 2283 4722 est,
2324 4661 2401 4714 sic
2444 4660 2679 4714 manebit
2720 4662 2893 4717 donec
2938 4664 3116 4719 veniat
3159 4665 3303 4734 quod
3341 4667 3634 4735 perfectum
3676 4678 3755 4723 est

2173 4749 2216 4820 (l
2247 4750 2363 4805 Cor.
2393 4767 2505 4817 xm,
2535 4751 2621 4814 12,
2651 4751 2704 4815 9,
2734 4751 2841 4823 IO).
2874 4752 2943 4807 Et
2970 4753 3059 4808 alii
3089 4754 3303 4823 quidem
3334 4755 3489 4812 datur
3516 4772 3613 4827 per
3634 4757 3755 4828 Spi-

2172 4842 2331 4897 ritum
2362 4858 2539 4898 sermo
2567 4844 2861 4913 sapientim,
2883 4845 2972 4901 alii
2999 4861 3177 4902 sermo
3202 4848 3439 4903 scientia:
3462 4849 3752 4904 secundum

2172 4933 2417 4987 eumdem
2445 4933 2697 5003 Spiritum
2741 4934 2760 5008 (
2788 4934 2876 4989 Id.
2900 4953 2995 5001 xu,
3019 4937 3128 5009 8);
3173 4939 3309 4993 alius
3348 4939 3488 4995 diem
3533 4941 3755 4996 Domino

2173 5024 2310 5093 sapit
2333 5024 2508 5094 (Rom.
2530 5040 2643 5093 xtv,
2671 5026 2748 5094 6),
2772 5027 2909 5083 alius
2933 5028 2999 5084 de
3029 5038 3241 5099 pectore
3272 5031 3481 5086 Domini
3509 5032 3756 5103 liquidius

2172 5111 2369 5182 aliquid
2409 5112 2570 5181 bibit,
2601 5115 2740 5170 alius
2769 5116 2970 5174 levatus
2998 5133 3165 5190 usque
3190 5120 3259 5175 ad
3290 5121 3500 5176 tertium
3535 5124 3752 5189 castum,

2173 5204 2454 5260 ineffabilia
2471 5206 2629 5260 verba
2652 5208 2799 5263 audit
2820 5209 2885 5280 (ll
2912 5210 3028 5265 Cor.
3058 5227 3153 5276 xu,
3174 5211 3296 5283 2-4)
3317 5230 3330 5265 :
3350 5229 3537 5269 omnes
3556 5224 3751 5277 tamen.

2173 5296 2421 5367 quamdiu
2471 5305 2595 5352 sunt
2640 5298 2690 5352 in
2725 5315 2983 5369 corpore,
3026 5303 3429 5374 peregrinantur
3465 5320 3494 5358 a
3533 5305 3757 5360 Domino

2176 5386 2346 5461 (Id.v,
2370 5388 2449 5461 6);
2472 5399 2525 5445 et
2548 5391 2794 5447 omnibus
2814 5394 2967 5449 bonae
2991 5395 3105 5465 spei
3133 5396 3375 5453 ﬁdelibus
3395 5398 3446 5452 in
3478 5399 3616 5454 libro
3638 5399 3754 5453 vita:

2174 5477 2389 5548 scriptis
2417 5488 2657 5535 servatur
2673 5483 2815 5553 quod
2835 5483 3033 5539 dictum
3050 5495 3152 5554 est,
3177 5485 3244 5541 Et
3269 5503 3360 5560 ego
3385 5489 3596 5559 diligant
3621 5506 3750 5555 eum,

2171 5696 2545 5818 m’septem
2564 5703 2671 5746 itas.
2695 5697 2859 5760 prata:
2880 5708 3007 5752 noue
3030 5709 3081 5753 ct
3116 5702 3241 5765 apud
3262 5706 3545 5769 Eugypittm,
3568 5702 3755 5761 mritis
