4076 6456
295 374 434 439 1229
1094 372 1184 437 DE
1218 374 1424 437 SERM.
1463 380 1623 438 00M.
1667 378 1733 438 IN
1769 382 1905 440 ΜοΝ

1946 382 2025 451 Ὲ,
2060 381 2122 438 S.
2164 374 2531 442 AUGUSTINI
2568 376 2696 440 LIB.
2735 378 2777 439 l.
3419 382 3556 449 ηδε

292 493 623 551 acuendam
648 495 891 566 meipsnm
915 494 992 550 illi
1016 494 1194 565 (Joan.
1221 498 1468 567 xmel).
1497 498 1872 555 Verumtamen
1980 498 2211 569 amplius
2254 500 2544 569 prmcipere
2587 500 2654 555 de
2695 497 2976 554 dulcedine
3018 495 3412 559 cbaritatiszet
3437 507 3559 576 quia

294 589 473 645 iubae
499 587 926 658 peregrinatione
953 598 1206 658 quantum
1251 590 1305 643 in
1351 591 1427 645 rei
1475 590 1630 659 hujus
1674 592 1872 646 intelli-
1980 592 2107 646 illud
2152 601 2473 661 praeceptum
2517 591 2853 646 verissimum
2899 606 2963 646 ac
3003 593 3408 649 saluberrimum
3450 605 3555 665 est,

290 679 468 750 gentia
496 678 584 733 vel
631 679 851 733 scientia
897 680 1122 750 quisque
1167 679 1469 749 proiecerit,
1518 691 1663 735 tanto
1705 684 1873 752 magis
1983 683 2182 750 Quanto
2211 700 2422 755 magnus
2447 702 2519 748 es,
2558 694 2696 738 tanta
2729 684 2941 738 humilia
2967 694 3014 739 te
3037 685 3090 739 in
3118 684 3347 740 omnibus
3371 684 3559 758 (Ereti.

288 779 479 826 caveat
503 770 762 826 diabolica
791 771 935 835 vitia,
962 771 1265 841 superbiam
1291 780 1346 828 et
1375 773 1734 827 invidentiam.
1765 775 1873 829 Me—
1978 790 2058 835 ιιι.
2086 774 2201 842 20);
2234 776 2323 845 qui
2351 776 2673 845 evangelista
2694 775 2963 830 Christum
2994 775 3149 846 longe
3172 777 3380 831 caeteris
3401 778 3563 835 altius

289 864 508 919 minerit
548 863 649 917 hoc
690 865 861 933 ipsum
889 865 1232 934 Evangelium
1259 865 1478 920 Joannis
1515 881 1674 935 quam
1705 867 1872 920 multo
1978 868 2346 934 commendat,
2374 868 2512 937 apud
2541 884 2661 924 eum
2691 868 2965 939 discipulis
2994 868 3158 939 pedes
3184 868 3325 924 lavat
3356 866 3558 941 (lacn.

287 955 515 1023 amplius
531 955 682 1024 erigit
701 954 766 1007 ad
783 956 1283 1024 contemplationem
1297 956 1553 1023 veritatis,
1574 968 1677 1011 tam
1700 958 1865 1011 multo
1978 972 2091 1025 un,
2117 960 2197 1028 5).

874 1347 940 1404 IN
970 1347 1506 1415 SUBSEQUENTES
1543 1348 1788 1403 LIBROS
1829 1348 1916 1402 DE
1956 1349 2278 1405 SERMONE
2321 1347 2550 1404 DOMINI
2591 1348 2654 1404 IN
2695 1349 2950 1405 MONTE.

1772 1461 2089 1515 <8H€€<<<°>8>

360 1566 445 1623 Ad
469 1565 662 1622 Christi
692 1581 893 1620 annum
931 1564 1072 1631 393,
1095 1568 1208 1619 sive
1244 1560 1373 1628 394,
1408 1565 1641 1634 pertinet
1689 1563 1791 1617 hoc
1836 1577 1989 1631 opus,
2033 1563 2102 1617 ab
2124 1564 2425 1633 Augustino
2448 1566 2762 1638 presbyterii
2805 1568 2888 1621 sui
2926 1576 3165 1637 tempore
3196 1567 3546 1623 elaboratum.

283 1662 501 1733 Quippe
532 1661 583 1715 in
614 1660 788 1730 primo
809 1658 1263 1713 Retractationum
1298 1656 1449 1719 libro,
1478 1671 1599 1726 cap.
1624 1655 1691 1711 19
1715 1697 1729 1717 .
1764 1663 1883 1724 post
1922 1657 2237 1711 recensitam
2276 1656 2441 1721 illam,
2480 1673 2638 1728 quam
2672 1659 2724 1713 in
2750 1658 3251 1743 llippone-regiensi
3293 1659 3419 1713 anni
3445 1658 3557 1714 395

285 1754 515 1810 concilio
536 1752 722 1806 habuit
746 1751 813 1805 de
833 1750 959 1804 Fide
976 1759 1028 1803 et
1049 1748 1302 1820 Symbolo
1319 1747 1752 1818 disputationem,
1782 1747 2095 1801 recordatus
2112 1748 2436 1818 Augustinus
2453 1750 2573 1805 libri
2596 1751 2678 1806 sui
2707 1750 2773 1805 de
2798 1750 2990 1807 Genesi
3021 1752 3086 1806 ad
3106 1752 3333 1807 litteram
3356 1752 3558 1821 imper-

284 1846 436 1908 fecti,
470 1858 640 1913 neque
665 1842 768 1895 alia
799 1856 956 1911 quam
982 1856 1101 1910 quae
1129 1855 1192 1894 ex
1226 1847 1350 1893 ante
1389 1839 1602 1893 laudato
1639 1836 1867 1893 concilio
1905 1839 2041 1893 sumi
2081 1841 2283 1910 possit,
2315 1842 2485 1896 artatis
2518 1842 2785 1911 assignata
2813 1852 2969 1911 nuta,
3000 1843 3123 1899 facit
3160 1845 3405 1916 proximo
3438 1845 3559 1899 loco

284 1936 609 1991 mentionem
641 1932 795 2001 hujus
820 1930 998 2001 operis
1029 1932 1081 1985 in
1105 1930 1288 1984 isthtec
1314 1929 1474 1984 verba
1502 1945 1516 1982 :
1545 1926 1650 1983 Per
1682 1929 1815 1983 idem
1844 1938 2039 2001 tempus
2065 1930 2128 1983 de
2153 1930 2399 1984 Sermone
2427 1930 2634 1985 Domini
2656 1934 2710 1986 in
2742 1941 2908 1988 monte
2948 1934 3221 1989 secundum
3256 1934 3560 1990 Moultqu

282 2031 384 2083 duo
400 2028 654 2082 uolumina
674 2024 874 2093 scripsi.
3100 2076 3105 2083 ι

354 2122 520 2177 Porro
540 2134 645 2174 uno
683 2117 952 2172 volumine
982 2115 1209 2183 eXpIicat
1245 2114 1469 2183 primam
1504 2111 1743 2182 ejusdem
1784 2112 2047 2165 sermonis
2076 2120 2280 2181 partem
2322 2120 2624 2169 contentam
2652 2112 2884 2170 Matthazi
2918 2116 3089 2185 capite
3113 2118 3337 2187 quinto:
3368 2118 3561 2185 altero,

289 2215 648 2284 posteriorem
680 2211 733 2264 in
755 2208 1100 2278 sequentibus
1129 2206 1390 2275 capitibus
1429 2215 1585 2260 sexto
1609 2213 1664 2258 et
1693 2204 1921 2272 septimo
1946 2203 2413 2273 comprehensam.
2442 2204 2748 2261 Curautcm
2783 2222 2845 2262 ex
2871 2217 2980 2262 toto
3006 2202 3294 2279 Evangelio
3316 2210 3473 2263 istum
3495 2210 3549 2264 in

285 2307 471 2377 primis
498 2319 800 2361 sermonem
830 2301 1160 2356 tractandmu
1192 2299 1508 2364 susceperit,
1535 2314 1653 2353 eam
1681 2296 1892 2351 videtur
1923 2296 1974 2349 in
2003 2297 2184 2365 operis
2206 2297 2357 2352 initio
2387 2297 2725 2353 subindicare
2744 2314 2989 2365 causam,
3012 2301 3154 2369 quod
3178 2301 3348 2370 ipsum
3371 2316 3563 2372 nempe

283 2399 515 2453 omnibus
542 2397 806 2468 prwceptis
829 2397 1006 2462 quibus
1033 2394 1311 2446 christiana
1337 2393 1438 2444 vita
1458 2392 1785 2462 informatur,
1818 2407 1851 2458 p
1870 2388 2112 2455 erfectmn
2131 2405 2237 2442 esse
2260 2390 2630 2444 intellexisset.
2672 2390 2801 2456 Quae
2827 2391 3039 2459 quidem
3074 2403 3332 2462 praecepta
3350 2393 3524 2447 omnia
3544 2423 3562 2457 ι

286 2507 349 2547 ea
377 2506 478 2560 qua
506 2489 808 2544 referuntur
846 2486 983 2556 apud
1012 2484 1327 2538 Matthmum
1378 2482 1517 2536 serie
1572 2481 1648 2533 sic
1670 2478 1908 2548 exponit,
1934 2489 1991 2532 ut
2014 2478 2097 2530 illa
2123 2478 2188 2531 ad
2220 2480 2423 2548 priores
2458 2490 2661 2549 septem
2701 2482 2994 2538 sententias
3019 2482 3085 2537 dc
3122 2482 3300 2538 Beatis
3326 2483 3378 2539 in
3400 2482 3567 2556 ipsius

280 2580 545 2636 sermonis
575 2577 796 2632 exordio
826 2591 960 2644 pron
981 2575 1212 2628 untiatas
1238 2572 1527 2641 pertinere,
1550 2570 1725 2637 iisque
1750 2584 1814 2621 ex
1842 2567 2029 2622 ordine
2053 2566 2375 2651 respondere
2399 2568 2745 2624 demonstret.

359 2668 653 2726 Pollentius
681 2666 923 2735 plurimis
950 2674 1069 2735 post
1101 2663 1254 2718 annis
1281 2662 1382 2715 hoc
1411 2675 1545 2730 opus
1568 2659 1843 2723 evolvens,
1878 2659 2081 2727 aliquot
2127 2657 2463 2711 dillicultates
2492 2659 2558 2712 de
2584 2675 2749 2714 uxore
2769 2676 2886 2730 qua:
2910 2676 2939 2715 a
2963 2661 3075 2716 viro
3092 2677 3189 2717 suo
3207 2662 3561 2727 discessisset,

283 2761 526 2825 oﬂ‘endit,
562 2774 757 2828 easque
778 2766 962 2811 sancto
989 2754 1202 2809 Doctori
1232 2752 1527 2821 proposuit,
1560 2765 1692 2819 quas
1718 2749 1805 2802 illc
1822 2748 1998 2816 priore
2024 2746 2092 2801 de
2117 2748 2442 2802 Adulteriuis
2463 2749 2733 2820 Coojugiis
2762 2752 2896 2805 Μ)Ιύ
2922 2754 3190 2809 enodavit.
3554 2834 3557 2835 ν

358 2859 515 2921 Vide
541 2857 769 2919 librum
804 2857 833 2915 1
858 2898 874 2927 ,
895 2872 1033 2932 cap.
1051 2853 1149 2924 19,
1179 2847 1750 2915 Retractationum,
1771 2842 1892 2903 col.
1918 2839 2059 2929 61h,
2089 2862 2131 2901 α
2155 2842 2379 2916 verbis,
2408 2845 2526 2904 Per
2550 2844 2717 2906 idem
2748 2850 2997 2924 tempus
3019 2845 3096 2908 de
3122 2846 3565 2909 SermoneDm

276 2962 460 3035 mini,
489 2978 680 3039 usque
708 2957 790 3017 ad
820 2924 938 3016 col.
965 2924 1113 3026 ΕΠ,
1140 2949 1366 3047 verbis,
1402 2948 1606 3021 Quem
1632 2945 1886 3005 locutus
1931 2947 2029 3002 est
2048 2924 2394 3003 Dominus.
2970 2944 3057 3007 Μ,

277 3087 3564 3156 m

1227 3130 1581 3143 i_——-

894 3231 1039 3344 S.
1107 3212 1877 3343 AUBELII
1960 3219 2994 3336 AUGUSTINI

1270 3427 2025 3504 HIPPONENSIS
2086 3428 2593 3502 EPISCOPI

281 3600 557 3753 DE
655 3597 1612 3751 SERMONE
1705 3597 1891 3736 Dt

1945 3592 2379 3739 )MIN
2386 3598 2456 3736 Ι
2555 3596 2762 3740 IN
2802 3583 2810 3591 ’
2858 3593 3301 3749 ΜΟΝ
3306 3600 3555 3745 ΤΕ

1275 3832 1620 3905 ςΕΟΠΝ
1626 3833 1858 3904 DUM
1896 3833 2588 3915 ΜΑΤΤΗᾹΞΠΜ

1280 4110 1283 4117 .
1349 3998 1869 4137 manu
1926 3998 2298 4113 nuo
2353 3988 2494 4112 (α).

1595 4171 2230 4245 mem

1316 4315 1780 4423 LIBER
1850 4314 2462 4427 PRIMUS
2477 4392 2502 4425 .

720 4522 989 4587 Explicatur
1006 4522 1135 4585 prior
1156 4533 1267 4584 pars
1283 4522 1523 4571 sermonis
1542 4533 1569 4568 a
1592 4520 1789 4569 Domino
1811 4520 1860 4568 in
1884 4526 2052 4568 monte
2072 4515 2238 4577 habiti,
2264 4520 2494 4565 contenta
2515 4512 2719 4563 statutast
2740 4513 2899 4574 capite
2921 4519 3110 4576 qmnto.

1692 4644 2113 4697 ταοοιοοοοὶθι

348 4766 574 4826 CAPUT
599 4767 880 4821 PRIMUM.
914 4768 966 4820 i.
1003 4766 1316 4820 Sermonem
1347 4779 1503 4834 quem
1534 4772 1740 4819 locutus
1772 4773 1862 4820 est
1969 4766 2273 4820 christiana:
2319 4764 2533 4820 modum
2569 4784 2581 4818 :
2610 4766 2751 4837 quod
2784 4765 3021 4835 polliceri
3064 4780 3171 4820 non
3214 4771 3418 4823 temere
3455 4777 3557 4822 aud

278 4861 533 4918 Dominus
574 4867 755 4913 noster
792 4858 946 4911 .lesus
982 4856 1225 4910 Christus
1274 4856 1325 4909 in
1372 4864 1573 4922 monte,
1624 4854 1764 4909 sicut
1806 4856 1859 4909 in
1967 4858 2175 4924 demus,
2219 4856 2313 4911 sed
2353 4872 2419 4911 ex
2465 4857 2593 4927 ipsis
2629 4856 2866 4926 ejusdem
2919 4857 3125 4911 Domini
3165 4857 3344 4912 verbis
3386 4858 3557 4926 conjia

275 4950 567 5022 Evangelio
592 4947 883 5004 secundum
924 4946 1228 5002 Matthazum
1266 4946 1489 5015 legimus
1510 4986 1525 5010 ,
1557 4944 1602 4999 si
1629 4946 1747 5015 quis
1777 4946 1864 5015 pie
1968 4949 2190 5002 cientes.
2216 4946 2347 5001 Nam
2376 4947 2455 5002 sic
2489 4946 2605 5016 ipse
2632 4961 2810 5000 sermo
2836 4946 3193 5010 concluditur,
3221 4953 3279 4999 ut
3302 4946 3559 5015 anui-eat

277 5043 563 5113 sobricque
590 5038 1031 5105 consideraverit,
1072 5046 1198 5107 puto
1231 5036 1372 5107 quod
1413 5036 1644 5091 inveniet
1688 5037 1739 5090 in
1771 5052 1857 5103 eo,
1970 5038 2022 5092 in
2045 5054 2111 5093 eo
2136 5047 2398 5107 prateepta
2430 5053 2551 5092 esse
2578 5037 2757 5092 omnia
2800 5052 2921 5107 quas
2957 5037 3023 5092 ad
3052 5037 3438 5093 informandam
3471 5054 3555 5092 vr-

279 5145 535 5207 quantum
564 5131 631 5187 ad
659 5146 836 5187 mores
874 5132 1107 5201 optimos
1149 5130 1401 5199 pertinet,
1424 5129 1714 5199 perfectum
1743 5131 1866 5184 vita:
1972 5139 2076 5182 tam
2107 5128 2393 5197 pertinent.
2439 5128 2529 5183 Sic
2551 5127 2693 5182 enim
2725 5126 2854 5181 dicit
2884 5145 2897 5181 :
2932 5144 2950 5177 ι
2974 5126 3159 5182 Omnis
3184 5142 3312 5198 ergo
3338 5143 3429 5198 qui
3460 5145 3556 5183 ξω·
3604 5120 3607 5123 ¹

1510 5232 1772 5269 Λυκοιητιο
1802 5234 1877 5267 ιη’.
1910 5230 2334 5268 κεῖσεωετιιηοιιωι.

341 5306 421 5355 His
442 5304 731 5371 castigandis
746 5302 884 5352 libris
900 5300 1208 5371 adhibuimus
1359 5307 1687 5371 augmensem,
1712 5298 2064 5371 arquitensem,
2104 5300 2495 5371 (gisterciensem,
2530 5294 2873 5371 golbertlnum,
2890 5299 3259 5371 gurbeieqsem,
3280 5297 3558 5371 floriaceu;

277 5381 404 5425 sem,
427 5359 880 5427 Gemrﬁeticensem,
912 5370 1192 5427 Lyrensem,
1228 5361 1580 5427 licitaeliuum,
1615 5359 1989 5427 _Pratelleusem,-
2029 5362 2329 5427 Sagiensem,
2370 5360 2789 5427 vindocinensem,
2823 5359 3250 5427 v'aticanosduos,
3280 5362 3560 5411 Beccense§

277 5421 498 5487 totidem,
518 5435 569 5477 et
590 5421 961 5487 bovauieusium'
974 5421 1592 5487 Theologorumvariautes
1608 5422 1863 5487 lectiones
1870 5435 1939 5487 ex
1959 5435 2051 5471 sex
2090 5421 2294 5487 Belgicis
2315 5435 2328 5470 :
2364 5434 2556 5487 necnon
2577 5432 2722 5487 supra
2742 5421 3223 5487 laudataseditiones
3244 5430 3318 5473 Er.
3344 5430 3396 5473 ct
3418 5430 3558 5487 to},

277 5491 464 5553 quibui
479 5480 558 5553 hic
578 5488 783 5553 accessit
805 5486 954 5536 alitio
975 5480 1487 5553 Joannisttnerbachii
1512 5485 1728 5553 perlecta
1744 5482 1979 5553 ABasilem,
1998 5495 2086 5553 an.
2108 5480 2227 5553 {508
2245 5520 2257 5540 ,
2288 5490 2341 5532 et
2366 5480 2519 5553 altera
2540 5480 2699 5553 iacobi
2725 5481 3031 5553 itareschallii
3056 5484 3271 5553 _Lugd_un.
3305 5498 3383 5553 an.
3406 5480 3549 5553 ρὸἓᾳῖ

276 5542 610 5600 έοηδιωιὶωυε
640 5550 839 5609 imuper
859 5547 1053 5611 Eugypii
1076 5547 1264 5595 abbatis
1278 5542 1581 5606 excerpta'in
1605 5555 1709 5595 Mss.
1734 5543 2015 5595 Corbeiensi
2035 5556 2093 5593 ac
2108 5546 2437 5601 Genmnensi.
2460 5553 2514 5595 et
2551 5543 2673 5594 Fieri
2692 5542 3030 5595 collectionem
3052 5548 3102 5594 in
3124 5542 3231 5595 'alio
3646 5588 3653 5595 .

357 5633 869 5711 Comparavtmus
890 5637 1194 5708 praterea
1220 5645 1320 5687 eas
1351 5645 1554 5689 omnes
1585 5626 1884 5689 editiones
1918 5625 2107 5688 initio
2138 5624 2723 5702 Retr.etCoufess.,
2742 5635 2788 5688 ε.
2822 5626 2885 5700 1,
2911 5634 3309 5687 memoratas.
3388 5617 3481 5688 DL

341 5733 417 5797 (ιι)
438 5732 606 5796 scripti
628 5732 821 5781 circiter
844 5728 1033 5791 Christi,
1054 5739 1235 5778 annum
1254 5727 1367 5780 ωδ.
