4076 6458
495 411 620 470 1251

437 582 444 588 .
489 530 567 584 dit
596 527 755 584 verba
782 529 898 581 mea
920 525 1035 580 hrec
1065 523 1259 579 etfacit
1287 537 1349 578 ea
1373 564 1387 586 ,
1418 521 1662 576 similabo
1685 537 1806 576 eum
1837 521 1954 574 viro
1981 534 2065 574 sa-

487 619 651 689 pienti
699 619 787 688 qui
833 615 1112 672 aediﬁcavit
1154 613 1370 668 domum
1417 627 1566 666 suam
1613 625 1771 681 supra
1820 619 2064 680 petram:

485 710 767 767 descendit.
789 709 961 779 pluvia
986 749 1001 772 ,
1033 714 1291 761 venerunt
1327 704 1541 759 ﬁumina
1566 746 1582 770 ,
1612 703 1870 757 llaverunt
1896 701 2066 766 venti,

472 813 545 859 κει
571 803 904 859 offenderunt
932 801 984 854 in
1012 799 1228 855 domum
1260 799 1426 865 illam,
1453 807 1508 852 et
1551 812 1654 852 non
1683 795 1870 852 cecidit
1896 813 1910 859 ;
1942 795 2068 850 luu-

486 893 612 948 data
634 893 776 948 enim
817 899 933 945 erat
978 905 1137 960 super
1181 897 1410 959 petram.
1456 888 1522 943 Et
1567 888 1744 944 omnis
1786 887 1876 958 qui
1923 885 2074 942 audit

489 983 649 1039 verba
677 995 794 1036 mea
820 980 935 1034 hzec
962 987 1016 1034 et
1057 995 1164 1034 non
1214 978 1343 1034 l'acit
1383 993 1465 1042 ea,
1514 978 1758 1032 similabo
1795 993 1916 1032 eum
1955 978 2072 1030 viro

487 1074 650 1129 stulto
691 1071 782 1142 qui
811 1070 1092 1125 aediﬁcavit
1136 1069 1353 1124 domum
1402 1084 1552 1122 suam
1599 1083 1762 1138 super
1805 1082 2066 1122 arenam:

489 1163 766 1220 descendit
801 1163 996 1233 pluvia,
1041 1169 1302 1217 venerunt
1340 1158 1576 1222 ﬂumina,
1609 1159 1869 1213 llaverunt
1905 1157 2070 1223 venti,

490 1266 546 1311 et
571 1252 912 1309 oll'enderunt
954 1253 1007 1306 in
1033 1251 1250 1306 domum
1290 1250 1435 1304 illam
1459 1291 1475 1314 ,
1505 1258 1558 1303 ct
1585 1248 1808 1312 cecidit;
1843 1257 1897 1302 ct
1938 1247 2070 1302 facta

487 1353 573 1401 est
601 1344 752 1398 ruina
796 1343 912 1413 ejus
941 1357 1150 1412 magna.
1180 1359 1199 1392 ι
1229 1340 1363 1395 Cum
1406 1354 1532 1410 ergo
1558 1354 1664 1394 non
1690 1338 1842 1405 dixit,
1873 1339 1958 1408 qui
1977 1355 2071 1392 au-

489 1435 562 1489 dit
581 1434 729 1489 verba
757 1449 868 1486 mea
897 1441 1097 1486 tantum
1122 1472 1138 1497 ,
1169 1429 1262 1484 sed
1302 1429 1506 1484 addidit
1545 1429 1728 1484 dicens
1751 1470 1764 1490 ,
1799 1429 1884 1497 qui
1929 1428 2073 1480 audit

487 1527 642 1584 verba
666 1544 776 1581 mea
801 1527 908 1580 lucc
926 1544 946 1592 ;
967 1525 1117 1590 satis,
1161 1530 1219 1578 ut
1261 1523 1493 1577 arbitror
1516 1563 1531 1589 ,
1578 1521 1933 1592 signiﬁcavit,
1961 1521 2076 1576 ιιωο

485 1619 648 1674 verba
677 1633 797 1688 qum
838 1617 892 1671 in
933 1625 1114 1670 monte
1153 1615 1362 1668 locutus
1405 1621 1526 1675 est,
1561 1621 1666 1666 tam
1716 1614 1945 1682 perfecte
1991 1613 2075 1666 in-

487 1716 695 1763 struere
723 1707 883 1760 vitam
910 1720 1095 1759 eorum
1143 1704 1232 1774 qui
1271 1704 1539 1758 voluerint
1569 1704 1861 1758 secundum
1904 1719 1966 1758 ea
1996 1704 2076 1758 vi-

485 1813 634 1865 vere,
658 1806 715 1852 nt
743 1797 932 1852 merito
952 1803 1327 1865 comparentur
1347 1794 1627 1850 :ediﬁcanti
1653 1811 1816 1866 super
1845 1805 2068 1865 petram.

489 1888 605 1942 lloc
627 1887 759 1952 dixi,
791 1895 847 1940 ut
869 1895 1122 1955 appareat
1150 1885 1307 1938 istum
1339 1899 1640 1940 sermonem
1667 1885 1915 1940 omnibus
1938 1901 2075 1956 prae-

486 1980 654 2049 ceptis
665 1978 858 2050 quibus
873 1977 1158 2032 christiana
1170 1977 1274 2030 vita
1297 1975 1753 2041 informatur,esse
1766 1979 2075 2048 perlectum:

488 2085 612 2124 nam
643 2069 710 2124 de
739 2069 840 2123 hoc
865 2067 1098 2137 capitulo
1139 2067 1442 2137 diligentius
1477 2083 1574 2122 suo
1601 2067 1717 2122 loco
1745 2069 2074 2124 tractabitur.

559 2161 616 2214 2.
649 2159 814 2229 llujus
856 2160 1014 2229 igitur
1059 2158 1321 2213 sermonis
1363 2157 1568 2212 initium
1616 2158 1694 2212 sic
1736 2160 2074 2214 assumitur:

474 2249 616 2304 Cum
646 2249 845 2302 vidisset
877 2256 1045 2300 autem
1074 2247 1244 2300 turbas
1272 2247 1486 2312 multas,
1509 2247 1735 2300 ascendit
1756 2249 1807 2301 in
1834 2259 2075 2313 montem,

491 2349 539 2393 et
563 2354 677 2393 cum
693 2339 919 2405 sedisset,
938 2345 1250 2390 accesserunt
1263 2337 1332 2389 ad
1346 2354 1456 2391 eum
1477 2338 1714 2407 discipuli
1733 2340 1841 2410 ejus
1859 2357 1877 2403 ,'
1894 2351 1940 2394 et
1957 2358 2080 2408 ape-

483 2429 626 2484 riens
641 2445 696 2483 os
715 2444 861 2482 suum
878 2428 1084 2484 docebat
1098 2443 1204 2494 eos,
1227 2427 1416 2481 dicens.
1437 2427 1492 2482 Si
1509 2429 1761 2497 qumritur
1776 2430 1901 2500 quid
1919 2432 2082 2501 signi-

492 2520 616 2575 ﬁcet
640 2533 796 2574 mons
818 2561 832 2584 ,
864 2518 999 2573 bene
1039 2518 1348 2589 intelligitur
1377 2519 1676 2588 signiﬁcare
1706 2528 1908 2591 majora
1941 2538 2080 2592 pra:-

489 2623 642 2683 cepta
654 2611 901 2683 justitite;
920 2611 1039 2680 quia
1061 2610 1266 2664 minora
1283 2619 1435 2664 erant
1449 2625 1564 2679 qua:
1577 2609 1778 2666 Iudaeis
1797 2612 1918 2667 data
1935 2622 2077 2667 sunt.

491 2703 640 2759 Unus
677 2712 851 2756 tamen
887 2701 1027 2755 Deus
1056 2715 1151 2770 per
1189 2709 1403 2754 sanctos
1434 2699 1729 2769 Prophetas
1757 2713 1813 2757 et
1856 2704 2081 2759 famulos

492 2807 621 2854 suos
644 2834 660 2857 ,
693 2791 986 2846 secundum
1018 2790 1464 2844 ordiuatissimam
1494 2790 1922 2852 distributionem
1951 2806 2083 2851 tent-

490 2897 703 2956 porum,
723 2882 871 2938 dcdit
897 2883 1104 2937 minora
1126 2890 1390 2953 praecepta
1413 2881 1608 2952 populo
1631 2900 1788 2955 quem
1823 2887 1998 2942 adhuc
2018 2889 2084 2942 ti-

490 2992 644 3033 more
675 2975 878 3046 alligari
909 2979 1219 3044 oportebat;
1256 2983 1310 3028 et
1338 2989 1432 3043 per
1452 2993 1480 3029 ι·
1497 2992 1643 3031 mum
1667 2992 1821 3031 suum
1841 3019 1856 3042 ,
1881 2978 2082 3047 majora

471 3069 692 3138 populo
716 3081 875 3136 quem
901 3065 1161 3121 charitate
1184 3067 1296 3135 jam
1336 3064 1550 3121 liberari
1578 3078 1917 3123 convenerat.
1951 3071 2080 3124 Cum

470 3167 671 3213 autem
690 3157 892 3211 minora
915 3156 1227 3220 minoribus,
1248 3153 1448 3224 majora
1476 3158 1768 3227 majoribus
1787 3159 1997 3223 dantur,
2016 3163 2083 3217 ab

467 3282 470 3284 η
494 3265 562 3305 co
576 3249 770 3304 dantur
791 3249 881 3317 qui
908 3249 1053 3305 solus
1074 3249 1219 3303 novit
1232 3257 1611 3320 congruentem
1628 3249 1738 3303 suis
1755 3252 2085 3320 temporibus

495 3341 676 3413 generi
706 3340 941 3396 humano
966 3339 1220 3394 exhibere
1248 3339 1587 3396 medicinam.
1637 3341 1746 3396 Nec
1784 3344 1973 3398 mirum
2002 3354 2085 3400 est

495 3431 637 3502 quod
667 3431 861 3487 dantur
885 3439 1147 3502 praecepta
1182 3431 1384 3502 majora
1411 3441 1628 3503 propter
1659 3449 1880 3504 regnum
1908 3437 2081 3490 ωειδ-

474 3539 616 3580 ρικιιιιι
645 3526 686 3591 ¹,
711 3532 766 3579 et
785 3523 990 3578 minora
1017 3522 1137 3578 data
1159 3532 1284 3577 sunt
1310 3532 1524 3595 propter
1543 3539 1764 3594 regnum
1792 3535 2081 3594 terrenum,

491 3615 769 3672 abeodem
796 3630 903 3670 uno
930 3615 1039 3669 Deo
1061 3614 1149 3685 qui
1176 3613 1299 3668 fecit
1328 3615 1520 3670 ccelum
1547 3623 1604 3670 et
1631 3623 1850 3670 terram.
1883 3617 1959 3674 De
1981 3618 2082 3676 hac

499 3709 625 3776 ergo
647 3703 851 3776 justitla
879 3719 998 3774 qua:
1021 3703 1192 3772 major
1214 3711 1295 3758 est
1321 3745 1335 3768 ,
1352 3705 1460 3773 'pcr
1501 3703 1818 3775 prophetam
1864 3706 2082 3777 dicitur,

498 3795 709 3851 Iustitia
747 3804 835 3848 tua
859 3796 985 3849 sicut
1011 3803 1205 3849 montes
1236 3793 1330 3848 Dei
1361 3793 1530 3866 (Psal.
1560 3811 1724 3862 xxxv,
1771 3798 1858 3867 7):
1889 3807 1944 3854 et
1982 3799 2084 3855 hoc

499 3887 637 3942 bene
664 3886 963 3956 signiﬁcat.
991 3885 1131 3956 quod
1169 3886 1237 3940 ab
1261 3902 1368 3939 uno
1398 3887 1650 3957 magistro
1675 3889 1792 3944 solo
1828 3889 2085 3948 docendis

500 3976 662 4032 tantis
691 3976 849 4031 rebus
879 3975 1090 4039 idoneo,
1129 3975 1347 4030 licetur
1373 3977 1424 4030 in
1454 3987 1657 4032 monte.
1685 3979 1890 4036 Sedens
1905 3993 2084 4038 autem

500 4067 678 4132 docet,
707 4064 848 4136 quod
881 4064 1109 4134 pertinet
1133 4064 1199 4118 ad
1225 4065 1532 4135 dignitatem
1557 4069 1846 4137 magisterii
1872 4089 1885 4126 :
1918 4083 1972 4128 et
1990 4088 2084 4127 ac-

431 4177 444 4186 “
500 4160 694 4215 cedunt
716 4157 781 4212 ad
797 4156 919 4213 eum
940 4156 1181 4225 discipuli
1207 4157 1343 4225 ejus,
1362 4167 1419 4211 ut
1443 4159 1722 4215 audiendis
1741 4161 1882 4218 illius
1906 4166 2087 4224 verbis

504 4249 559 4305 hi
575 4257 756 4305 essent
771 4248 930 4303 etiam
951 4261 1177 4316 corpore
1190 4247 1492 4314 viciniores,
1510 4250 1598 4320 qui
1621 4254 1896 4323 praeceptis
1911 4254 2085 4310 adim-

502 4339 713 4410 plendis
749 4338 908 4393 etiam
939 4339 1118 4392 animo
1168 4338 1608 4408 propinquabant.
1656 4339 1726 4395 Et
1763 4345 1993 4414 aperiens
2029 4363 2087 4401 os

503 4449 674 4499 suum,
701 4431 908 4485 docebat
935 4446 1042 4495 eos,
1071 4431 1261 4484 dicens.
1287 4430 1388 4485 Ista
1415 4432 1816 4490 circumlocutio
1835 4455 1934 4508 qua
1959 4442 2089 4495 scri-

503 4524 666 4590 bitur,
701 4523 767 4576 Et
791 4522 1022 4592 aperiens
1041 4537 1097 4576 os
1123 4538 1269 4576 suum
1295 4564 1310 4588 ,
1342 4521 1586 4579 fortassis
1615 4525 1726 4595 ipsa
1771 4544 1914 4582 mora
1941 4547 2090 4585 com-

505 4613 721 4668 memlat
741 4613 1010 4682 aliquanto
1031 4612 1322 4681 longiorem
1351 4612 1586 4669 futurum
1608 4631 1727 4672 esse
1747 4635 2047 4678 sermonem
2071 4643 2085 4679 :

505 4705 608 4759 nisi
636 4704 771 4757 forte
792 4718 896 4756 non
926 4710 1079 4757 vacet
1103 4702 1243 4772 quod
1270 4718 1413 4759 nunc
1451 4720 1573 4760 eum
1605 4706 1802 4762 dietmn
1838 4721 1919 4765 est
1958 4729 2086 4782 ape-

511 4797 682 4850 ruisse
707 4809 769 4849 os
793 4809 968 4859 suum,
996 4793 1138 4863 quod
1181 4794 1293 4864 ipse
1321 4796 1372 4849 in
1405 4791 1547 4867 Lege
1572 4800 1740 4854 veteri
1766 4804 1974 4870 aperire
2003 4820 2090 4859 so-

503 4888 642 4942 lerct
665 4902 756 4964 ora
780 4885 1192 4956 Prophetarum.
1828 4956 1832 4960 ι

572 4977 626 5032 3.
655 4975 790 5045 Quid
821 4990 948 5046 ergo
985 4975 1146 5030 dicit?
1171 4973 1316 5030 Beati
1344 4994 1588 5049 pauperes
1611 4981 1826 5052 spiritu;
1850 4987 2087 5056 quoniam

488 5069 731 5139 ipsorum
759 5076 834 5122 est
856 5083 1064 5138 regnum
1081 5066 1338 5121 calorum.
1364 5068 1613 5138 Legimus
1631 5075 1884 5143 scriptum
1907 5078 1974 5134 de
1995 5096 2091 5150 ap-

505 5160 758 5230 petitione
800 5175 980 5214 rerum
1024 5161 1416 5229 temporalium,
1449 5160 1633 5217 Omnia
1663 5168 1855 5231 vanitas
1883 5181 1928 5224 et
1953 5191 2088 5242 prte-

503 5252 724 5322 sumptio
761 5252 969 5321 spiritus
1013 5249 1209 5322 (Eccle.
1234 5268 1274 5314 ι.
1308 5253 1396 5314 ιι,
1443 5271 1542 5309 sec.
1572 5255 1714 5312 LXX
1741 5249 1796 5331 )1;
1823 5277 2082 5330 praesum-

506 5343 616 5411 ptio
646 5352 822 5396 autem
860 5343 1106 5411 spiritus,
1136 5343 1410 5398 audaciam
1448 5353 1504 5400 et
1543 5349 1847 5417 superbiam
1877 5353 2111 5424 signiﬁ--

506 5443 592 5488 cut
615 5450 630 5485 :
651 5434 818 5503 vulgo
841 5433 1000 5487 etiam
1033 5449 1254 5505 magnos
1282 5435 1500 5504 spiritus
1529 5440 1740 5507 superbi
1774 5441 1972 5500 habere
2008 5447 2090 5502 tli-

506 5533 728 5588 cuntur;
756 5532 810 5579 et
835 5533 1002 5591 recte,
1020 5526 1445 5597 quandoquidem
1476 5529 1693 5599 spiritus
1715 5535 1872 5589 etiam
1903 5549 2090 5595 ventus

508 5623 743 5670 vocatur.
773 5613 926 5671 Unde
963 5615 1218 5686 scriptum
1243 5626 1364 5684 est,
1398 5617 1540 5688 Ignis
1558 5661 1573 5685 ,
1597 5623 1811 5691 grando,
1835 5627 1941 5688 nix,
1973 5631 2088 5699 gla-

503 5706 623 5766 cies,
643 5705 848 5773 spiritus
874 5704 1402 5776 tempestatis‘(Psal.
1432 5722 1650 5774 CXLVIII,
1686 5712 1763 5782 8).
1809 5717 1937 5781 Quis
1963 5735 2088 5773 vero

573 5797 589 5860 ξ
616 5803 812 5860 Septem
836 5803 960 5850 διεδ..
974 5803 1179 5860 propter
1201 5809 1400 5860 regnum
1419 5805 1677 5851 terrarum.

560 5857 589 5887 ³
610 5858 682 5904 sic
828 5863 880 5904 At
905 5859 1042 5910 editi.
1064 5857 1271 5922 excepto
1287 5867 1415 5922 nam,
1437 5860 1637 5926 spiritus
1654 5865 1991 5929 procellarum.

1330 410 1416 464 DE
1453 407 1770 464 SEMIONE
1811 403 2045 462 DOMINI
2087 403 2152 459 IN
2193 403 2444 472 MONTE,
2483 407 2542 464 S.
2584 407 2944 466 AUGUSTINI

3571 416 3761 473 ~‘11:)?

2179 521 2379 576 nesciat
2403 523 2659 593 superbos
2689 523 2900 578 inflatos
2928 523 3051 587 dici,
3080 533 3330 595 tanquam
3361 535 3523 582 vento
3547 528 3754 586 disten-

2180 613 2293 667 tos?
2315 611 2467 668 Unde
2503 622 2586 668 est
2622 614 2784 669 etiam
2827 614 2954 669 illud
2980 617 3219 686 Apostoli
3259 635 3272 671 :
3315 618 3540 674 Scientia
3590 622 3755 691 inﬂat,

2175 705 2398 759 clmritas
2425 721 2539 759 vero
2564 705 2785 775 redi/ica!
2807 707 2847 777 (l
2874 705 2993 762 Cor.
3022 724 3136 774 vm,
3165 710 3236 778 1).
3262 709 3598 780 Quapropter
3621 724 3762 769 recto

2177 797 2262 852 hic
2287 797 2650 868 intelliguntur
2676 817 2920 870 pauperes
2939 801 3138 871 spiritu,
3168 802 3396 859 humiles
3423 814 3478 859 et
3509 807 3755 860 timentes

2179 889 2383 956 Deum,
2426 891 2476 944 id
2522 901 2627 956 est,
2677 907 2781 946 non
2830 894 3087 949 habente;
3135 895 3404 950 innantem
3453 898 3700 967 spiritum
3723 902 3763 953 '.

2176 980 2284 1035 Nec
2313 982 2525 1036 aliunde
2563 983 2782 1037 omnino
2809 983 3047 1053 incipere
3073 986 3306 1052 oportuit
3333 986 3719 1042 beatitudinem
3745 1009 3759 1052 ;

2177 1072 2436 1142 siquidem
2480 1083 2795 1142 perventum
2841 1083 2923 1129 est
2977 1076 3042 1128 ad
3087 1091 3350 1132 summam
3392 1080 3756 1148 sapientiam:

2188 1165 2400 1220 Initium
2425 1176 2594 1220 autem
2631 1169 2890 1238 sapientia:
2922 1170 3072 1222 timor
3101 1169 3306 1224 Domini
3333 1171 3524 1241 (Eccli.
3555 1189 3606 1239 I,
3638 1174 3764 1241 16);

2177 1261 2424 1329 quoniam
2458 1269 2512 1314 et
2538 1279 2568 1316 e
2595 1263 2865 1316 contrario
2884 1305 2898 1327 ,
2931 1262 3143 1316 Initium
3163 1266 3325 1318 onmis
3354 1266 3545 1335 peccati
3590 1283 3768 1335 super-

2179 1353 2259 1406 bia
2275 1353 2558 1407 inscribitur
2575 1352 2686 1423 (Id.
2705 1369 2759 1419 x,
2781 1355 2889 1424 15).
2911 1354 3138 1424 Superbi
3159 1371 3284 1424 ergo
3300 1364 3550 1425 appetant
3577 1365 3631 1409 et
3649 1357 3767 1410 dili-

2177 1453 2303 1513 gant
2332 1461 2491 1512 regna
2529 1454 2784 1499 terrarum
2819 1463 2832 1496 :
2864 1445 3006 1498 Beati
3051 1457 3228 1499 autem
3273 1463 3521 1516 pauperes
3546 1447 3767 1517 spiritu;

2178 1535 2413 1602 quoniam
2441 1535 2666 1604 ipsorum
2687 1546 2757 1588 est
2781 1552 2985 1605 regnum
3015 1537 3274 1589 cwlorum.

2250 1626 2475 1681 CAPUT
2516 1627 2579 1680 ιι.
2607 1657 2678 1666 -
2701 1627 2754 1681 4.
2787 1626 2934 1681 Beati
2961 1631 3144 1692 utiles;
3169 1629 3406 1694 quoniam
3427 1630 3526 1698 ipsi
3556 1630 3772 1684 Incredi-

2180 1723 2282 1770 tate
2323 1716 2642 1786 possidebunt
2689 1726 2874 1772 terram
2897 1734 2914 1771 :
2943 1719 3084 1773 illam
3111 1719 3274 1775 credo
3301 1729 3497 1775 terram
3524 1762 3539 1782 ,
3570 1721 3639 1775 de
3666 1736 3770 1790 qua

2181 1807 2234 1862 in
2263 1809 2474 1863 Psalmo
2503 1809 2715 1874 dicitur,
2749 1811 2882 1881 Spes
2902 1828 3012 1864 utea
3038 1829 3090 1865 es
3113 1821 3166 1865 tu
3191 1853 3206 1875 ,
3231 1814 3394 1882 portio
3415 1830 3525 1866 mea
3554 1814 3607 1866 in
3633 1824 3772 1866 terra

2181 1903 2446 1955 viventium
2475 1902 2644 1973 (Psal.
2675 1918 2828 1966 cut,
2875 1903 2951 1972 6).
3001 1903 3274 1973 Signilicat
3313 1904 3453 1958 enim
3482 1904 3767 1973 quamdam

2182 1993 2502 2046 soliditatem
2529 2003 2584 2047 et
2626 1993 2966 2048 stabilitatem
2997 1993 3322 2048 hazreditatis
3352 2003 3644 2064 perpetuae,
3677 1995 3769 2049 ubi

2181 2082 2356 2136 anima
2384 2098 2479 2152 per
2520 2084 2716 2138 bonum
2761 2083 3030 2148 aﬁ'ectnm,
3074 2096 3322 2154 tanquam
3371 2086 3492 2139 loeo
3535 2100 3635 2139 suo
3681 2101 3772 2140 rc-

2183 2174 2440 2240 quiescit,
2467 2175 2604 2228 sicut
2628 2189 2822 2244 corpus
2853 2175 2904 2228 in
2938 2184 3105 2238 terra;
3150 2186 3203 2230 et
3231 2176 3352 2230 inde
3381 2176 3502 2230 cibo
3540 2191 3639 2230 suo
3663 2176 3760 2229 ali-

2186 2276 2289 2330 tur,
2320 2267 2457 2322 sicut
2482 2281 2676 2336 corpus
2705 2282 2771 2321 ex
2822 2277 3000 2322 terra:
3033 2268 3143 2336 ipsa
3195 2278 3276 2322 est
3313 2259 3525 2336 requies
3563 2276 3622 2322 et
3661 2268 3772 2322 vita

2184 2366 2508 2412 Sanctorum.
2541 2358 2694 2412 Miles
2717 2366 2894 2412 autem
2925 2367 3049 2412 sunt
3068 2359 3156 2428 qui
3185 2358 3382 2413 cedunt
3415 2359 3773 2427 improbitati-

2185 2448 2311 2510 bus,
2353 2458 2407 2502 et
2434 2465 2539 2504 non
2569 2450 2823 2504 resistunt
2850 2451 3010 2514 malo,
3043 2450 3138 2505 sed
3165 2451 3382 2505 vincunt
3407 2451 3458 2504 in
3490 2450 3630 2504 bono
3653 2466 3770 2505 ma-

2185 2539 2291 2592 hnn
2321 2540 2495 2609 (Rom.
2527 2557 2621 2603 χιι,
2655 2540 2766 2610 21).
2812 2541 3071 2595 Rixentur
3099 2556 3227 2610 ergo
3255 2541 3505 2605 immites,
3537 2550 3593 2596 et
3612 2540 3806 2612 dimi-ﬁ.

2185 2640 2305 2683 cont
2332 2645 2427 2699 pro
2471 2631 2700 2686 terrenis
2730 2639 2785 2686 et
2828 2632 3208 2700 temporalibus
3259 2631 3459 2686 rebus:
3493 2631 3638 2685 Beati
3669 2647 3771 2686 au-

2187 2729 2292 2774 tem
2321 2722 2497 2786 mites;
2526 2723 2763 2792 quoniam
2781 2721 2878 2793 ipsi
2903 2723 3194 2777 hereditate
3215 2723 3532 2794 possidebunt
3561 2733 3773 2790 terram,

2185 2811 2253 2866 de
2281 2827 2384 2882 qua
2409 2813 2530 2882 pelli
2554 2829 2658 2866 non
2688 2815 2912 2882 possint.

2257 2902 2310 2956 5.
2334 2901 2479 2955 Beati
2494 2903 2742 2972 lugentes;
2761 2904 2998 2973 quoniam
3019 2904 3120 2974 ipsi
3137 2905 3544 2959 consolabuntur.
3570 2903 3775 2960 Luctus

2186 3001 2270 3046 est
2299 2992 2508 3046 tristitia
2533 2991 2601 3046 de
2637 2994 2924 3048 amissione
2950 2993 3235 3049 charorum
3267 3013 3279 3048 :
3311 2995 3555 3050 conversi
3592 3006 3774 3052 autem

2187 3083 2252 3136 ad
2281 3084 2444 3138 Deum
2469 3127 2483 3147 ,
2513 3100 2574 3138 ea
2615 3100 2735 3154 qua:
2757 3085 2808 3138 in
2841 3084 2942 3139 hoc
2967 3085 3166 3138 mundo
3189 3084 3349 3139 chara
3369 3086 3776 3156 amplecteban-

2189 3183 2291 3238 tur,
2324 3175 2574 3228 amittunt
2609 3193 2621 3228 :
2663 3191 2767 3229 non
2798 3175 2938 3230 enim
2967 3176 3200 3246 gaudent
3241 3175 3325 3230 his
3370 3177 3551 3241 rebus,
3581 3177 3778 3247 quibus

2190 3275 2316 3321 ante
2339 3266 2680 3336 gaudebant;
2707 3275 2762 3320 et
2807 3266 2977 3322 donec
3004 3268 3097 3321 ﬁat
3124 3267 3178 3320 in
3224 3267 3330 3322 illis
3357 3283 3510 3322 amor
3547 3277 3779 3323 artemo-

2188 3372 2303 3410 rum
2331 3358 2374 3421 ',
2403 3357 2651 3410 nonnulla
2681 3356 2932 3412 nues-tilia
2967 3357 3274 3411 sanciantur
3315 3375 3328 3411 :
3355 3356 3779 3412 consolabuntur

2187 3461 2316 3516 ergo
2337 3447 2536 3517 Spiritu
2563 3457 2769 3512 sancto,
2793 3447 2882 3517 qui
2911 3447 3140 3501 maxime
3164 3455 3448 3518 propterea
3477 3449 3781 3518 paracletus

2188 3537 2511 3602 nominatur,
2545 3537 2593 3590 id
2621 3546 2701 3591 est
2721 3536 3047 3601 conSolator,
3077 3545 3135 3591 ut
3155 3538 3501 3607 temporalem
3529 3540 3781 3594 amitten-

2189 3637 2272 3683 tes
2296 3637 2492 3682 zeterna
2520 3629 2699 3682 ltetitia
2733 3627 3097 3697 perfruantur.

2260 3719 2312 3774 6.
2340 3709 2593 3789 Beatiqui
2631 3711 2864 3773 esuriant
2904 3728 2952 3772 et
2995 3719 3170 3772 sitiunt
3205 3719 3494 3789 justitiam;
3540 3722 3782 3793 quoniam

2187 3808 2287 3879 ipsi
2310 3810 2687 3863 satur-abutitur.
2714 3808 2831 3864 Jam
2873 3810 3004 3864 istos
3029 3821 3296 3865 amatores
3321 3811 3450 3865 dicit
3479 3813 3587 3866 reri
3615 3823 3668 3867 et
3694 3813 3781 3866 in-

2189 3885 2430 3954 concuSsi
2459 3900 2602 3954 boni.
2660 3900 2752 3954 Illo
2795 3915 2923 3970 ergo
2943 3901 3063 3954 cibo
3111 3901 3493 3956 saturabuntur
3518 3942 3534 3966 ,
3575 3902 3643 3958 de
3669 3920 3784 3972 quo

2143 4062 2148 4063 ί
2190 3993 2304 4062 ipse
2325 3993 2578 4048 Dominus
2596 3992 2742 4060 dicit,
2769 3991 2914 4046 Meus
2940 3992 3078 4046 cibus
3097 4004 3168 4047 est
3190 4003 3241 4046 ut
3263 3995 3451 4064 faciam
3472 3994 3782 4048 voluntatem

2192 4083 2366 4139 Patris
2403 4085 2534 4150 mei,
2568 4085 2707 4155 quod
2750 4093 2835 4140 est
2857 4085 3062 4155 justitia
3105 4103 3117 4139 :
3150 4096 3206 4140 et
3252 4086 3338 4139 illa
3367 4101 3503 4156 aqua
3532 4129 3548 4153 ,
3579 4087 3648 4140 de
3672 4103 3782 4157 qua

2190 4178 2428 4247 quisquis
2465 4178 2668 4242 biberit,
2694 4187 2752 4232 ut
2772 4178 2910 4232 idem
2933 4177 3083 4243 dicit,
3115 4179 3200 4247 ﬁet
3228 4180 3280 4232 in
3308 4196 3365 4232 eo
3387 4179 3500 4248 fons
3530 4197 3674 4251 aqua
3695 4199 3785 4235 sa-

2192 4268 2357 4323 lientis
2395 4273 2448 4322 in
2473 4271 2626 4322 vitam
2651 4279 2888 4322 aeternam
2915 4268 3092 4339 (Joan.
3119 4285 3192 4334 tv,
3221 4269 3312 4336 54,
3349 4271 3458 4342 ib).

2265 4361 2317 4413 7.
2345 4360 2488 4414 Beati
2508 4361 2874 4424 misericordes;
2894 4362 3129 4428 quoniam
3145 4363 3375 4432 ipsorum
3395 4361 3707 4416 miserebitur
3735 4363 3779 4416 ³.

2194 4451 2386 4507 Beatos
2426 4467 2546 4508 esse
2571 4451 2698 4507 dicit
2733 4453 2823 4522 qui
2855 4453 3173 4519 subveniunt
3220 4453 3292 4508 mi
3326 4454 3499 4520 seris,
3526 4457 3782 4526 quoniam

2192 4544 2271 4598 eis
2297 4544 2364 4597 ila
2387 4543 2713 4612 rependitur,
2739 4554 2794 4596 ut
2819 4542 2886 4597 de
2916 4544 3128 4598 miseria
3150 4543 3459 4598 liberentur.

2263 4634 2315 4688 8.
2347 4634 2492 4688 Beati
2527 4635 2702 4688 mundi
2743 4635 2930 4696 corde;
2956 4636 3194 4704 quoniam
3216 4635 3314 4704 ipsi
3343 4634 3504 4689 Deum
3525 4635 3780 4690 ridebunt.

2193 4725 2362 4792 Quam
2405 4741 2532 4796 ergo
2561 4727 2703 4781 stulti
2751 4735 2873 4780 sunt
2918 4727 3006 4796 qui
3056 4727 3219 4780 Deum
3263 4727 3380 4782 istis
3423 4729 3783 4783 exterioribus

2194 4818 2364 4872 oculis
2382 4825 2647 4886 quaerunt,
2673 4832 2795 4870 cmn
2834 4817 2996 4870 corde
3038 4817 3298 4884 videatur,
3326 4819 3464 4875 sicut
3491 4818 3619 4873 alibi
3647 4818 3784 4872 scri-

2197 4917 2342 4978 ptum
2370 4918 2452 4963 est
2475 4949 2490 4973 ,
2521 4907 2584 4960 Et
2614 4923 2666 4961 In
2691 4907 3010 4977 simplicitate
3031 4908 3197 4962 cordis
3219 4910 3426 4978 qutrrite
3448 4909 3592 4964 illum
3618 4908 3781 4978 (Sap.

2195 5015 2233 5061 I,
2264 4998 2339 5071 1).
2370 4999 2482 5053 lloc
2519 5008 2602 5053 est
2627 4997 2768 5052 enim
2801 4998 3053 5053 mundum
3085 5013 3178 5054 cor
3201 5041 3216 5064 ,
3247 4999 3391 5069 quod
3429 5008 3511 5054 est
3547 4999 3775 5069 simplex

2192 5106 2322 5145 cor:
2350 5100 2404 5146 et
2427 5091 2871 5162 quemadmodum
2899 5091 3076 5145 lumen
3114 5091 3217 5146 hoc
3247 5091 3412 5148 videri
3443 5107 3552 5147 non
3582 5100 3781 5162 potest,

2194 5182 2294 5236 nisi
2328 5183 2497 5237 oculis
2525 5181 2772 5241 mundis;
2805 5183 2873 5235 ita
2918 5197 3015 5236 nec
3043 5182 3181 5237 Deus
3220 5183 3460 5244 videtur.
3491 5183 3592 5238 nisi
3621 5198 3783 5237 mun-

2192 5273 2320 5327 dum
2351 5275 2420 5328 sit
2449 5271 2576 5327 illud
2602 5287 2707 5342 quo
2735 5272 2901 5327 videri
2921 5282 3112 5342 potest.

2200 5444 2212 5456 ο
2251 5387 2397 5456 1Lov.
2414 5391 2523 5434 cum
2539 5393 2744 5454 quatuor
2763 5392 2888 5444 Mss,
2903 5383 3119 5450 inﬂatum
3129 5385 3367 5452 spiritum.
3382 5389 3552 5438 Ceteri
3568 5387 3784 5449 codices,

2191 5445 2448 5511 t'nﬂtmtcm.

2256 5511 2274 5541 ²
2303 5515 2351 5556 lu
2375 5508 2651 5558 Corbcicusi
2673 5507 2858 5566 codice,
2884 5506 3089 5570 (lltlt‘t’do
3109 5516 3411 5561 tutemet-um.
3433 5510 3577 5561 Paulo
3598 5510 3715 5570 his
3731 5526 3782 5562 ιιι

2193 5571 2334 5620 editis
2359 5570 2635 5633 legebatur.
2678 5578 2724 5617 ut
2750 5569 3030 5633 temporalia
3061 5570 3323 5622 amittentes
3347 5586 3363 5622 :
3389 5575 3436 5622 in
3460 5569 3657 5622 duobus
3673 5571 3781 5622 Bel-

2190 5635 2311 5694 gicis
2333 5631 2456 5686 Μεθ’..
2493 5639 2543 5680 ut
2564 5631 2883 5694 temporalem
2909 5631 3174 5682 mnittenles
3192 5632 3384 5682 luctum.
3412 5636 3503 5683 sed
3535 5635 3711 5684 melius
3731 5636 3782 5682 in

2192 5692 2288 5759 uno
2331 5693 2716 5759 ru_t._et_decem
2751 5692 3019 5751 (militauis,
3054 5701 3102 5743 ιιι
3141 5695 3450 5759 temporalem
3470 5695 3734 5746 amittentes
3762 5709 3781 5744 .°

2190 5755 2410 5811 subaudi,
2438 5755 2660 5804 lartitiam.

2255 5817 2276 5847 ³
2299 5817 2358 5863 rd
2381 5817 2434 5925 lli,
2460 5816 2760 5868 misereatur
2794 5823 2931 5865 rens.
2959 5816 3102 5866 Abest
3135 5829 3248 5876 vox,
3289 5825 3436 5877 reus,
3462 5831 3490 5867 a
3515 5826 3619 5866 Mss.
3647 5826 3695 5865 et
3715 5818 3778 5867 ab

2259 5892 2383 5925 alue
2405 5891 2466 5925 ιυ.

2196 5879 2466 5938 Evangelio.
