4076 6478
298 328 441 387 {253

370 445 431 499 9.
452 439 606 496 Beati
636 438 870 509 paciﬁci;
899 438 1133 507 quoniam
1158 436 1254 505 ipsi
1299 436 1393 505 ﬁlii
1436 435 1530 489 Dei
1560 436 1864 489 vocabuntur

303 534 364 591 In
387 550 524 604 pace
550 532 808 603 perfectio
834 539 938 595 est,
966 529 1053 583 ubi
1086 528 1215 582 nihil
1246 536 1534 598 repugnat;
1577 536 1628 581 et
1651 527 1770 581 ideo
1802 526 1893 581 ﬁlii

308 627 403 681 Dei
434 624 660 695 pacifici,
685 623 933 692 quoniam
957 621 1086 675 nihil
1110 621 1307 675 resistit
1338 622 1443 674 Deo
1466 622 1505 679 ί.
1530 630 1580 673 01
1604 620 1781 689 utique
1804 619 1895 672 ﬁlii

311 714 720 769 similitudinem
764 712 929 782 patris
965 712 1163 765 habere
1210 711 1423 765 debent.
1468 710 1679 765 Paciﬁci
1719 721 1895 763 autem

314 806 367 859 in
399 803 709 877 semetipsis
741 811 866 855 sunt
885 843 899 866 ,
926 802 1014 871 qui
1041 816 1229 855 onmes
1254 800 1417 854 animi
1444 799 1524 853 sui
1551 809 1728 853 motus
1753 813 1899 852 eom-

312 904 581 963 ponentes
602 901 659 947 et
683 892 1027 959 subjicientes
1065 891 1258 945 rationi
1282 931 1297 956 ,
1330 891 1380 945 id
1407 890 1490 945 est
1513 892 1677 944 menti
1704 898 1759 943 et
1786 890 1898 959 spi-

309 986 455 1049 ritui,
490 985 836 1055 carnalesque
861 983 1320 1053 concupiscentias
1343 982 1596 1035 habentes
1617 980 1898 1046 edomitus,

310 1078 450 1130 ﬁunt
470 1091 691 1147 regnum
723 1077 813 1129 Dei
845 1094 859 1129 :
893 1076 944 1128 in
966 1091 1071 1145 quo
1102 1076 1171 1128 ita
1197 1084 1320 1128 sunt
1343 1073 1583 1128 ordinata
1611 1074 1787 1127 omnia
1806 1116 1821 1139 ,
1844 1083 1905 1128 ut

309 1169 365 1222 id
392 1169 535 1239 quod
564 1168 727 1223 estin
760 1169 974 1223 homine
1018 1168 1343 1237 praecipuum
1381 1176 1435 1221 et
1478 1167 1767 1231 excellens,
1804 1168 1904 1221 hoc

310 1261 549 1329 imperet
592 1260 802 1314 caeteris
832 1274 936 1312 non
977 1258 1381 1323 reluctantibus,
1430 1273 1549 1328 qua:
1596 1268 1719 1311 sunt
1753 1257 1905 1310 nobis

313 1350 613 1420 bestiisque
632 1351 970 1415 communia;
998 1360 1159 1419 atque
1187 1349 1412 1418 idipsum
1434 1347 1577 1418 quod
1605 1347 1823 1402 excellit
1849 1348 1904 1400 in

310 1440 555 1504 homine,
586 1439 638 1493 id
658 1448 741 1494 est
763 1457 913 1495 tuens
939 1449 993 1493 et
1022 1441 1177 1501 ratio,
1201 1439 1511 1508 subjiciatur
1528 1438 1741 1507 potiori,
1764 1437 1905 1505 quod

310 1542 399 1587 est
432 1533 550 1601 ipsa
591 1532 790 1587 veritas
837 1532 1138 1601 tmigenitus
1181 1531 1346 1585 Filius
1400 1532 1509 1585 Dei.
1559 1529 1739 1599 Neque
1763 1529 1907 1584 enim

310 1624 586 1693 imperare
604 1623 943 1678 inferioribus
967 1633 1158 1692 potest,
1177 1623 1275 1677 nisi
1294 1622 1555 1691 superiori
1572 1636 1630 1675 se
1654 1622 1765 1690 ipse
1784 1621 1908 1675 sub-

305 1714 481 1784 jiciat.
519 1716 581 1770 Et
627 1715 740 1770 1111ιο
765 1725 848 1768 est
890 1731 988 1784 pax
1013 1732 1131 1783 qua:
1159 1715 1393 1769 daturin
1437 1725 1574 1767 terra
1605 1712 1908 1766 hominibus

311 1804 475 1859 bona:
497 1806 783 1862 voluntatis
815 1805 965 1875 (Luc.
1014 1821 1073 1871 11,
1109 1806 1235 1875 li);
1270 1805 1385 1859 hac
1423 1806 1527 1858 vita
1555 1803 1907 1859 consummati

315 1896 657 1967 perfectique
687 1898 962 1967 sapientis.
994 1898 1067 1952 De
1107 1897 1406 1967 hujusmodi
1438 1913 1603 1966 regno
1637 1894 1909 1965 pacatissi-

313 2003 408 2042 mo
434 1999 493 2043 et
520 1989 916 2043 ordinatissimo
959 1988 1152 2042 missus
1176 1997 1259 2043 est
1298 1987 1440 2042 foras
1478 1988 1725 2057 princeps
1752 1985 1910 2053 hujus

313 2081 527 2146 smculi,
554 2082 642 2150 qui
672 2082 934 2150 perversis
991 2080 1411 2148 inordinatisque
1452 2079 1770 2132 dominatur.
1803 2077 1911 2130 llac

314 2186 451 2241 pace
470 2171 789 2225 intrinsecus
807 2172 1090 2224 constituta
1114 2181 1271 2239 atque
1298 2171 1525 2234 ﬁrmata,
1549 2183 1910 2238 quascumque

314 2261 721 2330 persecutiones
760 2263 848 2316 ille
887 2261 977 2331 qui
1026 2261 1169 2315 foras
1208 2261 1402 2314 missus
1443 2268 1565 2325 est,
1618 2259 1910 2312 forinsecus

312 2351 685 2415 concitaverit,
710 2360 868 2420 auget
885 2351 1107 2421 gloriam
1136 2367 1254 2420 qua:
1280 2349 1573 2404 secundum
1596 2349 1763 2403 Deum
1789 2358 1909 2413 est;

314 2456 426 2495 non
453 2441 652 2509 aliquid
681 2442 732 2493 in
761 2442 853 2495 illo
881 2441 1106 2494 ardiﬁcio
1134 2439 1456 2494 labefactans
1476 2480 1490 2503 ,
1532 2438 1627 2492 sed
1658 2439 1912 2493 deﬁcien-

312 2530 462 2583 tibus
492 2531 754 2585 machinis
783 2532 893 2585 suis
924 2532 1258 2585 innotescere
1282 2529 1483 2583 faciens
1516 2539 1711 2599 quanta
1742 2530 1910 2583 111-1111-

313 2630 401 2673 tas
431 2620 575 2673 intus
612 2631 877 2675 exstructa
908 2622 999 2674 sit.
1030 2621 1154 2675 Ideo
1192 2621 1431 2690 sequitur
1458 2639 1472 2676 :
1501 2621 1646 2675 Beati
1682 2624 1768 2692 qui
1799 2639 1912 2692 per—

314 2713 629 2766 secutionem
665 2715 925 2783 patiuntur
947 2725 1148 2784 propter
1172 2715 1469 2785 justitiam;
1509 2716 1746 2782 quoniam
1775 2717 1911 2786 ipso-

314 2817 432 2853 rum
459 2811 535 2855 est
563 2819 771 2872 regnum
807 2805 1063 2858 caelorum.

386 2893 614 2969 CAPUT
654 2894 740 2948 Ill.
776 2925 847 2933 —
889 2897 975 2949 111.
1012 2895 1146 2950 Sunt
1188 2904 1367 2950 autem
1407 2912 1596 2950 omnes
1642 2897 1757 2950 ista:
1786 2907 1910 2951 octo

317 2985 626 3039 sententizc.
664 2985 780 3039 Jam
815 2987 955 3040 enim
985 2998 1175 3041 ctetera
1216 2988 1545 3057 compellans
1583 2988 1814 3058 loquitur
1842 2990 1907 3042 ad

317 3077 439 3129 illos
487 3078 576 3146 qui
631 3077 888 3142 aderant,
934 3078 1159 3133 dicens:
1192 3077 1335 3131 Beati
1384 3080 1556 3145 eritis,
1612 3096 1724 3132 cum
1772 3080 1909 3133 vobis

315 3169 639 3235 maledicent,
664 3180 710 3222 et
733 3181 1087 3240 persequentur
1110 3186 1215 3225 vos.
1240 3171 1553 3239 Superiores
1579 3182 1754 3226 autem
1785 3186 1909 3226 seu-

318 3260 514 3313 tentias
558 3260 872 3328 generaliter
909 3260 1169 3329 dirigebat
1204 3278 1215 3313 :
1260 3277 1366 3313 non
1401 3260 1542 3315 enim
1578 3261 1730 3325 dixit,
1758 3261 1907 3316 Beati

318 3368 567 3421 pauperes
591 3352 767 3421 spiritu
792 3394 805 3415 ,
830 3352 1078 3421 quoniam
1106 3360 1341 3405 vestrum
1370 3360 1455 3405 est
1490 3368 1708 3420 regnum
1748 3353 1912 3407 111110-

316 3460 474 3508 rum;
507 3445 620 3507 sed,
651 3445 886 3511 quoniam
916 3444 1139 3513 ipsorum
1176 3453 1269 3506 est,
1300 3443 1487 3512 inqttit,
1519 3460 1726 3513 regnum
1755 3446 1908 3497 (ηδιο-

315 3552 434 3587 rum
470 3550 490 3587 :
529 3549 722 3603 neque,
775 3532 918 3586 Beati
957 3536 1131 3597 mites,
1173 3534 1421 3602 quoniam
1451 3548 1545 3587 vos
1575 3534 1911 3600 possidebitis

319 3637 557 3691 terram;
599 3627 691 3681 sed
714 3669 728 3689 ,
760 3628 995 3696 quoniam
1021 3627 1118 3695 ipsi
1155 3625 1474 3696 possidebunt
1505 3636 1706 3679 terram.
1742 3628 1805 3681 Et
1840 3628 1907 3681 ita

319 3728 547 3771 caderas
577 3733 743 3785 usque
769 3718 834 3771 ad
865 3728 1006 3771 001111
1020 3734 1105 3771 am
1135 3719 1478 3782 sententiam,
1512 3719 1598 3771 uhi
1629 3720 1701 3771 ait
1730 3737 1741 3771 :
1766 3718 1909 3772 Beati

318 3813 406 3879 qui
437 3814 829 3881 persecutionem
856 3814 1116 3881 patiuntur
1137 3824 1341 3882 propter
1368 3814 1645 3879 iustitiam;
1674 3815 1911 3883 quoniam

317 3902 549 3967 ipsorum
599 3915 669 3957 est
701 3922 910 3974 regnum
944 3905 1203 3958 (telorum.
1252 3904 1377 3958 111110
1419 3905 1528 3975 jam
1552 3906 1733 3974 incipit
1768 3907 1908 3976 loqui

320 4001 614 4060 prteseutcs
660 3996 1007 4064 compellans,
1044 4011 1162 4049 cum
1202 4006 1256 4049 et
1298 3992 1384 4049 illa
1429 4012 1547 4066 qua:
1583 4012 1740 4065 supra
1769 3997 1908 4052 dicta

318 4097 466 4150 sunt,
496 4085 561 4138 ad
589 4102 683 4140 eos
710 4089 868 4141 etiam
907 4089 1251 4155 pertinerent,
1289 4088 1375 4156 qui
1407 4098 1696 4158 prmscntes
1725 4089 1909 4143 audie-

321 4181 483 4243 bant;
516 4189 571 4235 et
599 4182 711 4235 haec
744 4191 923 4251 postea
962 4198 1081 4251 qua:
1118 4182 1365 4236 videntur
1396 4183 1745 4250 pnusentibus
1782 4198 1907 4253 spe-

319 4272 530 4325 cialiter
571 4272 707 4335 dici,
755 4272 1051 4341 pertineant
1085 4273 1244 4325 etiam
1290 4273 1354 4325 ad
1389 4273 1616 4342 illosqui
1664 4273 1908 4327 absentes

320 4363 407 4415 vel
459 4374 577 4431 post
628 4362 784 4416 futuri
829 4374 997 4417 erant.
1041 4364 1375 4433 Quapropter
1403 4364 1501 4416 iste
1528 4365 1906 4417 sententiarum

324 4468 579 4505 numerus
624 4453 901 4521 diligenter
942 4454 1358 4508 considerandus
1395 4462 1496 4508 est.
1541 4454 1729 4523 incipit
1765 4455 1906 4508 enim

323 4544 593 4599 beatitudo
642 4547 709 4599 ab
758 4547 1053 4602 humilitate
1099 4565 1112 4601 :
1156 4546 1299 4600 Beati
1340 4563 1582 4617 pauperes
1621 4547 1822 4614 spiritu,
1857 4546 1907 4600 id

320 4646 423 4699 est,
460 4653 564 4689 non
593 4637 780 4699 inflati,
805 4638 928 4691 dum
959 4654 1018 4691 se
1043 4638 1235 4690 divina:
1263 4637 1560 4690 auctoritati
1590 4637 1765 4690 subdit
1790 4638 1905 4690 ani-

322 4742 408 4778 ma
430 4767 444 4789 ,
474 4727 667 4779 timens
716 4737 833 4794 post
882 4727 1016 4779 hanc
1062 4728 1223 4778 vitam
1270 4742 1338 4780 ne
1379 4736 1557 4796 pergat
1585 4726 1650 4780 ad
1682 4742 1864 4796 pteuas
1889 4770 1904 4793 ,

320 4816 530 4868 etiamsi
572 4814 707 4869 forte
748 4818 798 4869 in
852 4816 951 4869 hac
998 4816 1104 4868 vita
1150 4816 1247 4869 sibi
1288 4817 1439 4870 beata
1484 4831 1603 4871 esse
1642 4816 1904 4872 videatur.

319 4901 449 4959 lude
491 4904 634 4958 venit
669 4904 733 4958 ad
764 4906 1058 4959 divinarum
1099 4904 1491 4975 Scripturarum
1522 4907 1900 4976 cognitionem,

322 4997 409 5049 ubi
441 5005 651 5064 oportet
676 5012 792 5049 eam
822 5011 881 5050 se
912 4996 1089 5049 mitem
1123 4998 1359 5065 praebere
1382 4998 1595 5066 pietate,
1612 5014 1677 5052 ne
1698 4999 1747 5052 id
1766 5000 1905 5068 quod

322 5085 581 5154 imperitis
610 5087 817 5141 videtur
844 5087 1130 5142 absurdum
1158 5089 1458 5157 vituperare
1480 5088 1694 5155 audeat,
1713 5101 1765 5144 et
1789 5106 1907 5157 per-

318 5178 588 5233 vicacibus
638 5180 1120 5235 concertationibus
1173 5180 1433 5235 efﬁciatur
1472 5181 1735 5236 indocilis.
1777 5181 1905 5238 111110

316 5269 426 5337 jam
459 5272 639 5340 incipit
669 5272 807 5325 scire
836 5272 1028 5341 quibus
1059 5272 1209 5325 nodis
1239 5273 1418 5326 saeculi
1461 5272 1617 5341 hujus
1659 5289 1755 5342 per
1780 5290 1902 5328 car-

325 5361 499 5415 nalem
528 5360 965 5416 consuetudinem
993 5377 1054 5415 ac
1082 5372 1294 5431 peccata
1334 5372 1574 5417 teneatur
1606 5380 1618 5415 :
1647 5364 1820 5433 itaque
1849 5364 1904 5419 in

320 5448 426 5506 1100
454 5454 612 5508 101110
639 5452 828 5523 gradu,
860 5452 914 5506 in
941 5468 1046 5523 quo
1072 5454 1295 5508 scientia
1322 5463 1423 5521 est,
1452 5455 1662 5524 lugetur
1686 5458 1902 5512 amissio

319 5546 512 5600 summi
544 5544 700 5613 boni,
729 5546 852 5616 quia
884 5545 1171 5600 inhteretur
1209 5546 1487 5601 extremis.
1517 5547 1570 5601 In
1597 5559 1785 5617 quarto
1808 5564 1904 5604 au-

320 5679 494 5788 “;Sic
510 5685 611 5727 Am.
650 5684 723 5729 Er.
749 5685 802 5730 ct
822 5691 993 5729 omnes
1014 5683 1119 5728 Mss.
1141 5683 1197 5729 At
1218 5683 1348 5740 Lov.,
1373 5674 1495 5728 nihil
1528 5675 1579 5730 in
1600 5676 1702 5729 istis
1725 5676 1901 5731 resistit

1696 294 1892 377 Lmen
1934 319 2202 377 Paulus.

3446 328 3467 383 1
3477 328 3581 385 231

2002 443 2107 487 10111
2146 432 2312 504 gradu
2350 433 2497 488 labor
2532 443 2649 502 est,
2682 435 2767 491 ubi
2798 435 3142 493 vehementer
3170 440 3488 497 incumbitur
3517 454 3573 499 ut

2000 539 2121 581 sese
2148 525 2353 579 animus
2376 528 2568 581 avellat
2600 528 2668 582 ab
2695 530 2774 584 eis
2800 529 2993 599 quibus
3019 531 3269 601 pestifera
3291 533 3573 594 dulcedine

2003 616 2227 670 innexus
2255 625 2336 671 est
2366 634 2379 670 :
2410 617 2494 672 hic
2521 634 2649 689 ergo
2686 622 2920 675 esuritur
2954 632 3009 677 et
3043 623 3223 677 sititur
3254 624 3485 692 jnstitia,
3526 642 3585 686 et

2004 708 2223 761 multum
2256 711 2550 764 necessaria
2579 720 2661 765 est
2688 714 2705 743 ¹
2732 711 3017 777 fortitudo;
3045 714 3168 785 quia
3200 731 3303 769 non
3332 717 3584 787 relinqui~

2004 808 2092 854 tur
2139 801 2255 855 sine
2304 802 2487 857 dolore
2538 803 2677 873 quod
2729 819 2850 859 cum
2902 806 3251 863 delectatione
3303 809 3583 863 retinetur.

2004 888 2200 957 Quinto
2231 900 2407 945 autem
2434 893 2598 961 gradu
2642 894 3099 963 perseverantibus
3128 896 3179 950 in
3209 896 3393 951 labore
3430 897 3587 953 datur

2008 982 2269 1036 evadendi
2309 985 2621 1049 consilium;
2671 986 2792 1055 quia
2840 987 2941 1041 nisi
2983 988 3209 1057 quisque
3250 988 3530 1058 adjuvetur
3554 1006 3586 1044 a

2008 1076 2302 1144 superiore,
2337 1077 2479 1129 nullo
2506 1077 2665 1130 modo
2690 1078 2789 1132 sibi
2824 1088 2905 1132 est
2950 1078 3170 1133 idoneus
3198 1088 3256 1133 ut
3281 1094 3402 1135 sese
3424 1089 3587 1135 tantis

2008 1167 2339 1221 miseriarum
2360 1169 2763 1237 implicamentis
2782 1168 3029 1239 expediat
3052 1188 3066 1225 :
3090 1179 3172 1223 est
3192 1180 3367 1225 autem
3385 1171 3587 1239 justmu

2007 1257 2315 1321 consilium,
2349 1268 2405 1311 nt
2433 1258 2521 1327 qui
2548 1272 2608 1312 se
2634 1274 2663 1311 a
2691 1260 2993 1329 potentiore
3018 1260 3252 1329 adjuvari
3281 1262 3410 1324 vult,
3437 1262 3591 1330 adju-

2011 1355 2098 1399 vet
2147 1347 2489 1401 inﬁrmiorem
2542 1348 2596 1401 in
2644 1365 2750 1418 quo
2787 1360 2870 1404 est
2910 1351 3024 1419 ipse
3060 1351 3372 1421 potentior:
3417 1352 3593 1419 itaque

2010 1436 2155 1491 Beati
2199 1439 2576 1504 misericordes;
2624 1442 2743 1506 quia
2787 1443 3012 1512 ipsorum
3064 1442 3395 1497 miserebitur.
3430 1443 3593 1497 Sexto

2010 1529 2173 1598 gradu
2217 1538 2299 1584 est
2341 1531 2518 1585 cordis
2558 1532 2831 1596 munditia,
2865 1532 2933 1586 de
2963 1532 3097 1586 bona
3128 1533 3449 1587 conscientia
3500 1533 3594 1587 bo-

2013 1634 2201 1673 norum
2232 1636 2450 1689 operum
2489 1622 2671 1676 valens
2716 1621 2782 1674 ad
2819 1622 3284 1691 contemplandum
3321 1637 3593 1677 summum

2013 1710 2141 1765 illud
2186 1711 2419 1775 bonum,
2471 1712 2614 1781 quod
2662 1713 2778 1766 solo
2826 1728 2956 1782 puro
3006 1722 3062 1767 et
3103 1727 3295 1767 sereno
3324 1713 3591 1767 intellectu

2013 1802 2160 1857 cerni
2186 1812 2377 1871 potest.
2411 1803 2689 1858 Postremo
2718 1812 2801 1858 est
2841 1804 3062 1872 septima
3092 1802 3205 1871 ipsa
3233 1804 3512 1871 sapientia,
3540 1803 3593 1857 id

2013 1903 2094 1947 est
2118 1894 2494 1962 contemplatio
2516 1894 2771 1956 veritatis,
2798 1893 3081 1962 paciﬁcans
3108 1902 3274 1947 tottun
3298 1893 3588 1960 hominem,

2013 1993 2067 2038 01
2096 1984 2395 2053 suscipiens
2421 1985 2820 2038 similitudinem
2854 1984 2965 2041 Dei.
2983 2000 3100 2054 qua!
3125 1985 3196 2037 ita
3221 1984 3592 2039 concluditur:

2013 2074 2157 2127 Beati
2166 2076 2383 2143 ,paciﬁci
2402 2093 2421 2139 ;
2446 2076 2683 2144 quoniam
2704 2076 2803 2145 ipsi
2824 2076 2917 2143 ﬁlii
2939 2074 3034 2128 Dei
3053 2076 3380 2129 vocabuntur.
3396 2076 3595 2133 Octava

2016 2174 2264 2233 tanquam
2319 2166 2385 2219 ad
2432 2174 2594 2234 caput
2643 2166 2806 2228 redit;
2851 2167 2972 2234 quia
3017 2177 3442 2221 consummatum
3470 2182 3594 2235 pcr-

2014 2254 2315 2325 fectumque
2339 2256 2571 2311 ostendit
2602 2265 2652 2311 et
2684 2257 2871 2327 probat
2903 2274 2916 2309 :
2951 2258 3130 2327 itaque
3173 2259 3225 2311 in
3265 2259 3434 2327 prima
3462 2269 3516 2313 et
3542 2260 3609 2314 its

2012 2357 2197 2401 octava
2225 2348 2551 2401 nominatum
2578 2357 2659 2401 est
2688 2363 2913 2417 regnum
2929 2347 3376 2412 cmlorum,Beati
3400 2366 3596 2419 paupe-

2012 2455 2092 2491 res
2118 2440 2336 2507 spiritu;
2364 2441 2602 2509 quoniam
2640 2440 2865 2508 ipsorum
2893 2449 2964 2493 est
2984 2455 3194 2509 regnum
3226 2440 3495 2503 caelorum;
3520 2450 3609 2507 et,

2013 2528 2157 2584 Beati
2201 2531 2289 2601 qui
2341 2530 2729 2599 persecutionem
2767 2530 3027 2598 patiuntur
3064 2539 3269 2601 prapter
3293 2531 3601 2600 justitiam;

2012 2622 2249 2691 quoniam
2276 2623 2499 2691 ipsorum
2531 2631 2606 2675 est
2629 2639 2837 2692 regnum
2868 2608 3109 2675 caelorum
3141 2637 3160 2676 :
3183 2638 3303 2677 cum
3325 2623 3432 2691 jam
3459 2622 3597 2677 dici-

2014 2720 2119 2775 tur,
2154 2713 2279 2777 Quis
2307 2729 2397 2765 nos
2418 2712 2668 2782 separabit
2701 2729 2732 2764 a
2772 2712 3018 2767 cltaritate
3045 2712 3269 2767 Christi?
3296 2712 3551 2766 tribulatio
3572 2713 3598 2766 Ρ

2011 2818 2077 2854 1111
2107 2802 2376 2872 angustia?
2404 2819 2469 2855 an
2508 2804 2821 2872 persecutio?
2846 2818 2912 2856 an
2946 2804 3141 2871 fames?
3176 2819 3242 2855 an
3268 2802 3509 2856 auditas?
3531 2820 3599 2855 an

2013 2894 2329 2962 periculum?
2365 2910 2431 2946 an
2463 2893 2662 2963 gladius
2690 2892 2864 2963 (Rom.
2892 2909 3019 2959 vttt,
3060 2894 3190 2961 35)?
3216 2892 3429 2962 Septem
3472 2902 3600 2947 sunt

2012 3000 2139 3051 ergo
2168 3000 2286 3052 quae
2314 2983 2596 3053 perﬁciunt
2628 3000 2641 3036 :
2680 2999 2801 3037 nam
2830 2993 3013 3037 octava
3041 2984 3315 3047 clariﬁcat,
3355 2994 3409 3039 et
3451 2986 3595 3054 quod

2014 3074 2302 3143 perfectum
2348 3083 2430 3127 est
2474 3074 2838 3139 demonstrat,
2877 3082 2935 3127 ut
2965 3089 3059 3142 per
3088 3073 3187 3127 hos
3212 3073 3406 3143 gradus
3431 3078 3599 3143 perii-

1962 3192 1974 3201 ·
2011 3167 2218 3220 ciantnr
2241 3177 2294 3220 et
2320 3166 2523 3229 czeteri,
2543 3176 2788 3235 tanquam
2812 3182 2842 3220 a
2861 3170 3032 3234 capite
3053 3184 3263 3221 rursum
3286 3169 3595 3223 exordiens.

2085 3257 2307 3312 CAPUT
2334 3257 2419 3311 IV.
2436 3259 2610 3311 -—H.
2636 3258 2994 3329 Videtnrergo
3010 3260 3137 3312 mihi
3164 3260 3324 3313 etiam
3352 3260 3601 3327 septifor-

2014 3351 2115 3403 tuis
2148 3350 2387 3417 operatio
2416 3348 2645 3418 Spiritus
2683 3349 2884 3412 sancti,
2923 3349 2992 3403 de
3042 3366 3142 3419 qua
3172 3350 3333 3404 Isaias
3368 3352 3420 3404 lo
3443 3352 3601 3418 ,uitur

2014 3440 2164 3509 (Isai.
2194 3458 2265 3504 xl,
2294 3441 2349 3502 2,
2380 3443 2455 3510 5).
2493 3442 2574 3495 his
2598 3442 2848 3512 gradibus
2882 3443 3263 3512 sententiisque
3282 3458 3595 3512 congruere.

2012 3534 2113 3587 811
2144 3536 2365 3589 interest
2384 3535 2584 3588 ordinis
2614 3552 2626 3586 :
2658 3550 2777 3588 nam
2797 3534 2866 3588 ibi
2882 3534 3213 3589 enumeratio
3238 3534 3305 3587 ab
3328 3536 3600 3589 excellen-

2016 3626 2235 3679 tioribus
2265 3626 2457 3693 etrapit,
2491 3626 2575 3679 hic
2602 3641 2733 3680 vero
2762 3626 2829 3678 ab
2862 3624 3218 3679 inferioribus.
3257 3626 3331 3680 lbi
3371 3642 3600 3695 namque

2014 3714 2199 3783 incipit
2224 3730 2253 3768 a
2282 3715 2561 3783 sapientia,
2605 3723 2658 3768 et
2695 3713 2892 3769 desiuit
2938 3714 3002 3769 ad
3050 3715 3294 3769 timorem
3340 3715 3429 3769 Dei
3461 3733 3475 3769 :
3505 3716 3598 3769 sed

2011 3806 2211 3859 initium
2240 3806 2499 3876 sapientia:
2519 3807 2669 3859 timor
2692 3805 2900 3859 Domini
2926 3815 3026 3859 est.
3054 3806 3389 3877 Quapropter
3410 3807 3453 3860 si
3478 3823 3599 3877 gra.

2011 3896 2176 3950 datim
2214 3905 2461 3965 tanquam
2504 3897 2854 3952 ascendentes
2896 3912 3257 3962 numeremus,
3295 3898 3496 3966 primus
3527 3899 3597 3953 ihi

2013 3994 2097 4037 est
2125 3986 2282 4039 timor
2312 3986 2425 4051 Dei,
2459 3987 2693 4040 secunda
2736 3988 2922 4057 picus,
2956 3989 3109 4042 tertia
3137 3988 3379 4052 scientia,
3411 4000 3597 4059 quarta

2014 4074 2266 4130 fortitudo
2293 4117 2307 4139 ,
2354 4077 2595 4146 quintum
2645 4078 2926 4132 consilium
2959 4119 2974 4143 ,
3022 4089 3205 4133 sextus
3247 4080 3545 4134 intellectus
3577 4122 3592 4143 ,

2012 4168 2235 4234 septima
2262 4167 2540 4236 sapientia.
2574 4168 2757 4221 Timor
2794 4170 2884 4223 Dei
2910 4170 3155 4239 congruit
3189 4169 3497 4234 humilibus,
3529 4172 3597 4225 de

2012 4260 2204 4329 quibus
2234 4262 2319 4314 hic
2347 4262 2561 4325 dicitur,
2592 4260 2738 4313 Beati
2774 4278 3015 4331 pauperes
3044 4262 3256 4329 spiritu,
3304 4262 3353 4315 id
3382 4272 3460 4315 est
3493 4278 3596 4315 non

2014 4350 2215 4415 inflati,
2263 4366 2367 4403 non
2415 4351 2630 4418 superbi
2664 4368 2676 4402 :
2710 4351 2900 4415 quibus
2943 4352 3225 4420 Apostolus
3261 4353 3423 4418 dicit,
3472 4352 3597 4407 ΝυΙὶ

2012 4441 2169 4492 altum
2199 4456 2394 4508 sapere,
2422 4442 2508 4493 sed
2534 4441 2652 4493 time
2681 4441 2856 4511 (ltom.
2888 4457 2959 4505 111,
2991 4441 3120 4511 ‘20);
3154 4442 3204 4495 id
3231 4452 3333 4507 est,
3369 4444 3474 4497 noli
3502 4461 3595 4498 ev-

2014 4533 2144 4583 tolli.
2189 4532 2364 4585 Pietas
2405 4532 2650 4601 congruit
2684 4532 2898 4585 milihtts
2928 4549 2940 4585 :
2970 4534 3059 4602 qui
3088 4533 3230 4587 enim
3259 4534 3343 4603 pie
3366 4536 3555 4604 qotcrit
3579 4580 3594 4601 ,

2015 4625 2239 4677 honorat
2261 4632 2496 4677 sanctam
2522 4624 2871 4694 Scripturam,
2895 4634 2947 4679 et
2965 4641 3069 4679 non
3093 4626 3437 4694 reprehendit
3454 4628 3595 4696 quod

2014 4713 2248 4766 nondum
2282 4714 2543 4783 intelligit,
2577 4723 2631 4766 et
2658 4724 2936 4784 propterea
2963 4731 3071 4769 non
3096 4717 3317 4783 resistit,
3343 4719 3485 4787 quod
3515 4729 3597 4773 est

2013 4804 2192 4857 mitem
2219 4818 2338 4857 esse
2368 4821 2382 4858 :
2412 4804 2551 4859 uode
2581 4804 2667 4859 hic
2692 4805 2883 4859 dicitur
2905 4848 2920 4871 ,
2968 4806 3109 4860 Beati
3149 4808 3313 4861 mites.
3362 4810 3593 4865 Scientia

2012 4897 2253 4965 congruit
2278 4897 2598 4966 lugentibus,
2630 4898 2717 4966 qui
2744 4897 2852 4967 jam
2878 4909 3242 4969 Cognoverunt
3270 4900 3321 4953 in
3350 4899 3593 4969 Scriptu-

2012 4988 2085 5041 ris
2110 4987 2303 5056 quibus
2333 4987 2488 5041 malis
2508 4988 2667 5042 vincti
2700 4998 2997 5057 teneantur,
3029 5005 3146 5058 qua:
3178 5000 3423 5059 tanquam
3455 4991 3590 5044 bona

2010 5089 2065 5132 et
2091 5079 2234 5132 utilia
2264 5080 2568 5149 ignorantes
2594 5082 2959 5150 appetiverunt
2995 5100 3009 5135 :
3036 5082 3105 5137 de
3129 5084 3321 5153 quibus
3348 5084 3435 5138 hic
3457 5086 3585 5140 dici-

2012 5180 2116 5235 tur,
2146 5170 2287 5224 Beati
2315 5173 2401 5241 qui
2436 5171 2625 5240 lugent.
2660 5171 2936 5225 Fortitudo
2962 5174 3207 5242 congruit
3234 5175 3588 5230 esurientibus

2008 5272 2065 5315 et
2093 5260 2391 5317 sitientibus
2420 5280 2433 5314 :
2465 5262 2707 5315 laborant
2747 5262 2889 5316 enim
2936 5262 3297 5319 desiderantes
3337 5266 3588 5336 gaudium

2008 5356 2076 5407 de
2101 5353 2242 5407 veris
2272 5352 2446 5418 bonis,
2472 5362 2526 5406 et
2556 5367 2790 5407 amarem
2820 5368 2851 5406 a
2878 5353 3104 5408 terrenis
3139 5364 3193 5409 et
3225 5356 3593 5426 corporalibus

2007 5452 2249 5499 avertere
2271 5443 2591 5512 cupientes:
2619 5444 2685 5499 de
2710 5444 2899 5515 quibus
2937 5436 3023 5500 hic
3055 5446 3283 5513 dicitur,
3318 5447 3467 5502 Beati
3502 5449 3590 5517 qui

2006 5537 2230 5590 esuriant
2252 5545 2300 5589 et
2323 5536 2500 5590 sitiunt
2517 5537 2788 5607 justitiam.
2818 5537 3112 5593 Consilium
3140 5540 3383 5610 congruit
3416 5541 3585 5597 mise-

2008 5627 2305 5683 ricordibus
2337 5645 2350 5680 :
2384 5627 2485 5682 hoc
2511 5628 2651 5682 enim
2690 5644 2851 5683 unum
2894 5629 3188 5685 remedium
3226 5639 3308 5686 est
3336 5630 3403 5687 de
3430 5633 3592 5689 tantis

2072 5743 2089 5773 ³
2113 5747 2163 5793 to
2183 5740 2507 5795 decem'ussa
2528 5754 2623 5791 non
2640 5741 2979 5795 interponitur.
3001 5746 3089 5793 est.
