4076 6460
563 511 722 569 malis
744 504 1025 573 evadendi,
1048 510 1107 558 ut
1130 500 1478 566 dimittamus,
1505 498 1643 553 sicut
1662 494 1815 550 nobis
1838 492 2031 547 dimitti
2052 506 2145 546 vo-

561 606 774 667 lumus;
818 609 875 656 et
916 598 1226 669 adjuvemus
1256 593 1309 647 in
1335 605 1441 661 quo
1471 602 1752 659 possumus
1787 586 1921 640 alios
1943 624 1960 650 ,
2007 583 2146 637 sicut

562 710 664 752 nos
689 696 744 751 in
766 708 873 765 quo
901 707 1005 746 non
1036 702 1319 759 possumus
1340 685 1582 754 cupimus
1608 678 1845 749 adjuvari
1884 695 1897 730 :
1925 676 1994 731 de
2021 674 2141 745 qui-

561 787 665 843 bus
688 787 775 843 hic
797 786 1010 850 dicitur,
1022 782 1169 837 Beati
1185 777 1548 836 misericordes.
1576 774 1877 830 intellectus
1900 768 2141 839 congruit

560 876 776 934 mundis
824 873 1024 939 corde,
1076 880 1322 940 tanquam
1362 876 1583 938 purgato
1620 863 1797 926 oculo,
1844 874 1950 930 quo
1992 856 2141 912 cerni

558 967 730 1038 possit
753 965 895 1037 quod
914 976 1207 1034 corporeus
1230 960 1416 1016 oculus
1436 972 1542 1013 non
1570 955 1723 1021 vidit,
1750 968 1852 1009 nec
1879 950 2021 1005 auris
2044 964 2142 1004 au-

557 1058 707 1121 divit,
752 1072 854 1113 nec
890 1058 943 1113 in
990 1071 1086 1111 cor
1133 1053 1362 1109 hominis
1387 1048 1628 1105 ascendit
1678 1046 1830 1120 (lsai.
1868 1059 2019 1109 sxw,
2064 1042 2137 1103 ις

557 1156 607 1205 et
629 1147 650 1202 Ι
676 1148 793 1203 Cor.
824 1162 882 1211 tl,
911 1144 967 1210 9)
1006 1163 1020 1199 :
1051 1145 1120 1200 de
1147 1142 1337 1213 quibus
1384 1140 1469 1194 hic
1511 1138 1703 1193 dicitur
1725 1175 1741 1201 ,
1781 1132 1929 1188 Beati
1962 1129 2141 1185 mundi

555 1237 727 1293 corde.
757 1235 1027 1307 Sapientia
1055 1232 1299 1303 congruit
1325 1229 1580 1300 paciﬁcis,
1611 1227 1665 1281 in
1693 1224 1883 1294 quibus
1908 1223 2016 1293 jam
2043 1235 2138 1275 or-

555 1327 736 1391 dinata
766 1336 892 1381 sunt
918 1325 1117 1391 omnia,
1156 1324 1438 1391 nullusque
1476 1328 1651 1373 motus
1674 1317 1928 1371 adversus
1969 1313 2137 1367 ratio-

554 1432 678 1476 nem
710 1417 924 1473 rebellis
952 1425 1053 1479 est,
1077 1414 1169 1470 sed
1197 1421 1385 1468 cuncta
1410 1410 1783 1479 obtemperant
1809 1402 2016 1474 spiritui
2042 1400 2138 1455 ho-

553 1509 737 1576 minis,
767 1525 888 1565 cum
929 1517 986 1565 et
1034 1509 1148 1578 ipse
1188 1508 1520 1576 obtemperet
1547 1503 1657 1558 Deo
1687 1499 1763 1573 (a)
1796 1517 1809 1555 :
1837 1498 1906 1554 de
1946 1497 2139 1568 quibus

552 1600 644 1661 hic
665 1601 880 1665 dicitur,
907 1599 1052 1655 Beati
1080 1599 1300 1669 pacifici.

623 1693 713 1748 12.
744 1691 920 1748 Unum
947 1701 1122 1747 autem
1155 1688 1430 1760 praemium
1455 1683 1596 1755 quod
1622 1691 1705 1738 est
1728 1696 1949 1752 regnum
1975 1680 2139 1735 emto-

551 1800 693 1850 rum,
713 1801 810 1855 pro
835 1785 918 1839 his
941 1783 1189 1855 gradibus
1208 1781 1355 1835 varie
1375 1778 1701 1834 nominatum
1731 1783 1833 1830 est.
1861 1773 1917 1827 lu
1942 1773 2133 1843 ptimo,

552 1877 692 1933 sicut
718 1876 998 1947 oportebat
1018 1917 1035 1941 ,
1076 1873 1305 1944 positum
1332 1879 1415 1926 est
1435 1884 1655 1940 regnum
1684 1866 1963 1927 cmlorum,
1994 1861 2135 1933 quod

550 1976 636 2022 est
676 1967 908 2038 perfecta
950 1981 1263 2035 summaque
1299 1961 1559 2033 sapientia
1599 1958 1794 2013 animae
1838 1954 2132 2011 rationalis.

550 2057 641 2113 Sic
670 2058 847 2127 itaque
870 2056 1071 2111 dictum
1096 2064 1197 2119 est,
1221 2054 1365 2108 Beati
1389 2066 1633 2122 pauperes
1658 2048 1877 2119 spiritu;
1898 2046 2136 2115 quoniam

546 2148 780 2215 ipsorum
822 2157 895 2201 est
933 2163 1146 2216 regnum
1181 2143 1422 2199 calorum
1466 2157 1483 2195 :
1529 2150 1779 2208 tanquam
1828 2136 2132 2197 diceretur.

548 2239 763 2295 Initium
785 2238 1047 2306 sapientia
1064 2237 1215 2289 timor
1232 2234 1458 2289 Domini.
1481 2230 1693 2286 Mitibus
1714 2226 1998 2283 haereditas
2012 2226 2134 2279 data

546 2340 651 2394 est,
672 2340 919 2398 tanquam
946 2335 1322 2383 testamentum
1352 2325 1516 2394 patris
1537 2340 1656 2378 cum
1680 2322 1874 2391 pietate
1894 2335 2137 2389 quaeren-

547 2423 721 2478 tibus:
742 2420 885 2474 Beati
909 2420 1085 2481 mites;
1111 2419 1349 2490 quoniam
1372 2417 1471 2487 ipsi
1495 2414 1786 2469 htcreditate
1812 2411 2134 2483 possidebunt

549 2521 756 2569 terram.
802 2510 1129 2579 Lugentibns
1173 2506 1485 2569 consolatio,
1543 2514 1792 2573 tanquam
1843 2501 2135 2558 scientibus

551 2601 678 2672 quid
706 2601 1003 2666 amiserint,
1027 2608 1081 2653 et
1105 2599 1299 2668 quibus
1323 2595 1482 2651 mersi
1508 2595 1610 2649 sint
1638 2612 1651 2647 :
1672 2594 1814 2647 Beati
1832 2593 1919 2663 qui
1940 2594 2134 2661 lugent;

546 2692 786 2761 quoniam
814 2691 911 2762 ipsi
938 2689 1348 2745 consolabuntur.
1375 2686 1743 2741 Esurieutihus
1760 2694 1812 2738 et
1832 2683 2132 2738 sitientibus

547 2784 833 2848 saturitas,
865 2791 1115 2851 tanquam
1154 2778 1374 2834 refectio
1416 2775 1779 2830 laborantibus
1822 2773 2133 2841 fortiterque

545 2875 875 2933 certantibus
902 2873 968 2928 ad
995 2873 1219 2927 salutem
1257 2886 1271 2923 :
1311 2867 1457 2923 Beati
1483 2867 1569 2937 qui
1606 2866 1831 2919 esuriant
1870 2873 1917 2917 et
1957 2864 2132 2916 sitiunt

535 2970 832 3047 Justitiam;
870 2964 1110 3037 quoniam
1150 2961 1252 3032 ipsi
1291 2956 1669 3014 saturabuntur.
1701 2953 2141 3010 Miscricordibus

547 3059 934 3121 misericordia,
962 3067 1211 3125 tanquam
1239 3067 1368 3107 vero
1403 3059 1460 3105 et
1486 3050 1691 3117 optimo
1726 3046 1952 3101 consilio
1979 3053 2132 3098 uten-

545 3151 709 3211 tibus,
740 3160 798 3203 ut
824 3148 924 3203 hoc
952 3149 1031 3201 eis
1055 3143 1371 3200 exhibeatur
1405 3155 1436 3194 a
1467 3138 1786 3208 potentiore,
1816 3134 1956 3205 quod
1986 3134 2133 3188 iuva.

545 3240 826 3297 lidioribus
850 3234 1121 3293 exhibent.
1150 3232 1295 3289 Beati
1323 3230 1670 3287 misericordes
1690 3230 1959 3300 ;quoniam
1985 3227 2127 3297 ipso-

546 3349 661 3391 rum
682 3330 1016 3385 miserebitur.
1044 3327 1254 3382 Mundis
1276 3324 1439 3379 corde
1460 3322 1683 3377 facultas
1703 3320 1916 3376 videndi
1943 3321 2124 3381 Deum,

546 3434 796 3494 tanquam
818 3435 1006 3491 purum
1027 3417 1238 3473 oculum
1262 3414 1327 3469 ad
1354 3411 1693 3481 intelligenda
1718 3418 1915 3466 mterua
1939 3426 2130 3480 geren-

544 3516 706 3570 tlbus.
731 3512 877 3567 Beati
902 3510 1078 3565 mundi
1098 3508 1283 3571 corde;
1309 3504 1547 3575 quoniam
1567 3504 1665 3572 ipsi
1692 3501 1854 3557 Deum
1874 3502 2125 3556 videbunt.

545 3606 788 3669 l’aciﬁcis
814 3604 907 3657 Dei
936 3600 1246 3666 similitudo,
1278 3608 1525 3665 tanquam
1550 3593 1783 3664 perfecte
1802 3593 2129 3663 sapientibus

546 3698 894 3765 tormatisque
943 3694 1009 3747 ad
1056 3692 1336 3760 imaginem
1386 3689 1477 3744 Dei
1529 3702 1624 3756 per
1672 3686 2127 3755 regenerationem

545 3788 784 3843 renovati
831 3784 1059 3839 hominis
1091 3781 1273 3837 :Beati
1318 3779 1555 3851 paciﬁci;
1597 3778 1833 3847 quoniam
1874 3777 1974 3846 ipsi
2034 3778 2130 3845 ﬁlii

546 3880 640 3933 Dei
693 3878 1018 3932 vocabuntur.
1060 3873 1231 3929 Etista
1262 3871 1476 3941 quidem
1520 3869 1574 3922 in
1612 3870 1709 3922 hac
1760 3866 1863 3920 vita
1910 3880 2128 3937 possout

545 3969 828 4037 compleri,
861 3969 1000 4021 sicut
1065 3966 1326 4033 completa
1376 3979 1495 4017 esse.
1547 3962 1597 4015 iu
1641 3961 1909 4029 Apostolis
1956 3963 2127 4016 credi-

549 4078 668 4122 mus
690 4062 787 4130 (ὁ).
828 4060 959 4115 Nam
1002 4060 1087 4113 illa
1116 4057 1421 4112 omnimoda
1467 4057 1526 4109 in
1566 4055 1858 4124 angelicam
1902 4054 2125 4108 formam

546 4156 805 4219 mutatio,
856 4168 976 4223 ilum
1024 4161 1144 4221 post
1183 4150 1319 4203 hanc
1357 4149 1517 4202 vitam
1571 4148 1927 4216 promittitur,
1970 4146 2128 4199 nullis

547 4246 722 4301 verbis
768 4243 962 4314 exponi
1007 4249 1199 4312 potest.
1245 4239 1391 4294 Beati
1434 4253 1563 4307 ergo
1600 4237 1687 4308 qui
1740 4236 2128 4305 persecutionem

549 4338 806 4408 patiuntur
831 4329 1565 4406 prapterjustitiammuonium
1582 4328 1808 4397 ipsorum
1826 4336 1897 4380 est
1918 4341 2127 4395 regnum

549 4431 811 4486 calorum.
847 4428 974 4483 llaec
998 4434 1182 4481 octava
1208 4422 1493 4486 sententia,
1532 4436 1651 4490 qua:
1677 4418 1740 4474 ad
1768 4427 1926 4487 caput
1949 4417 2085 4483 redit
2109 4456 2124 4479 ,

546 4520 945 4588 perfectumque
975 4517 1243 4570 hominem
1264 4512 1523 4575 declarat,
1553 4509 1880 4580 signiﬁcatur
1905 4504 2128 4562 fortasse

543 4619 600 4666 et
625 4608 1033 4664 circumcisione
1057 4617 1246 4661 octavo
1272 4605 1358 4659 die
1387 4604 1438 4658 in
1474 4602 1647 4657 Veteri
1674 4600 2047 4662 Testamento;
2074 4608 2129 4653 ct

550 4703 757 4758 Domini
796 4702 1186 4756 resurrectione
1212 4706 1329 4768 post
1359 4695 1660 4759 sabbatum,
1704 4693 1792 4761 qui
1836 4699 1919 4746 est
1947 4691 2127 4760 utique

543 4804 782 4858 octavus,
816 4792 1064 4861 idemque
1091 4791 1294 4860 primus
1331 4788 1479 4849 dies;
1506 4796 1559 4841 et
1584 4784 1942 4840 celebratione
1976 4792 2125 4838 octa-

544 4902 727 4940 varum
761 4886 1031 4947 feriarum,
1063 4898 1194 4952 quas
1233 4882 1283 4934 in
1317 4878 1716 4949 regeneratioue
1746 4875 1867 4931 novi
1895 4873 2125 4927 hominis

544 4976 910 5041 celebramus;
938 4983 992 5028 et
1012 4987 1235 5027 numero
1260 4971 1375 5039 ipso
1404 4969 1763 5024 Peutecnstes.
1786 4964 1918 5019 Nam
1943 4972 2124 5031 septe-

542 5070 694 5123 nario
715 5081 941 5121 numero
967 5068 1164 5135 septies
1202 5060 1569 5129 multiplicato,
1599 5072 1703 5127 quo
1729 5058 1859 5110 ﬁunt
1894 5054 2126 5123 quadra-

539 5159 687 5230 ginta
728 5172 940 5220 novem,
982 5154 1134 5226 quasi
1159 5162 1377 5207 octavus
1400 5148 1633 5210 additur,
1667 5154 1724 5199 ut
1747 5143 2121 5214 quinquaginta

540 5250 910 5320 compleantur
934 5258 988 5302 et
1014 5257 1262 5315 tanquam
1297 5241 1544 5297 redeatur
1573 5237 1637 5291 ad
1664 5244 1824 5305 caput
1860 5252 1872 5290 :
1904 5250 2009 5303 quo
2035 5233 2123 5288 die

538 5343 736 5403 missus
772 5347 854 5395 est
888 5338 1114 5407 Spiritus
1147 5342 1382 5395 sanctus,
1410 5346 1515 5399 quo
1538 5329 1595 5384 in
1618 5343 1835 5397 regnum
1865 5326 2121 5379 caelorum

537 5434 783 5494 ducimur
802 5471 821 5497 ,
851 5440 902 5486 et
935 5429 1299 5485 luereditatcm
1329 5424 1637 5492 accipimus.
1665 5427 1721 5475 et
1746 5418 2119 5483 consolamur;

537 5534 595 5587 et
619 5524 907 5594 pascimur,
935 5516 1429 5575 etmisericordiam
1458 5511 1853 5582 consequimur,
1884 5517 1939 5565 et
1968 5523 2123 5563 mun-

534 5617 727 5680 ωηατ
750 5656 765 5682 ,
811 5622 866 5669 et
906 5610 1279 5682 paciﬁcamur;
1323 5619 1484 5678 atque
1520 5604 1596 5661 ita
1634 5601 1894 5675 perfecti,
1931 5612 2119 5655 omnes

595 5754 674 5813 (a)
694 5760 707 5799 t
730 5757 1060 5813 llt‘ll‘w._(‘a|t.
1094 5747 1167 5807 ID,
1192 5759 1243 5795 ιι.
1270 5746 1311 5795 t.

598 5811 676 5877 ibi
694 5814 838 5875 ibid...
856 5825 902 5865 τι.
930 5811 981 5867 ‘2.

1377 384 1469 440 DD
1504 379 1826 440 SERMONE
1866 377 2100 434 DOMlNl
2139 376 2204 432 IN
2241 377 2474 433 MONTE
2512 380 2569 435 S.
2610 380 2975 437 AllGUSTlNl

3679 394 3826 451 i236

2254 492 2585 549 extrinsecus
2633 495 2803 551 illatas
2843 498 3114 556 molestias
3157 517 3255 572 pro
3291 506 3516 563 veritate
3543 518 3599 564 et
3626 510 3834 581 justitia

2250 583 2595 639 sustinemus.
3160 618 3163 621 »

2321 676 2542 732 CAPUT
2585 677 2645 731 V.
2670 708 2743 719 --
2762 681 2847 734 i5.
2867 680 3010 735 Beati
3036 684 3191 749 eritis,
3215 686 3535 757 inquit.cum
3556 695 3693 749 vobis
3712 714 3835 750 ma-

2250 765 2480 833 ledicent,
2504 778 2550 822 et
2578 784 2931 840 persequentur
2954 790 3060 839 vos,
3087 787 3131 830 et
3154 779 3321 833 dicent
3339 797 3485 837 omne
3506 788 3699 841 malum
3732 790 3835 843 ad-

2248 870 2445 909 uersum
2465 874 2568 921 vos,
2588 862 2893 928 mentientes,
2911 876 3115 934 propter
3129 884 3227 922 me.
3241 868 3469 928 Gaudete
3488 885 3536 928 et
3560 880 3832 942 maritate.

2247 949 2482 1017 quoniam
2509 969 2695 1007 merces
2714 965 2877 1010 vestra
2897 959 3057 1012 multa
3074 971 3147 1013 est
3170 963 3223 1015 in
3243 965 3401 1020 catis.
3424 969 3836 1028 Animadvertat

2246 1039 2483 1111 quisquis
2503 1042 2719 1121 delicias
2740 1044 2897 1114 hujus
2911 1051 3088 1105 surculi
3111 1060 3167 1106 et
3192 1052 3469 1112 facultates
3488 1075 3667 1115 rerum
3690 1073 3833 1117 tem-

2248 1132 2504 1199 poralium
2525 1137 2714 1202 quzerit
2734 1137 2785 1191 iu
2808 1139 3021 1195 nomine
3042 1141 3354 1211 christiano,
3376 1149 3696 1207 intrinsecus
3707 1168 3832 1209 e~se

2245 1221 2627 1280 beatitudinem
2666 1238 2935 1294 nostram;
2974 1232 3112 1286 sicut
3146 1233 3216 1290 de
3255 1238 3430 1292 anima
3466 1242 3829 1300 ecclesiastica

2245 1328 2339 1406 ore
2368 1317 2677 1386 prophetico
2701 1319 2895 1375 dicitur
2923 1339 2937 1374 :
2967 1322 3157 1378 Omnis
3173 1328 3498 1393 pulchritudo
3532 1334 3656 1400 [ilic
3692 1338 3829 1406 regis

2244 1404 2539 1461 intrinsecus
2565 1407 2734 1480 (Psal.
2768 1427 2923 1478 xuv,
2964 1414 3053 1485 14)
3086 1432 3100 1471 :
3132 1432 3254 1470 nam
3293 1421 3625 1478 extrinsecus
3656 1404 3828 1482 male-

2243 1494 2379 1549 dicta
2406 1505 2460 1551 et
2488 1501 2885 1566 persecutiones
2911 1512 2965 1558 et
2989 1505 3349 1563 detractiones
3391 1514 3777 1580 promittuntur
3806 1536 3822 1572 :

2242 1586 2310 1642 de
2337 1588 2527 1656 quibus
2569 1597 2743 1646 tamen
2791 1610 2979 1665 magna
3026 1613 3234 1653 merces
3276 1611 3356 1656 est
3398 1604 3451 1657 in
3491 1607 3678 1673 cadis,
3703 1625 3826 1679 quae

2242 1679 2467 1733 sentitur
2494 1682 2546 1735 in
2572 1683 2733 1739 corde
2758 1687 3089 1754 patientium,
3114 1705 3298 1746 eorum
3324 1695 3414 1764 qui
3448 1696 3561 1765 jam
3602 1711 3826 1768 possunt

2242 1768 2440 1834 dicere,
2488 1790 2507 1822 ι
2542 1771 2843 1831 Gloriamur
2871 1778 2923 1831 in
2955 1780 3408 1850 tribulationibus;
3438 1788 3668 1844 scientes
3691 1806 3827 1860 quo-

2242 1862 2382 1916 niam
2412 1864 2679 1921 tribulatio
2704 1869 3011 1936 patientiam
3042 1883 3322 1943 operatur,
3355 1879 3605 1947 patientia
3642 1892 3821 1937 autem

2241 1953 2629 2024 probationem.
2659 1961 2900 2027 probatio
2930 1979 3060 2019 vero
3099 1982 3248 2036 spem
3270 2009 3285 2033 ,
3326 1983 3449 2038 spes
3486 1982 3662 2028 autem
3713 1989 3821 2029 non

2240 2046 2552 2111 contundit;
2594 2049 2716 2118 quia
2754 2051 2989 2108 Charitas
3020 2055 3113 2110 Dei
3149 2056 3336 2113 ditiusa
3365 2068 3451 2115 est
3481 2062 3533 2116 in
3572 2063 3825 2119 cordibus

2239 2135 2439 2189 nostris
2476 2151 2571 2205 per
2617 2136 2874 2207 Spiritum
2914 2154 3153 2200 sanctum
3179 2149 3268 2216 qui
3296 2148 3451 2205 datus
3478 2161 3563 2207 est
3607 2153 3763 2208 nobis
3796 2174 3816 2207 ι

2240 2223 2412 2293 (Rom.
2443 2241 2497 2291 v,
2521 2227 2658 2298 3-3).
2693 2229 2807 2284 Non
2833 2233 2974 2287 enim
3002 2233 3098 2288 ista
3129 2238 3331 2305 perpeti
3360 2238 3689 2296 fructuosum
3713 2252 3819 2309 est,

2239 2315 2331 2368 sed
2362 2315 2459 2370 ista
2488 2333 2583 2386 pro
2612 2319 2805 2375 Christi
2837 2330 3053 2379 nomine
3080 2342 3184 2381 non
3211 2329 3388 2384 solum
3417 2347 3572 2401 aequo
3595 2334 3779 2389 animo
3801 2376 3819 2401 ,

2238 2406 2330 2459 sed
2358 2409 2515 2462 etiam
2536 2424 2656 2465 cum
2681 2414 3035 2471 exsultatione
3074 2419 3319 2476 tolerare.
3358 2422 3490 2478 Nam
3519 2426 3673 2481 multi
3707 2426 3823 2480 h:e-

2240 2497 2409 2561 retici,
2442 2502 2653 2557 nomine
2682 2504 2971 2562 christiano
3001 2510 3210 2565 animas
3247 2512 3606 2583 dccipientes,
3653 2519 3817 2573 multa

2239 2588 2361 2641 talia
2394 2592 2660 2658 patiuntur
2707 2611 2721 2647 :
2756 2596 2849 2650 sed
2892 2598 3013 2653 ideo
3047 2602 3397 2658 excluduntur
3424 2605 3494 2659 ab
3535 2606 3635 2661 ista
3675 2615 3819 2664 mer-

2237 2679 2387 2780 cede,
2415 2683 2535 2752 quia
2558 2700 2662 2780 non
2703 2686 2899 2742 diutum
2926 2700 3008 2745 est
3037 2700 3265 2759 tantum,
3294 2694 3445 2749 Beati
3468 2698 3554 2766 qui
3578 2713 3818 2768 persecu-

2238 2773 2423 2823 tionem
2465 2773 2760 2841 patiuntur;
2787 2777 2879 2831 sed
2909 2778 3148 2835 additum
3173 2791 3274 2844 est,
3306 2796 3515 2854 propter
3523 2787 3777 2855 justitiam
3797 2806 3817 2842 :

2235 2861 2323 2915 ubi
2351 2873 2524 2917 autem
2547 2880 2674 2920 sana
2699 2866 2828 2922 ﬁdes
2852 2885 2954 2923 non
2983 2881 3087 2937 est,
3115 2888 3221 2928 non
3253 2886 3425 2944 potest
3451 2892 3570 2934 ease
3589 2880 3813 2949 justitia;

2235 2953 2357 3021 quia
2379 2953 2555 3023 justus
2581 2973 2645 3011 ex
2674 2958 2777 3013 ﬁde
2800 2960 2928 3015 vivit
2955 2961 3179 3027 (Habac.
3210 2980 3267 3029 tt,
3298 2968 3354 3032 4,
3382 2977 3428 3021 et
3457 2967 3609 3023 Rom.
3631 2986 3671 3035 ι,
3701 2973 3809 3041 17).

2234 3041 2417 3111 Neque
2446 3046 2768 3102 schismatici
2806 3051 3003 3120 aliquid
3042 3054 3141 3108 sibi
3186 3072 3251 3110 ex
3291 3057 3390 3111 ista
3419 3060 3666 3115 mercede
3696 3078 3814 3132 pro-

2236 3135 2478 3199 mittant;
2531 3138 2651 3206 quia
2700 3140 2946 3196 similiter
2993 3143 3079 3199 ubi
3117 3145 3349 3202 charitas
3395 3165 3499 3203 non
3544 3159 3666 3217 est,
3708 3169 3811 3208 non

2236 3234 2409 3292 potest
2432 3227 2766 3295 essejustitia
2796 3248 2809 3283 :
2839 3231 3053 3287 dilectio
3071 3234 3211 3288 enim
3242 3238 3463 3304 proximi
3491 3241 3688 3295 malum
3709 3259 3812 3297 non

2234 3324 2486 3385 operatur
2516 3317 2690 3387 (Rom.
2718 3336 2829 3379 xm,
2861 3319 2971 3391 l0),
2996 3338 3151 3392 quam
3184 3326 3228 3379 si
3255 3326 3526 3394 haberent,
3556 3346 3661 3386 non
3681 3332 3814 3387 dila-

2235 3409 3028 3485 niarentcorpustlhristi,quod
3051 3426 3131 3470 est
3159 3419 3392 3474 Ecclesia
3412 3420 3626 3493 (Coloss.
3646 3440 3684 3487 ι,
3698 3425 3810 3494 24).

2306 3500 2392 3554 li.
2416 3502 2589 3568 Quarti
2620 3512 2795 3557 autem
2821 3507 3135 3576 potestquid
3169 3509 3375 3564 intersit
3402 3514 3541 3581 quod
3568 3515 3662 3580 ait,
3693 3515 3815 3571 Cum

2232 3592 2369 3647 vobis
2391 3594 2707 3661 maledicent,
2731 3604 2804 3659 et,
2838 3596 2999 3652 Omne
3023 3599 3212 3654 malum
3232 3602 3396 3656 dicent
3417 3605 3680 3662 adversum
3696 3625 3815 3673 vos;

2232 3701 2350 3740 cum
2391 3686 2728 3753 maledicere,
2760 3688 2862 3744 hoc
2898 3691 2987 3755 sit,
3035 3693 3230 3747 malum
3273 3694 3471 3750 dicere.
3515 3697 3619 3753 Sed
3663 3701 3816 3757 aliter

2232 3778 2570 3833 maledictum
2614 3778 2841 3848 jactatnr
2871 3797 2990 3835 cum
3022 3784 3336 3839 contumelia
3378 3801 3558 3841 coram
3604 3790 3695 3843 illo
3729 3794 3812 3845 cui

2234 3870 2589 3937 mali-dicitur,
2627 3871 2763 3924 situt
2796 3872 3018 3926 Domino
3047 3884 3228 3929 uestro
3256 3876 3456 3933 dictum
3492 3890 3594 3945 est,
3630 3881 3815 3937 Nonne

2166 3968 2173 3975 ‘
2230 3977 2398 4015 verum
2434 3961 2663 4026 dicimus,
2687 3962 2804 4030 quia
2830 3961 3183 4019 Samaritanus
3206 3983 3278 4023 es.
3310 3978 3356 4022 et
3394 3969 3698 4026 daemonium
3724 3976 3813 4026 Ita-

2231 4050 2315 4105 bcs
2348 4050 2523 4113 (Joan.
2569 4068 2681 4112 vui,
2718 4052 2849 4122 48)?
2878 4054 3033 4108 aliter
3059 4070 3178 4110 cum
3222 4058 3457 4115 absentis
3502 4061 3639 4115 tam
3670 4064 3814 4118 la‘di.

2234 4149 2335 4206 tur,
2368 4142 2504 4196 sicut
2547 4143 2612 4195 dc
2662 4143 2752 4196 illo
2798 4144 2920 4197 item
2964 4147 3231 4213 scribitur,
3264 4150 3366 4202 Alii
3406 4152 3653 4219 dicebant,
3684 4155 3814 4221 Quia

2233 4236 2477 4301 prcit/leta
2507 4245 2579 4289 est
2617 4254 2635 4289 :
2680 4236 2770 4289 alii
2812 4247 2980 4290 autem
3022 4238 3267 4305 dicebant,
3313 4241 3451 4306 Non,
3498 4244 3586 4296 sed
3626 4247 3813 4299 seducit

2232 4327 2473 4395 papulum
2517 4325 2624 4397 (Id.
2673 4342 2767 4392 vn,
2812 4327 2919 4396 i2).
2950 4329 3198 4399 Persequi
3238 4341 3437 4397 autem,
3468 4343 3548 4387 est
3580 4336 3684 4388 vim
3730 4338 3808 4389 in-

2235 4418 2393 4480 ferre,
2423 4418 2502 4470 vel
2529 4418 2731 4471 insidiis
2751 4430 3003 4488 appetere
3033 4437 3044 4470 :
3074 4420 3211 4488 quod
3245 4421 3369 4476 fecit
3416 4425 3503 4492 qui
3546 4441 3670 4479 cum
3709 4436 3812 4480 tta-

2232 4507 2383 4571 didit,
2408 4519 2460 4563 et
2487 4510 2574 4579 qui
2607 4525 2726 4563 eum
2762 4509 3157 4563 cruciﬁxcrunt.
3191 4510 3330 4565 Sane
3358 4513 3497 4582 quod
3529 4515 3689 4568 etiam
3716 4516 3811 4571 hoc

2233 4616 2338 4653 nun
2375 4610 2457 4655 est
2493 4600 2633 4654 nudo
2673 4601 2923 4669 positum,
2970 4611 3028 4655 ut
3055 4601 3340 4667 diceretur,
3382 4602 3451 4659 Et
3479 4604 3644 4658 dicent
3669 4624 3813 4660 omne

2231 4691 2417 4743 malum
2436 4692 2699 4744 adversum
2726 4707 2832 4754 vos,
2860 4690 2952 4744 sed
2982 4691 3216 4745 additum
3245 4702 3345 4756 est,
3377 4695 3695 4759 mentientes;
3717 4697 3809 4749 ad-

2230 4782 2398 4836 ditum
2438 4782 2618 4845 etiam,
2646 4794 2850 4852 propter
2867 4798 2944 4835 me
2972 4796 2990 4834 :
3020 4793 3236 4852 propter
3269 4798 3361 4836 cos
3399 4784 3633 4838 additum
3664 4798 3808 4854 puto,

2229 4875 2317 4944 qui
2348 4873 2528 4927 volunt
2563 4873 2631 4926 de
2673 4872 3128 4942 persecutionibus
3149 4882 3204 4927 et
3229 4873 3298 4929 de
3327 4874 3477 4929 fama:
3502 4892 3611 4930 sua:
3651 4878 3815 4946 turpi—

2233 4964 2413 5019 tudine
2444 4964 2685 5034 gloriari;
2710 4973 2765 5018 et
2794 4963 2913 5018 ideo
2943 4964 3121 5019 dicere
3161 4966 3225 5018 ad
3271 4982 3331 5020 se
3359 4968 3627 5035 pertinere
3661 4970 3814 5023 Citri-

2228 5067 2395 5121 stum,
2423 5056 2543 5126 quia
2566 5056 2730 5109 multa
2758 5054 2824 5109 dc
2854 5054 2955 5109 illis
2978 5055 3227 5109 dicuntur
3255 5057 3425 5122 mala;
3454 5073 3572 5112 cum
3601 5068 3657 5114 et
3687 5075 3811 5114 vera

2228 5148 2497 5207 dicantur.
2529 5147 2739 5217 quando
2776 5146 2844 5201 de
2888 5146 3100 5201 illorum
3139 5162 3321 5203 errore
3362 5147 3611 5204 dicuntur
3642 5168 3655 5203 :
3685 5161 3735 5205 et
3766 5151 3811 5204 si

2227 5236 2519 5306 aliquando
2546 5238 2706 5291 etiam
2737 5237 2992 5295 nonnulla
3020 5236 3146 5290 falsa
3170 5237 3453 5306 jactautur,
3478 5240 3618 5310 quod
3643 5250 3809 5301 teme-

2230 5329 2384 5382 ritate
2426 5326 2697 5385 hominum
2746 5328 3057 5404 plcrutnque
3100 5330 3310 5395 accidit,
3339 5346 3447 5387 non
3482 5340 3659 5388 tamen
3690 5349 3812 5402 pro-

2229 5428 2346 5489 pter
2391 5418 2660 5474 Cbristum
2710 5419 2810 5473 ista
2857 5421 3143 5488 patiuntur.
3185 5420 3302 5476 Non
3355 5424 3497 5479 enim
3538 5422 3806 5479 Christum

2224 5512 2482 5583 sequitur,
2514 5512 2603 5582 qui
2634 5528 2737 5566 non
2773 5512 3062 5567 secundum
3091 5529 3274 5569 veram
3316 5515 3473 5571 tidem
3498 5526 3554 5573 et
3589 5517 3809 5573 catholi-

2224 5620 2339 5658 cam
2367 5604 2699 5670 disciplinam
2726 5603 3057 5658 Christianus
3082 5617 3322 5660 vocatur.

2295 5700 2384 5755 15.
2417 5697 2657 5763 Gaudete,
2706 5698 2894 5769 inquit,
2933 5708 2983 5753 et
3027 5700 3291 5765 ersnltate,
3338 5700 3573 5769 quoniam
3621 5717 3805 5755 merces

2231 5799 2389 5851 ucstra
2423 5790 2583 5852 multa
2607 5800 2678 5849 est
2708 5791 2758 5844 in
2800 5791 2954 5851 aclis.
2981 5791 3093 5851 Non
3128 5792 3208 5849 hic
3241 5792 3406 5849 aa‘los
3430 5792 3530 5854 dici
3561 5802 3684 5867 puto
3713 5808 3772 5848 su
