4076 6482
335 339 478 398 1257

329 459 575 525 perieres
595 465 772 526 partes
805 456 960 526 hujus
993 455 1212 510 visibilis
1233 455 1433 510 mundi.
1460 455 1576 510 Non
1605 455 1745 510 cnim
1770 471 1913 510 mer-

329 562 428 602 ces
474 558 676 609 nostra,
719 563 838 618 qua:
879 549 1190 602 inconcussa
1234 556 1288 602 et
1327 558 1524 602 (eterna
1563 561 1683 603 esse
1727 547 1906 612 debet,

331 637 387 690 in
419 637 583 692 rebus
625 637 938 692 volubilibus
964 645 1020 691 et
1065 637 1444 706 temporalibus
1469 636 1776 691 collocanda
1806 645 1907 691 est.

330 726 441 782 Sed
494 727 547 781 in
596 727 734 780 cortis
783 727 982 781 dictum
1027 737 1172 795 puto,
1225 726 1274 779 in
1324 727 1683 796 Spiritualibus
1727 726 1908 780 ﬁrma-

327 819 549 883 mentis,
581 817 669 872 ubi
709 817 912 872 habitat
958 819 1275 887 sempiterna
1310 817 1513 888 justitia
1545 836 1560 872 :
1603 819 1654 872 in
1683 833 1908 888 quorum

326 908 728 977 comparatione
776 917 911 964 terra
959 908 1154 963 dicitur
1193 910 1365 963 anima
1414 910 1613 979 iniqua,
1661 910 1744 962 cui
1784 925 1912 979 pec-

318 998 474 1052 cauti
509 998 708 1052 dictum
734 1008 835 1061 est,
869 997 1023 1052 Terra
1051 1015 1123 1064 es,
1155 1008 1203 1053 et
1235 1000 1286 1052 in
1315 1009 1496 1054 terram
1517 1000 1609 1053 ibis
1635 999 1786 1069 (Gen.
1815 1016 1905 1067 ιιι,

327 1086 445 1142 ιςιι.
476 1088 553 1141 De
596 1086 680 1143 his
715 1088 868 1142 etatis
907 1087 1032 1142 dicit
1055 1088 1343 1158 Apostolus
1374 1106 1387 1142 :
1421 1091 1671 1155 Quoniam
1699 1107 1908 1144 conver-

323 1177 458 1230 satio
496 1187 670 1231 nostra
711 1179 765 1232 in
809 1178 946 1232 caelis
991 1188 1064 1232 est
1103 1177 1358 1249 (Philipp.
1404 1195 1482 1244 ιιι,
1521 1178 1637 1251 20).
1666 1180 1910 1235 Sentiuut

321 1284 460 1336 ergo
490 1269 600 1338 jam
632 1270 784 1324 istam
825 1269 1146 1336 mercedem,
1173 1272 1265 1340 qui
1294 1270 1525 1341 gaudent
1549 1270 1908 1342 spiritualibus

323 1363 486 1416 bonis
509 1380 523 1414 :
553 1363 648 1418 sed
673 1371 802 1418 tunc
825 1379 890 1418 ex
915 1364 1058 1417 omni
1086 1373 1232 1433 parte
1259 1363 1576 1433 perﬁcietur,
1603 1377 1724 1418 cum
1747 1363 1906 1418 etiam

325 1453 430 1507 hoc
453 1453 680 1508 mortale
709 1453 938 1508 induerit
959 1453 1428 1508 immortalitatem.
1458 1452 1546 1507 Ita
1573 1453 1704 1507 enim
1740 1469 1910 1524 perse-

317 1543 424 1596 cuti
461 1554 600 1609 sunt,
632 1544 820 1614 inquit,
869 1553 916 1598 et
964 1543 1247 1614 Prophetas
1286 1545 1372 1616 qui
1399 1553 1515 1597 ante
1553 1559 1640 1597 eos
1681 1544 1902 1614 fuerunt.

321 1633 475 1688 Nune
515 1637 934 1703 persecutionem
973 1637 1292 1706 generaliter
1328 1637 1520 1706 posuit,
1552 1644 1608 1691 et
1643 1637 1696 1690 in
1736 1637 1904 1690 male-

315 1723 480 1779 dictis
526 1736 584 1781 et
631 1727 683 1780 in
725 1726 1096 1782 dilaceratione
1146 1726 1332 1793 famrc;
1387 1735 1441 1780 et
1483 1726 1620 1781 bene
1661 1726 1906 1794 exemplo

318 1816 636 1871 adhortatus
662 1827 764 1882 est,
794 1819 915 1886 quia
946 1833 1066 1872 vera
1093 1817 1326 1873 dicentes
1362 1817 1534 1871 solent
1576 1815 1904 1885 persecutio-

315 1924 442 1962 nem
474 1911 582 1978 pati
616 1927 629 1962 :
663 1924 763 1963 nec
793 1920 966 1963 tamen
1006 1909 1124 1963 ideo
1167 1908 1444 1977 Propheta:
1481 1906 1686 1977 antiqui
1714 1906 1903 1960 timore

316 1999 711 2068 persecutionis
731 2015 761 2052 a
787 2000 1024 2053 veritatis
1049 1998 1421 2068 prmdicatione
1443 1997 1772 2052 defecerunt.

387 2089 620 2144 CAPUT
651 2089 732 2142 γι.
762 2119 831 2129 -
860 2089 946 2144 16.
973 2088 1282 2144 [lectissime
1310 2089 1484 2157 itaque
1504 2086 1762 2156 sequitur,
1802 2084 1904 2139 Vos

313 2179 437 2234 estis
469 2180 556 2232 sal
591 2188 737 2233 teme
762 2197 777 2232 :
801 2178 1089 2234 ostendens
1117 2177 1288 2231 fatuos
1306 2192 1425 2231 esse
1448 2174 1783 2245 judicandos,
1811 2173 1902 2243 qui

315 2269 692 2339 temporalium
723 2269 983 2323 bonorum
1006 2269 1089 2322 vel
1118 2267 1325 2338 copiam
1353 2275 1638 2331 sectantes,
1669 2265 1750 2320 vel
1781 2265 1901 2319 ino-

315 2359 460 2428 piam
499 2368 813 2424 metuentes,
841 2359 1087 2412 amittuut
1119 2367 1338 2421 aeterna,
1369 2372 1488 2426 qua:
1511 2371 1608 2411 nec
1631 2357 1744 2409 dari
1774 2369 1901 2424 pos-

311 2459 440 2504 sunt
465 2448 538 2502 ab
563 2449 885 2514 hominibus,
915 2464 1014 2503 nec
1041 2447 1258 2502 auferri.
1285 2446 1465 2516 Itaque
1497 2447 1540 2499 si
1571 2446 1649 2499 sal
1679 2445 1904 2514 infatua-

311 2550 420 2594 tum
460 2543 637 2612 fuerit,
680 2543 734 2594 in
779 2557 877 2610 quo
923 2541 1166 2594 satietur?
1203 2539 1383 2602 idest,
1415 2538 1461 2593 si
1499 2552 1593 2592 vos
1635 2552 1731 2606 per
1766 2551 1902 2606 quos

311 2632 602 2686 condiendi
634 2640 758 2686 sunt
798 2632 1186 2702 quodammodo
1226 2631 1422 2700 populi,
1463 2638 1604 2684 metu
1646 2643 1899 2698 persecu-

313 2725 522 2778 tionum
555 2724 921 2794 temporalium
964 2723 1250 2778 amiseritis
1295 2737 1456 2791 regna
1497 2721 1782 2784 caelorum;
1811 2718 1901 2788 qui

311 2824 477 2868 erum
518 2815 758 2870 homines
787 2832 880 2884 per
901 2831 1084 2885 quosa
1111 2815 1261 2869 vobis
1285 2829 1436 2869 error
1462 2813 1747 2879 auferatur,
1779 2825 1901 2866 cum

314 2917 412 2958 vos
438 2904 662 2973 elegerit
706 2906 879 2970 Deus,
912 2921 1009 2974 per
1041 2919 1174 2974 quos
1211 2919 1446 2958 errorem
1493 2903 1700 2958 auferat
1739 2913 1902 2958 caete-

317 2994 543 3047 rorum?
572 2993 716 3063 Ergo
743 2994 810 3047 ad
843 2994 1058 3047 nihilum
1080 2995 1209 3047 valet
1246 2995 1322 3046 sal
1366 2993 1695 3057 infatuatum,
1724 2993 1822 3046 nisi
1845 3001 1903 3046 ut

316 3085 550 3139 mittatur
586 3090 742 3155 foras,
775 3096 822 3139 et
859 3087 1082 3166 cqlcetur
1120 3085 1185 3138 ab
1237 3085 1538 3139 hominibus.
1579 3085 1695 3138 Non
1726 3085 1903 3155 itaque

315 3175 556 3228 calcatur
585 3175 653 3230 ab
688 3176 985 3230 hominibus
1012 3175 1099 3245 qui
1131 3175 1325 3244 patitur
1347 3175 1785 3243 persecutionem,
1808 3175 1902 3228 sed

315 3266 407 3334 qui
447 3269 865 3335 persecutionem
913 3267 1147 3320 timendo
1189 3265 1492 3319 infatuatur.
1523 3265 1729 3320 Calcarl
1755 3265 1898 3320 enim

317 3370 427 3409 non
475 3364 648 3424 potest
696 3356 794 3410 nisi
842 3355 1061 3410 inferior
1106 3373 1120 3409 :
1166 3356 1258 3410 sed
1303 3354 1522 3409 inferior
1548 3371 1670 3409 .non
1700 3355 1901 3425 estqui

317 3446 564 3512 quamvis
605 3459 831 3513 corpore
875 3447 1037 3498 multa
1067 3445 1120 3498 in
1150 3453 1288 3500 terra
1315 3445 1594 3510 sustineat,
1622 3445 1783 3500 corde
1821 3453 1902 3500 ta-

316 3549 442 3588 men
473 3535 606 3589 ﬁxus
632 3535 682 3588 in
710 3535 847 3588 cmlo
873 3542 974 3589 est.
1434 3582 1444 3590 .

391 3627 482 3679 l7.
511 3624 610 3679 Vos
642 3627 757 3680 estis
785 3627 952 3679 lumen
977 3625 1170 3678 mundi.
1196 3624 1476 3690 Quomodo
1499 3625 1632 3679 dixit
1658 3627 1905 3695 superius

318 3718 399 3771 sal
443 3726 608 3780 terrm,
654 3719 731 3771 sic
771 3733 910 3772 nunc
952 3718 1079 3771 dicit
1107 3719 1274 3771 lumen
1312 3718 1506 3772 mundi.
1554 3717 1684 3772 Nam
1730 3734 1904 3788 neque

320 3809 569 3879 superius
593 3809 690 3862 ista
720 3818 856 3862 terra
886 3809 1191 3877 accipienda
1216 3818 1316 3873 est,
1356 3824 1510 3878 quam
1539 3809 1761 3877 pedibus
1780 3824 1903 3864 cor-

321 3899 502 3966 poreis
526 3900 808 3963 calcamus,
838 3900 932 3952 sed
977 3899 1218 3953 homines
1247 3899 1334 3968 qui
1379 3900 1428 3952 in
1472 3907 1610 3952 terra
1645 3898 1901 3965 habitant,

320 3991 403 4044 vel
454 3990 614 4043 etiam
660 3999 986 4060 peccatores,
1020 4005 1242 4058 quorum
1280 3989 1589 4043 condicudis
1616 3997 1669 4043 et
1698 3990 1900 4043 exstin-

319 4079 548 4147 guendis
578 4079 849 4147 potoribus
878 4079 1224 4148 apostolicum
1254 4079 1416 4132 salem
1458 4077 1712 4132 Dominus
1737 4079 1899 4133 misit.

323 4171 388 4222 lit
415 4169 505 4223 hic
531 4169 780 4222 mundum
813 4184 915 4223 non
949 4169 1140 4223 emittm
1172 4177 1225 4222 et
1268 4178 1494 4234 terram,
1531 4168 1624 4222 sed
1660 4169 1904 4225 homines

320 4260 412 4327 qui
463 4266 586 4312 sunt
626 4259 678 4313 in
723 4258 922 4312 mundo
965 4258 1048 4313 vel
1097 4258 1322 4328 diligunt
1368 4258 1639 4322 mundum,
1694 4268 1905 4328 oportet

323 4351 566 4419 intelligi,
615 4352 806 4419 quibus
843 4350 1210 4404 'illuminaudis
1258 4350 1493 4419 Apostoli
1549 4351 1695 4404 missi
1757 4361 1900 4404 sunt.

324 4443 447 4497 Non
474 4452 628 4512 potest
662 4443 834 4495 civitas
875 4443 1109 4496 abscondi
1151 4459 1302 4512 super
1344 4451 1559 4495 montem
1600 4443 1903 4496 constituta:

323 4534 373 4587 id
403 4543 504 4596 est,
538 4534 749 4587 fundata
779 4549 939 4605 super
967 4534 1222 4603 insignem
1256 4548 1602 4601 magnamque
1622 4533 1901 4602 justitiam,

324 4640 485 4695 quam
513 4625 772 4694 signiﬁcat
808 4625 965 4678 etiam
995 4624 1108 4692 ipse
1138 4638 1291 4676 mons
1317 4623 1367 4675 iu
1398 4637 1502 4691 quo
1539 4621 1772 4690 disputat
1803 4621 1906 4674 Do-

323 4719 520 4770 miuus.
571 4717 746 4786 Neque
813 4716 1089 4768 accendunt
1128 4715 1422 4779 lucernam,
1454 4721 1500 4765 et
1562 4723 1754 4784 ponunt
1795 4730 1903 4766 eam

321 4810 413 4862 sub
434 4809 621 4862 modio.
645 4807 779 4872 Quid
819 4805 1098 4876 putamus?
1131 4805 1200 4858 ita
1221 4820 1340 4860 esse
1369 4805 1564 4858 dictum
1591 4803 1680 4857 sub
1706 4803 1900 4871 modio,

323 4909 383 4953 ιιι
421 4899 702 4954 occultatio
759 4906 960 4950 tantum
1009 4896 1236 4949 lucerna:
1284 4895 1585 4964 accipienda
1631 4896 1718 4960 sit,
1789 4904 1905 4948 tan—

325 5006 483 5058 quam
507 4989 550 5042 si
581 4989 798 5053 diceret,
823 4987 988 5040 Nemo
1009 4987 1249 5041 accendit
1271 4988 1561 5052 lucernam,
1592 4995 1646 5041 et
1671 4987 1903 5041 occultat

325 5076 504 5134 illam?
532 5093 598 5130 an
640 5076 836 5146 aliquid
861 5076 1019 5130 etiam
1060 5075 1268 5131 modius
1306 5075 1586 5145 signiﬁcat,
1624 5084 1680 5130 ut
1707 5075 1807 5130 hoc
1836 5076 1906 5130 sit

327 5186 523 5240 ponere
567 5174 836 5223 lucernam
877 5167 976 5222 sub
1015 5167 1213 5233 modio,
1242 5169 1512 5236 superiora
1555 5165 1734 5222 facere
1779 5182 1902 5222 cor-

327 5263 470 5330 poris
516 5262 815 5324 commoda,
867 5275 1024 5330 quam
1074 5259 1501 5329 przedicationem
1546 5260 1814 5325 veritatis;
1845 5270 1904 5316 ut

327 5350 446 5406 ideo
471 5353 694 5422 quisque
723 5350 998 5405 veritatem
1035 5364 1141 5403 non
1171 5349 1439 5420 praedicet,
1476 5349 1601 5404 dum
1641 5352 1790 5405 timet
1833 5365 1903 5407 ne

325 5441 522 5512 aliquid
553 5443 602 5496 in
633 5441 793 5497 rebus
828 5439 1189 5510 corporalibus
1227 5447 1283 5495 et
1319 5439 1698 5509 temporalibus
1738 5440 1904 5496 mole.

325 5533 441 5592 tiliae
483 5533 742 5603 patiatur?
781 5533 848 5588 Et
887 5533 1023 5588 bene
1062 5531 1270 5587 modius
1296 5530 1510 5595 dicitur,
1547 5531 1660 5586 sive
1688 5539 1904 5602 propter

327 5624 725 5678 retributionem
771 5639 1052 5689 mensurae,
1095 5622 1214 5694 quia
1241 5638 1302 5677 ea
1329 5621 1549 5692 quisque
1575 5622 1760 5691 recipit
1783 5638 1903 5694 qua:

327 5716 492 5784 gessit
532 5717 584 5772 iu
631 5731 876 5786 corpore,
905 5723 958 5769 ut
997 5715 1122 5782 illic,
1163 5713 1329 5786 inquit
1358 5712 1660 5785 Apostolus,
1693 5713 1902 5785 recipiat

1701 340 1902 396 LIBER
1941 341 2208 400 PRIMUS.

2017 455 2355 526 unusquisque
2379 471 2493 527 qua:
2517 457 2669 528 gessit
2708 457 2762 512 in
2794 473 3003 528 corpore
3037 456 3103 529 (ll
3128 457 3246 515 Cor.
3277 475 3332 526 v,
3361 459 3454 533 l0)
3495 475 3514 514 :
3542 470 3601 516 et

2021 537 2266 616 tanquam
2304 548 2372 602 de
2399 548 2498 604 hoc
2525 549 2704 604 modio
2727 549 2968 619 corporis
2999 548 3104 602 alio
3145 550 3262 604 loco
3289 549 3501 617 dicitur,
3528 549 3599 605 In

2014 653 2116 706 qua
2139 638 2272 692 enim
2296 655 2528 692 mensura
2557 641 2714 694 mensi
2737 641 2951 712 fueritis,
2980 640 3032 693 in
3069 657 3129 693 ea
3157 642 3437 695 remetiatur
3461 643 3600 698 vobis

2015 724 2231 794 (Matth.
2256 741 2329 781 vn
2347 767 2363 792 ,
2393 727 2450 798 2)
2484 745 2496 781 :
2525 728 2638 783 sive
2667 729 2914 798 quoniam
2946 730 3256 798 temporalia
3284 730 3445 796 bona,
3474 745 3594 800 qua:

2017 813 2070 867 in
2115 829 2340 884 corpore
2393 827 2737 887 peraguntur,
2794 826 2941 873 certa
2988 816 3196 872 dierum
3253 832 3502 874 mensura
3538 825 3596 874 et

2014 902 2330 958 inchoantur
2371 913 2426 960 et
2485 917 2776 974 transeunt,
2835 923 2992 977 quam
3060 908 3284 964 fortasse
3336 907 3598 978 signiﬁcat

2014 993 2260 1059 modius;
2305 1003 2502 1049 aeterna
2550 1012 2679 1052 vero
2717 1006 2772 1053 et
2817 999 3113 1068 spiritualia
3159 998 3308 1053 nullo
3357 997 3448 1052 tali
3487 997 3595 1052 ﬁne

1993 1095 2325 1142 .coerceutur
2345 1085 2424 1156 (a)
2462 1105 2476 1140 :
2511 1086 2633 1142 Non
2656 1090 2788 1142 enim
2820 1090 2887 1143 ad
2914 1107 3200 1145 mensuram
3222 1090 3309 1143 dat
3328 1086 3468 1142 Deus
3489 1088 3598 1158 spi-

2010 1175 2162 1229 ritum
2187 1176 2365 1247 (Joan.
2399 1194 2476 1242 ιιι,
2500 1178 2750 1248 54).,8ιιι)
2777 1181 2956 1235 modio
2979 1196 3106 1252 ergo
3133 1181 3403 1236 lucernam
3424 1178 3590 1248 ponit,

2010 1267 2252 1337 quisquis
2294 1267 2467 1323 lucem
2515 1269 2668 1324 bona:
2711 1269 2967 1325 doctrinae
3006 1269 3302 1326 commodis
3332 1278 3594 1342 tempora-

2011 1357 2150 1412 libus
2188 1360 2435 1414 obscurat
2459 1367 2514 1414 et
2541 1359 2690 1430 tegit.
2716 1359 2823 1415 Sed
2849 1377 3002 1430 super
3021 1359 3396 1415 candelabrum.
3421 1357 3595 1428 Super

2010 1448 2386 1503 candelabrum
2409 1457 2609 1514 autem,
2649 1450 2740 1520 qui
2777 1465 2970 1518 corpus
2989 1465 3143 1504 suum
3174 1448 3471 1503 ministerio
3495 1446 3592 1511 Dei

2010 1537 2240 1607 subjicit,
2272 1547 2330 1592 ut
2353 1539 2595 1608 superior
2631 1541 2702 1594 sit
2739 1539 3044 1610 prmdicatie
3073 1539 3328 1600 veritatis.
3366 1545 3423 1593 et
3456 1535 3593 1592 infe-

2008 1627 2120 1681 rior
2169 1627 2396 1697 servitus
2438 1629 2678 1698 corporis
2723 1646 2737 1681 :
2790 1645 2886 1700 per
2925 1629 3093 1699 ipsam
3133 1636 3313 1682 tamen
3351 1625 3591 1694 corporis

2009 1718 2313 1772 servitutem
2354 1719 2615 1774 excelsior
2650 1719 2823 1774 luceat
2849 1719 3108 1784 doctrina,
3138 1734 3258 1789 qua:
3296 1733 3390 1787 per
3415 1715 3590 1770 ofﬁcia

2007 1810 2322 1878 corporalia,
2354 1810 2404 1864 id
2448 1820 2533 1866 est
2573 1826 2666 1881 per
2693 1827 2878 1867 vocem
2908 1821 2964 1868 et
3002 1811 3233 1882 linguam
3270 1818 3326 1865 et
3365 1816 3592 1863 cancros

2006 1901 2246 1970 corporis
2272 1910 2446 1956 motus
2487 1901 2541 1956 in
2579 1903 2733 1957 bonis
2773 1902 3028 1973 operibus
3056 1902 3352 1956 insinuatur
3374 1899 3588 1954 discen-

2008 1991 2163 2045 tibus:
2193 1993 2364 2060 Super
2386 1993 2762 2048 candelabrum
2799 2007 2928 2064 ergo
2963 1993 3110 2063 ponit
3143 1992 3435 2056 lucernam,
3463 2003 3594 2046 ctln

2006 2081 2134 2134 dicit
2173 2081 2478 2150 Apostolus,
2515 2081 2633 2135 Non
2674 2083 2748 2136 sic
2783 2099 2951 2154 pugno
2995 2092 3233 2150 tanquam
3277 2094 3443 2134 aerem
3483 2093 3586 2132 cae-

2007 2173 2164 2236 dens;
2192 2174 2282 2228 sed
2328 2175 2520 2243 castigo
2557 2189 2744 2244 corpus
2771 2190 2959 2239 meant,
3005 2181 3052 2226 et
3093 2172 3315 2226 servituti
3355 2169 3589 2239 subjicio,

2007 2279 2069 2317 ne
2098 2266 2226 2336 forte
2255 2263 2369 2319 aliis
2399 2263 2680 2332 prtedicans
2707 2265 2817 2334 ipse
2851 2263 3095 2334 reprobus
3133 2262 3360 2316 inveniar
3397 2260 3440 2333 (l
3466 2257 3586 2314 Cor.

2006 2369 2088 2420 lx,
2117 2355 2209 2421 26,
2241 2353 2356 2427 27).
2382 2355 2534 2422 Quod
2570 2369 2698 2409 vero
2739 2356 2832 2418 ait,
2863 2353 2931 2410 Ut
2957 2354 3118 2408 luceat
3142 2353 3372 2407 omnibus
3411 2352 3496 2420 qui
3530 2351 3590 2403 in

2004 2444 2156 2498 domo
2197 2455 2335 2509 sunt,
2381 2445 2596 2498 domum
2636 2453 2762 2513 puto
2787 2444 2978 2498 dictam
3011 2443 3389 2497 habitationem
3418 2439 3590 2494 homi-

2006 2549 2154 2597 num,
2200 2535 2249 2588 id
2292 2543 2377 2590 est
2415 2535 2585 2604 ipsum
2633 2534 2916 2600 mundum,
2946 2541 3163 2602 propter
3199 2531 3251 2586 id
3299 2530 3441 2601 quod
3491 2543 3585 2583 su-

2006 2624 2186 2693 perius
2230 2623 2324 2686 ait,
2365 2623 2462 2678 Vos
2507 2624 2624 2678 estis
2662 2624 2830 2677 lumen
2870 2622 3044 2676 mundi
3081 2637 3101 2676 :
3143 2630 3236 2674 aut
3288 2620 3333 2675 si
3366 2619 3586 2674 domum

2004 2713 2232 2783 quisque
2255 2713 2370 2768 vult
2407 2714 2650 2783 accipere
2680 2713 2995 2780 Ecclesiam,
3023 2726 3122 2767 nec
3151 2711 3254 2766 hoc
3289 2718 3372 2766 est
3399 2708 3590 2764 absur-

2004 2804 2150 2859 dum.
3533 2845 3538 2852 ,

2077 2896 2302 2953 CAPUT
2341 2896 2653 2952 ιιι-ιε.
2699 2896 2788 2952 Sic
2821 2897 3003 2959 luceat,
3050 2893 3238 2964 inquit,
3282 2890 3450 2945 lumen
3495 2906 3584 2944 cc-

2005 2997 2168 3042 strum
2192 3004 2363 3042 coram
2381 2989 2681 3054 bonainibus,
2709 2996 2764 3040 ut
2787 2988 2982 3041 videant
3009 2987 3138 3040 bona
3161 2986 3296 3054 facta
3327 2991 3506 3045 castra,
3523 2989 3588 3040 et

2009 3079 2290 3149 gloriﬁcent
2324 3077 2532 3132 Patrem
2557 3088 2771 3132 vestrum
2788 3078 2882 3145 qui
2917 3077 2972 3130 in
2995 3077 3131 3130 caelis
3157 3084 3249 3128 est.
3271 3074 3326 3128 Si
3357 3081 3590 3127 tantum-

2007 3170 2168 3224 modo
2201 3169 2423 3234 diceret,
2467 3168 2556 3223 Sic
2593 3170 2756 3223 luceat
2777 3170 2948 3222 lumen
2981 3177 3194 3222 vestrum
3232 3181 3403 3219 coram
3427 3164 3590 3217 homi-

2009 3261 2175 3327 nibus,
2203 3269 2258 3314 ut
2294 3260 2492 3314 videant
2520 3259 2649 3314 bona
2673 3265 2809 3329 facta
2832 3270 3030 3323 vestra;
3065 3260 3221 3312 linem
3250 3255 3591 3311 constituisse

2009 3353 2277 3406 videretur
2305 3353 2356 3404 in
2387 3351 2628 3406 laudibus
2655 3350 2948 3415 hominum,
2983 3363 3115 3419 quas
3147 3355 3390 3418 quaerunt
3417 3347 3590 3416 hypo-

2009 3445 2180 3509 critze,
2210 3452 2264 3498 et
2290 3445 2377 3512 qui
2407 3442 2647 3496 ambiunt
2677 3442 2742 3495 ad
2772 3441 3024 3506 honores,
3055 3449 3108 3495 et
3135 3447 3350 3508 captant
3386 3437 3594 3491 inanis-

2009 3534 2200 3587 simam
2225 3533 2469 3602 gloriam.
2513 3532 2708 3586 Contra
2728 3547 2864 3601 quos
2889 3531 3098 3585 dicitur.
3137 3548 3156 3580 ι
3189 3528 3245 3584 Si
3270 3529 3444 3582 adhuc
3489 3526 3591 3580 ho-

2011 3619 2246 3676 minibus
2265 3622 2548 3691 placerem,
2577 3621 2768 3674 Christi
2797 3634 2981 3674 servus
3004 3635 3106 3673 non
3137 3633 3309 3672 essem
3337 3636 3356 3668 ι
3389 3614 3588 3684 (Colat.

2013 3727 2048 3772 I,
2081 3709 2172 3780 10)
2225 3727 2238 3763 :
2268 3719 2323 3765 et
2358 3725 2454 3779 per
2481 3710 2789 3778 prophetam
2811 3751 2825 3772 ,
2859 3727 2878 3760 ι
2909 3709 3008 3774 Qui
3037 3707 3338 3763 hominibus
3359 3706 3587 3774 placent,

2009 3800 2216 3854 confusi
2255 3810 2398 3864 sunt,
2430 3800 2550 3869 quia
2583 3799 2719 3853 Deus
2746 3798 2894 3852 nihili
2917 3797 3039 3852 fecit
3063 3796 3211 3857 illos;
3245 3814 3262 3847 ι
3294 3803 3350 3850 et
3375 3795 3590 3860 iterum,

2017 3909 2036 3941 ι
2071 3890 2210 3944 Deus
2248 3889 2509 3959 confregit
2531 3903 2650 3943 ossa
2689 3887 2992 3942 hominibus
3019 3885 3332 3956 placentium
3362 3902 3382 3936 ι
3417 3881 3588 3956 (Psal.

2013 3995 2103 4046 LII,
2152 3980 2206 4051 6)
2259 3998 2271 4033 :
2321 3990 2377 4034 et
2428 3994 2638 4034 rursum
2694 3977 3012 4046 Apostolus,
3064 3993 3082 4026 ι
3133 3975 3247 4029 Non
3302 3973 3594 4028 efﬁciamur

2014 4070 2186 4124 inanis
2225 4071 2405 4139 glorize
2429 4069 2603 4137 cupidi
2635 4085 2653 4119 ι
2687 4066 2883 4136 (Galat.
2911 4081 2964 4131 v,
2987 4064 3114 4134 26);
3145 4073 3198 4119 et
3223 4065 3336 4132 ipse
3374 4063 3589 4120 iterum.

2016 4178 2035 4210 ι
2073 4161 2264 4215 Probet
2286 4169 2460 4214 autem
2491 4175 2549 4214 se
2579 4159 2758 4224 homo,
2790 4167 2844 4211 et
2870 4164 2994 4210 tunc
3023 4157 3074 4210 in
3100 4156 3384 4224 semetipso
3425 4153 3592 4207 habe-

2013 4253 2090 4307 bit
2117 4253 2362 4322 gloriam,
2403 4261 2456 4306 et
2494 4267 2598 4304 non
2627 4250 2678 4302 iu
2719 4250 2887 4302 altero
2916 4265 2933 4296 ι
2971 4245 3079 4313 (Id.
3110 4262 3182 4308 vi,
3209 4245 3286 4311 4).
3317 4242 3433 4297 Νοιι
3461 4257 3590 4312 ergo

2013 4353 2217 4397 tantum
2257 4341 2405 4404 dixit,
2447 4359 2465 4391 ι
2494 4349 2552 4392 ιιι
2588 4338 2802 4392 videant
2846 4336 2982 4389 bona
3012 4334 3151 4388 facta
3197 4342 3408 4395 vestra;
3444 4350 3462 4382 ι
3496 4331 3591 4384 sed

2012 4433 2233 4496 addidit,
2271 4448 2289 4482 ι
2316 4441 2369 4484 et
2391 4430 2686 4499 gloriﬁcent
2712 4429 2921 4482 Patrem
2948 4433 3180 4480 vestrum
3224 4424 3311 4493 qtti
3357 4423 3408 4477 iu
3438 4423 3594 4478 cmlis

2012 4532 2128 4578 est:
2152 4541 2170 4574 ι
2198 4533 2254 4574 ιιι
2273 4521 2376 4576 hoc
2402 4523 2572 4588 ipsum
2600 4520 2739 4590 quod
2771 4521 2930 4573 homo
2959 4533 3052 4587 per
3075 4519 3212 4572 bona
3239 4532 3399 4586 opera
3422 4517 3594 4585 placet

2016 4613 2340 4677 hominibus,
2383 4626 2488 4664 non
2533 4611 2602 4664 ibi
2648 4611 2806 4665 ﬁnem
2850 4611 3138 4664 constituat
3183 4616 3240 4661 ut
3287 4607 3594 4665 hominibus

2013 4704 2247 4773 placeat;
2277 4701 2369 4756 sed
2414 4701 2606 4755 referat
2633 4701 2732 4754 hoc
2764 4699 2830 4753 ad
2872 4699 3081 4753 laudem
3113 4699 3226 4762 Dei,
3257 4707 3311 4752 et
3353 4706 3596 4767 promer.

2011 4809 2072 4846 ea
2122 4794 2325 4862 placeat
2383 4791 2685 4846 hominibus
2745 4800 2802 4843 ut
2841 4790 2892 4844 in
2932 4790 3021 4844 illo
3066 4789 3391 4859 gloriﬁcetur
3429 4788 3590 4842 Deus.

2011 4883 2126 4938 Hoc
2150 4883 2292 4938 enim
2335 4881 2673 4936 laudantibus
2691 4880 2923 4950 expedit,
2958 4889 3016 4934 ut
3040 4896 3143 4934 non
3172 4880 3463 4943 hominem,
3494 4880 3591 4936 sed

2011 4975 2179 5028 Deum
2209 4974 2472 5026 honorent
2502 4990 2516 5026 :
2543 4973 2680 5026 sicut
2727 4972 2780 5025 in
2820 4972 2934 5040 ipso
2962 4971 3174 5024 homine
3208 4970 3296 5039 qui
3342 4970 3590 5038 portaba-

2012 5073 2097 5119 tur
2125 5065 2165 5130 ί,
2200 5063 2455 5118 Dominus
2495 5062 2745 5126 ostendit,
2791 5061 2880 5115 ubi
2922 5062 3195 5115 admiratae
3234 5061 3400 5115 turba:
3437 5076 3589 5129 para-

2012 5157 2175 5226 lytico
2225 5164 2410 5210 sanato
2453 5155 2674 5208 virtutes
2704 5153 2839 5222 ejus,
2870 5152 3008 5206 sicut
3055 5153 3107 5205 iu
3146 5152 3430 5221 Evangelia
3456 5151 3590 5205 scri-

2012 5257 2157 5318 ptum
2194 5257 2294 5308 est,
2329 5264 2347 5297 ι
2382 5245 2692 5300 Timuerunt
2719 5255 2777 5299 et
2820 5244 3247 5314 gloriﬁcaverunt
3287 5244 3470 5308 Deum,
3499 5242 3591 5312 qui

2011 5339 2155 5394 dedit
2182 5345 2498 5408 potestatem
2541 5335 2698 5390 talem
2737 5334 3041 5390 hominibus
3071 5353 3091 5386 ι
3141 5333 3351 5405 (Matth.
3391 5349 3466 5399 ιι,
3507 5332 3586 5404 8).

2011 5428 2177 5500 Cujus
2201 5428 2435 5483 imitator
2459 5426 2730 5498 apostolus
2757 5425 2950 5482 Paulus
2976 5424 3106 5481 dicit
3132 5442 3146 5479 :
3181 5442 3201 5479 ι
3239 5424 3469 5480 Tantum
3491 5436 3590 5478 au-

2073 5602 2091 5634 ι
2118 5607 2166 5650 ιιι
2189 5597 2412 5648 undecim
2435 5605 2541 5647 Mss.
2567 5597 2683 5662 etin
2708 5597 2851 5649 editis
2873 5605 2970 5650 Am.
2999 5604 3051 5650 ct
3069 5603 3166 5658 ειη,
3190 5608 3330 5662 quem
3349 5593 3585 5662 portabat.

2011 5662 2140 5725 Apud
2159 5669 2290 5717 Man,
2314 5671 2454 5721 quem
2468 5659 2715 5725 portabmtt

2071 5723 2146 5782 (a)
2167 5729 2182 5771 t
2207 5720 2408 5771 Retract.
2433 5733 2536 5776 cap.
2565 5721 2641 5774 l9.
2665 5734 2707 5770 ιι.
2738 5720 2784 5771 ὅ.
