4076 6456
2023 304 2133 326 σι’

1375 405 1460 460 DE
1497 399 1814 458 SERMONE
1855 393 2087 455 l'LOMZNI
2129 398 2190 451 IN
2231 393 2478 462 MUNTE,
2520 398 2576 453 S.
2617 395 2980 456 AUGUSTIM

546 409 680 466 ηδε)

539 530 648 576 tem
675 520 949 574 audientes
972 527 1126 574 erant
1150 516 1396 586 quo..iam
1425 518 1512 585 qui
1551 515 1833 583 aliquando
1867 529 1962 567 nos
1989 529 2109 581 pcr—

539 611 881 679 sequebatur,
908 625 1046 663 nunc
1087 609 1409 677 cvangelizat
1452 607 1607 660 ﬁdem
1649 621 1804 675 quam
1831 603 2110 672 aliquando

539 699 796 765 vastabat;
815 709 868 754 et
882 701 933 752 iu
956 713 1038 752 me
1057 698 1413 767 gloriﬁcabaut
1433 697 1596 750 Deum
1609 693 1870 763 i(Galat.t,
1885 694 1976 754 25.
1991 694 2106 763 Ἡ).

613 793 700 848 19.
733 794 1073 858 Posteaquam
1112 805 1239 858 ergo
1275 789 1578 843 cohortatus
1625 797 1706 842 est
1742 787 2016 841 audientes
2055 795 2111 839 ut

541 898 602 938 se
657 889 1012 952 pra-pararent
1050 879 1117 934 ad
1159 880 1336 933 omnia
1383 877 1688 932 sustinenda
1743 893 1837 945 pro
1891 876 2109 930 veritate

542 983 700 1042 atque
736 971 960 1039 justitia,
1001 979 1056 1023 et
1093 979 1148 1022 ut
1188 984 1292 1022 non
1324 967 1709 1022 absconderem
1734 967 1932 1020 bonum
1969 963 2109 1034 quod

540 1060 804 1128 accepturi
851 1068 1021 1124 erant,
1066 1058 1160 1112 sed
1211 1073 1273 1111 ea
1327 1057 1696 1111 benevolentia
1739 1056 2027 1119 discerent,
2053 1062 2110 1110 ut

539 1158 760 1204 ceteros
787 1150 1062 1215 docerent,
1089 1165 1192 1204 non
1236 1148 1303 1203 ad
1343 1148 1551 1202 laudem
1586 1162 1756 1207 suam,
1784 1146 1875 1200 sed
1897 1146 1961 1201 ad
1991 1146 2108 1214 glo-

541 1241 674 1296 riam
699 1241 790 1295 Dei
820 1239 956 1294 bona
986 1255 1078 1294 sua
1107 1255 1268 1310 opera
1305 1237 1632 1300 referentes;
1663 1236 1847 1304 incipit
1883 1251 1976 1289 eos
1997 1235 2104 1302 jam

540 1329 823 1384 informare
853 1338 908 1384 et
944 1330 1138 1383 docere
1175 1328 1300 1399 quid
1340 1327 1592 1388 doceant,
1623 1335 1866 1394 tanquam
1892 1323 1941 1377 si
1963 1339 2110 1391 qtae-

535 1428 718 1474 I'erent
753 1419 991 1474 dicentes
1023 1437 1036 1472 :
1073 1418 1210 1473 Ecce
1257 1419 1502 1471 volumus
1542 1424 1597 1470 et
1634 1416 1808 1468 omnia
1848 1415 2111 1467 sustinere

540 1525 639 1579 pro
663 1519 753 1564 tuo
785 1511 1019 1575 nomine,
1049 1520 1102 1564 et
1129 1509 1422 1563 doctrinam
1456 1517 1596 1561 tuam
1623 1521 1725 1559 non
1748 1503 2107 1566 abscondere;

539 1600 632 1655 sed
669 1600 796 1670 quid
833 1609 917 1654 est
952 1599 1055 1662 hoc
1084 1599 1252 1670 ipsum
1279 1598 1419 1668 quod
1447 1606 1594 1652 vetas
1635 1595 1908 1658 abscondi,
1938 1602 1992 1647 et.
2017 1607 2110 1661 pro

539 1706 647 1761 quo
681 1691 836 1760 jubes
862 1692 1038 1746 omnia
1069 1691 1318 1744 tolerari?
1359 1687 1610 1756 numquid
1649 1686 1749 1739 alia
1789 1685 2024 1738 dicturus
2051 1697 2112 1736 es

543 1790 729 1836 contra
757 1797 818 1835 ea
847 1797 964 1850 qua:
984 1782 1036 1835 in
1060 1780 1200 1849 Lege
1219 1781 1407 1848 scripta
1437 1777 1590 1832 sunt?
1613 1776 1746 1838 Non,
1781 1775 1964 1843 inquit.
2000 1772 2111 1826 No-

541 1872 630 1926 lite
655 1874 797 1928 enim
828 1882 1022 1942 putare,
1054 1873 1288 1941 quoniam
1311 1871 1422 1924 veni
1449 1870 1635 1923 solvere
1664 1867 1846 1938 Legem
1873 1875 1960 1919 aut
1990 1863 2113 1918 Pro-

541 1967 716 2036 pheta:
741 1979 753 2017 :
777 1981 876 2018 non
899 1963 1236 2027 veni‘solvere,
1258 1963 1344 2014 sed
1367 1961 1592 2031 implere.

609 2054 832 2110 CAPUT
877 2053 1005 2107 VIII.
1033 2083 1103 2092 -—
1137 2052 1227 2106 20.
1270 2050 1324 2104 In
1357 2051 1456 2104 hac
1484 2047 1742 2103 sententia
1781 2060 1970 2100 sensus
2009 2044 2110 2099 du-

541 2143 662 2211 plex
693 2152 806 2206 est;
843 2142 1129 2196 secundum
1172 2150 1452 2208 utrumque
1483 2136 1808 2192 tractandum
1847 2146 1945 2189 est.
1977 2135 2110 2189 Nam

541 2231 629 2299 qui
658 2230 804 2289 dicit.
829 2229 949 2284 Non
970 2231 1078 2284 veni
1097 2230 1285 2283 solvere
1307 2227 1505 2297 Legem,
1528 2229 1614 2278 sed
1635 2223 1870 2295 implere;
1905 2233 1993 2276 aut
2013 2223 2109 2277 ad-

541 2320 723 2374 deudo-
740 2320 864 2374 dicit
890 2320 1028 2390 quod
1061 2320 1235 2373 minus
1264 2319 1437 2380 habet,
1470 2327 1560 2371 aut
1588 2315 1829 2370 faciendo
1852 2316 1990 2385 quod
2019 2316 2112 2369 ha-

542 2410 633 2464 bet
654 2428 667 2464 :
692 2410 819 2464 illud
838 2425 964 2478 ergo
983 2410 1126 2478 prius
1143 2407 1557 2469 consideremus,
1581 2406 1720 2476 quod
1746 2407 1912 2474 primo
1939 2406 2108 2473 posui.

541 2501 672 2555 Nam
701 2503 790 2572 qui
838 2501 984 2555 addit
1025 2499 1166 2571 quod
1226 2501 1398 2554 minus
1424 2498 1609 2562 habet,
1653 2514 1755 2552 non
1786 2499 1966 2567 utique
2005 2499 2112 2552 sol-

543 2592 619 2646 vit
645 2592 788 2660 quod
816 2591 1015 2646 invenit
1036 2632 1052 2656 ,
1099 2591 1198 2645 sed,
1222 2591 1389 2660 magis
1428 2589 1747 2659 perficiendo
1785 2589 2065 2643 conﬁrmat
2093 2607 2106 2642 :

549 2691 605 2736 et
629 2683 746 2736 ideo
764 2682 1018 2751 sequitur,
1035 2691 1088 2737 et
1108 2681 1255 2749 dicit,
1267 2681 1424 2735 Amen
1451 2682 1561 2734 dico
1585 2681 1738 2745 vobis,
1767 2681 1923 2734 donec
1947 2692 2112 2735 trans-

463 2755 470 2760 ἢ
539 2783 618 2826 eat
644 2774 818 2828 caelum
845 2783 890 2828 et
918 2782 1072 2840 terra,
1099 2774 1200 2826 iota
1219 2790 1374 2826 unum
1401 2783 1485 2825 aut
1512 2789 1639 2826 unus
1663 2788 1793 2842 apex
1820 2787 1918 2826 non
1949 2783 2112 2827 trane-

539 2864 606 2914 iet
631 2879 663 2914 a
687 2861 836 2933 Lege,
877 2845 1036 2916 donec
1085 2862 1252 2915 omnia
1290 2863 1434 2927 ﬁant.
1465 2861 1594 2913 Dum
1625 2860 1764 2914 enim
1800 2861 1929 2914 ﬁunt
1952 2863 2109 2915 etiam

539 2954 628 3008 illa
653 2970 771 3023 qua:
795 2954 1058 3008 adduntur
1084 2953 1149 3007 ad
1181 2951 1578 3022 perfectionem,
1606 2952 1771 3006 multo
1796 2953 1960 3021 magis
1983 2952 2114 3007 ﬁunt

540 3044 629 3099 illa
651 3059 768 3112 qum
793 3043 1062 3111 pnemissa
1083 3052 1204 3097 sunt
1222 3043 1287 3096 ad
1316 3042 1723 3096 inchoationem.
1754 3043 1903 3108 Quod
1931 3052 2108 3097 autem

541 3135 644 3199 ait,
673 3134 790 3188 lota
818 3151 989 3196 unum.
1018 3145 1104 3187 aut
1126 3151 1255 3188 unus
1280 3151 1411 3204 apex
1435 3151 1537 3187 non
1557 3134 1761 3187 transiet
1788 3151 1820 3186 a
1849 3133 1998 3202 Lege,
2032 3135 2111 3188 ni-

543 3223 615 3278 hil
643 3233 819 3295 potest
843 3223 982 3278 aliud
1009 3223 1226 3292 intelligi
1254 3223 1351 3276 nisi
1381 3223 1664 3276 vehemens
1690 3223 1960 3290 expressio
1992 3239 2112 3291 per-

542 3312 784 3367 fectionis
805 3311 903 3383 (α),
931 3313 1141 3382 quando
1163 3328 1258 3382 per
1278 3313 1479 3366 litteras
1497 3311 1729 3381 singulas
1753 3311 2107 3366 demonstrata

542 3409 626 3456 est
657 3419 670 3456 :
698 3402 837 3456 inter
859 3417 992 3472 quas
1029 3402 1230 3456 litteras
1258 3402 1363 3455 iota
1394 3403 1567 3456 minor
1591 3411 1672 3455 est
1701 3403 1910 3455 ert-teris
1932 3443 1946 3462 ,
1989 3402 2110 3470 quia

542 3508 649 3548 uno
669 3493 830 3548 ductu
863 3495 956 3558 ﬁt;
993 3509 1124 3562 apex
1153 3502 1328 3548 autem
1369 3504 1448 3546 est
1476 3494 1633 3546 etiam
1663 3493 1826 3560 ipsius
1860 3494 2028 3560 aliqua
2057 3493 2111 3548 in

541 3595 751 3636 summo
790 3583 1062 3652 particula.
1095 3582 1296 3649 Quibus
1337 3583 1513 3637 verbis
1542 3582 1769 3636 ostendit
1801 3584 1850 3636 in
1883 3584 2020 3652 Lege
2045 3583 2111 3638 ad

541 3672 784 3727 effectum
811 3673 969 3727 etiam
999 3673 1211 3727 minima
1239 3688 1460 3742 qua-quc
1502 3672 1735 3740 perduci.
1766 3671 1964 3727 Deinde
1989 3673 2114 3727 sub-

542 3761 654 3828 iicit
685 3780 697 3815 :
731 3761 828 3827 (lui
861 3763 991 3816 enim
1020 3763 1216 3816 solverit
1251 3779 1409 3814 unum
1449 3761 1510 3814 de
1549 3761 1797 3814 mandatis
1825 3763 1930 3816 istis
1967 3764 2113 3817 mini-

543 3851 656 3913 mis,
682 3859 729 3902 et
755 3851 974 3904 docuerit
1003 3852 1074 3904 sic
1098 3852 1321 3904 homines
1345 3891 1360 3916 ,
1389 3851 1624 3906 minimus
1661 3851 1912 3905 vocabitur
1949 3854 1999 3906 in
2029 3870 2113 3907 re-

543 3958 643 4010 gno
667 3943 920 3994 caelorum.
954 3939 1192 3994 Mandata
1221 3955 1348 4006 ιιικο
1383 3943 1596 3995 minima
1639 3943 1999 4011 signiﬁcantur
2023 3957 2115 4010 per

546 4047 706 4083 nmmt
737 4030 840 4083 iota
865 4039 918 4083 et
939 4046 1098 4083 unum
1121 4030 1208 4098 api
1239 4046 1342 4082 em.
1367 4028 1466 4095 Qui
1488 4046 1615 4099 ergo
1639 4033 1836 4084 solverit
1863 4043 1908 4084 et
1932 4033 2112 4084 (locuc-

544 4121 610 4172 rit
637 4120 708 4172 sic
735 4158 748 4181 ,
781 4118 831 4171 id
859 4128 941 4172 est
962 4159 978 4182 ,
1008 4118 1293 4171 secundum
1323 4117 1374 4170 id
1403 4118 1540 4185 quod
1572 4119 1749 4182 solvit,
1788 4136 1890 4171 non
1921 4135 2112 4173 secun-

543 4210 669 4262 dum
699 4208 747 4262 id
778 4208 916 4275 quod
947 4188 1145 4261 in'venit
1173 4217 1225 4261 et
1255 4207 1399 4276 legit,
1428 4208 1664 4260 minimus
1690 4209 1940 4260 vocabitur
1968 4211 2017 4260 in
2047 4225 2114 4261 rc-

545 4315 643 4368 gno
677 4299 911 4352 calorum
946 4313 964 4350 :
989 4307 1042 4352 et
1069 4298 1288 4351 fortasse
1315 4297 1435 4351 ideo
1461 4313 1564 4350 non
1594 4299 1696 4351 erit
1723 4297 1770 4350 in
1812 4313 1974 4367 regno
2002 4315 2114 4352 co:-

549 4391 758 4454 lorum,
803 4389 887 4441 ubi
921 4389 1018 4442 nisi
1047 4389 1216 4457 magni
1259 4403 1378 4443 esse
1406 4405 1508 4441 non
1553 4399 1788 4456 possunt.
1822 4388 1920 4452 Qui
1949 4401 2114 4443 autent

547 4480 715 4548 fecerit
743 4489 788 4530 et
822 4478 1044 4532 docuerit
1072 4479 1142 4531 sic
1171 4477 1281 4548 (ὑ),
1312 4477 1412 4532 hoc
1449 4486 1532 4532 est
1553 4518 1568 4537 .
1607 4479 1694 4546 qui
1723 4494 1826 4531 non
1855 4479 2071 4532 Solverit
2095 4519 2110 4545 ,

546 4578 600 4622 et
619 4569 858 4622 docuerit
878 4568 956 4621 sic
974 4609 990 4633 ,
1019 4568 1306 4623 secundum
1334 4568 1381 4620 id
1407 4567 1544 4635 quod
1568 4582 1670 4621 non
1701 4569 1876 4632 solvit,
1904 4585 2116 4638 magna:

549 4659 800 4711 vocabitur
823 4659 873 4709 in
897 4673 1048 4726 regno
1080 4659 1337 4710 cazlorunt.
1365 4657 1463 4722 Qui
1494 4672 1622 4710 vero
1661 4671 1880 4725 magnus
1903 4658 2115 4710 vocabi-

547 4757 633 4799 tur
662 4746 713 4799 in
745 4760 907 4815 regno
936 4747 1212 4804 caelorum.
1240 4747 1477 4814 sequitur
1505 4754 1562 4798 ut
1589 4746 1744 4800 etiam
1775 4746 1844 4798 sit
1872 4746 1922 4799 in
1953 4762 2116 4814 regno

547 4837 827 4901 caelorum,
856 4853 961 4904 quo
994 4837 1164 4905 magni
1195 4836 1540 4890 adu'iittuntur
1566 4853 1578 4888 :
1605 4834 1672 4888 ad
1702 4834 1800 4890 hoc
1826 4835 1968 4890 enim
1998 4853 2118 4906 per-

549 4931 681 4984 tinet
706 4927 848 4998 quod
873 4927 1132 4994 sequitur.

615 5017 841 5074 CAPUT
880 5016 970 5072 IX.
999 5047 1072 5057 —
1096 5017 1186 5071 2|.
1232 5015 1352 5070 Dico
1378 5016 1507 5070 enim
1532 5016 1686 5081 vobis,
1706 5019 1824 5085 quia
1844 5019 1942 5071 nisi
1960 5018 2116 5071 abun-

546 5111 740 5164 daverit
752 5111 952 5181 justitia
971 5119 1130 5163 vestra
1158 5110 1269 5178 plus
1287 5125 1440 5178 quant
1460 5108 1750 5162 Scribarum
1770 5118 1813 5161 et
1834 5108 2118 5163 Pharita'o-

546 5216 697 5266 runt,
723 5215 822 5252 non
863 5198 1112 5252 intrabitis
1136 5199 1189 5251 in
1220 5213 1428 5267 regnum
1454 5197 1690 5250 cazlorum
1722 5212 1739 5250 :
1765 5196 1815 5250 id
1845 5205 1965 5263 est,
2013 5197 2113 5251 nisi

548 5305 653 5345 non
692 5290 862 5344 solmn
905 5289 996 5342 illa
1031 5288 1246 5342 minima
1282 5287 1441 5356 chis
1478 5296 1742 5356 praecepta
1772 5287 2117 5355 impleveritis

548 5396 666 5449 qua:
688 5378 938 5433 inchoant
959 5377 1244 5441 hominem,
1273 5376 1367 5431 sed
1391 5377 1548 5431 etiam
1578 5376 1673 5428 ista
1703 5391 1821 5444 quae
1857 5390 1886 5427 a
1913 5390 2000 5428 me
2024 5374 2118 5428 ad.

549 5470 749 5525 duntur
772 5509 788 5535 ,
815 5470 903 5539 qui
930 5484 1035 5522 non
1074 5469 1192 5522 veni
1219 5468 1424 5523 solvere
1449 5461 1638 5538 Legem
1660 5507 1676 5533 ,
1721 5466 1815 5522 sed
1856 5466 2075 5537 implere
2097 5507 2113 5532 ,

612 5643 686 5764 (ag
708 5649 722 5692 Ι
755 5648 958 5692 ltetract.
985 5653 1088 5703 cap.
1111 5639 1189 5699 19,
1212 5653 1262 5688 n.
1281 5640 1330 5689 3.

612 5703 660 5760 to
698 5710 748 5752 tn
770 5717 929 5764 graeco
952 5703 1149 5764 legebat
1168 5699 1330 5764 οιιιὸιι

609 5699 681 5764 ib)
698 5710 748 5752 tn
770 5717 929 5766 graeco
952 5699 1149 5766 legebat
1168 5699 1300 5766 cuto,
1315 5713 1403 5764 pro
1422 5705 1569 5751 outos.

612 5767 684 5824 te)
709 5771 724 5812 t
748 5763 948 5814 ttetract.
969 5763 1073 5827 cap.
1105 5763 1178 5824 I9,
1203 5775 1250 5811 ιι.
1277 5763 1322 5811 4.

3647 407 3781 461 12M

2218 525 2320 561 non
2345 509 2609 565 intrabitis
2629 512 2679 564 in
2703 527 2918 580 regnum
2940 513 3193 566 caelorum
3219 511 3312 584 (c).
3335 513 3439 569 Sed
3459 515 3590 570 dicis
3612 517 3778 572 mihi:

2216 599 2272 654 Si
2299 599 2365 654 de
2393 601 2495 654 illis
2519 601 2776 654 mandatis
2803 602 3030 655 minimis
3049 618 3169 656 eum
3190 605 3432 674 superius
3457 605 3780 675 loqueretur.

2213 689 2350 743 dixit
2397 690 2672 743 minimum
2720 692 2895 745 vocari
2946 690 2998 744 iu
3043 706 3206 761 regno
3245 694 3500 748 caelorum
3547 697 3784 765 quisquis

2216 797 2376 834 unum
2409 797 2593 836 eorum
2634 783 2868 846 solverit,
2899 793 2952 838 et
2980 784 3266 838 secundum
3291 800 3440 838 suam
3469 787 3784 842 solutionem

2214 869 2482 935 docuerit;
2525 887 2767 940 magnum
2803 882 2979 930 autem
3007 874 3182 928 vocari
3215 876 3453 944 quisquis
3478 892 3538 929 ea
3573 876 3784 941 fecerit,

2214 969 2267 1013 et
2289 960 2366 1013 sic
2395 961 2655 1027 docuerit,
2687 973 2739 1016 et
2762 979 2826 1016 ex
2856 979 2921 1017 eo
2945 964 3050 1032 iam
3091 966 3140 1018 in
3171 980 3331 1034 regno
3357 968 3612 1021 caelorum
3644 968 3785 1021 futuo

2215 1066 2329 1104 rum
2357 1066 2474 1104 esse
2501 1053 2622 1120 quia
2658 1067 2876 1122 magnus
2904 1065 2986 1108 est
3017 1073 3030 1107 :
3059 1055 3181 1122 quid
3217 1071 3349 1123 opus
3377 1066 3458 1110 est
3483 1057 3606 1110 addi
3647 1074 3784 1126 prae-

2216 1139 2383 1206 Ceptis
2415 1139 2568 1208 Legis
2596 1141 2846 1205 minimis,
2876 1142 2920 1195 si
2943 1142 3050 1210 jam
3073 1143 3124 1196 in
3151 1159 3315 1212 regno
3335 1146 3588 1200 cuzlorum
3617 1158 3785 1215 potest

2214 1245 2332 1284 esse
2359 1270 2373 1295 ,
2406 1232 2525 1301 quia
2559 1247 2784 1301 magnus
2813 1243 2894 1287 est
2921 1235 3156 1303 quisquis
3182 1251 3243 1288 ea
3274 1236 3475 1301 fecerit,
3503 1247 3558 1290 et
3583 1239 3661 1291 sic
3686 1239 3786 1294 do-

2213 1323 2425 1375 cuerit?
2452 1324 2784 1391 QuaprOpter
2812 1324 2888 1378 sic
2919 1333 3000 1378 est
3026 1324 3326 1392 accipienda
3359 1326 3445 1379 illa
3487 1329 3745 1382 sententia
3769 1369 3785 1392 ,

2218 1413 2314 1476 Qui
2343 1422 2510 1465 autent
2534 1415 2703 1484 fecerit
2739 1423 2788 1467 et
2827 1414 3050 1466 docuerit
3077 1415 3149 1468 sic
3167 1456 3181 1479 ,
3214 1432 3423 1483 magnus
3456 1418 3710 1470 vocabitur
3737 1420 3790 1472 in

2215 1516 2369 1568 regno
2392 1500 2628 1554 calorum
2653 1517 2671 1554 :
2696 1502 2745 1555 id
2775 1511 2892 1566 est,
2940 1517 3047 1556 non
3073 1504 3361 1558 secundum
3401 1505 3487 1558 illa
3525 1505 3742 1559 minima
3767 1547 3786 1570 ,

2213 1589 2310 1642 sed
2336 1591 2623 1644 secundum
2666 1607 2726 1645 ea
2761 1608 2880 1661 qum
2919 1608 3016 1662 ego
3053 1593 3292 1649 dicturus
3326 1610 3464 1650 sum.
3506 1596 3635 1663 Quae
3662 1606 3791 1650 sunt

2213 1689 2386 1731 autem
2415 1680 2555 1733 ista?
2587 1679 2655 1736 Ut
2681 1681 2913 1735 abundet
2934 1683 3159 1750 justitia,
3205 1684 3394 1754 inquit,
3425 1697 3597 1740 vestra
3623 1699 3790 1755 super

2215 1767 2518 1823 Scribarum
2555 1780 2610 1825 et
2649 1772 3034 1828 Pltariszcorttm
3062 1793 3075 1836 ;
3103 1776 3223 1844 quia
3262 1776 3366 1829 nisi
3409 1777 3790 1842 abnmlaverit,

2216 1876 2320 1914 non
2350 1862 2610 1917 intrabitis
2638 1862 2690 1916 in
2722 1879 2940 1933 regnum
2980 1865 3256 1920 oculorum.
3287 1868 3423 1937 Ergo
3450 1869 3538 1938 qui
3566 1870 3794 1924 solverit

2216 1951 2303 2005 illa
2335 1953 2572 2016 minima,
2606 1964 2658 2007 et
2681 1954 2759 2008 sic
2791 1956 3047 2019 docuerit,
3077 1958 3326 2012 miniatus
3354 1962 3626 2014 vocabitur
3654 1979 3668 2014 :
3700 1963 3794 2030 qui

2215 2050 2388 2094 autem
2416 2041 2596 2095 fecerit
2633 2043 2719 2098 illa
2762 2045 3011 2110 minima,
3052 2056 3105 2100 et
3129 2048 3204 2100 sic
3229 2048 3506 2115 docuerit,
3540 2067 3645 2104 non
3679 2052 3792 2116 jam

2215 2146 2434 2200 magnus
2461 2131 2734 2186 habendus
2760 2144 2843 2189 est
2870 2145 2925 2188 et
2949 2135 3166 2190 idoneus
3191 2153 3353 2206 regno
3375 2141 3669 2202 enatorum;
3696 2140 3795 2194 sed

2217 2230 2390 2276 tamen
2421 2238 2526 2275 non
2557 2234 2660 2276 tam
2692 2225 2941 2278 minimus
2967 2241 3122 2293 quam
3152 2227 3236 2280 ille
3261 2229 3350 2296 qui
3376 2229 3533 2282 solvit
3563 2246 3577 2281 :
3611 2239 3668 2282 ut
3690 2246 3796 2282 au-

2215 2319 2319 2362 tem
2349 2311 2417 2364 sit
2443 2327 2662 2380 magnus
2687 2322 2842 2380 atque
2871 2315 2943 2368 illi
2988 2331 3150 2384 regno
3185 2325 3372 2384 aptus,
3411 2317 3591 2373 facere
3632 2319 3798 2374 debet

2213 2408 2267 2452 et
2291 2399 2503 2458 docere.
2533 2401 2668 2453 sicut
2691 2400 2934 2455 Christus
2961 2419 3098 2457 nunc
3119 2404 3295 2470 docet,
3323 2405 3372 2458 id
3402 2417 3502 2469 est,
3537 2416 3594 2460 ut
3617 2407 3796 2461 abun-

2213 2487 2302 2541 det
2331 2488 2535 2555 justitia
2571 2493 2688 2557 cjus
2733 2506 2892 2559 super
2934 2491 3238 2547 Scribarum
3281 2504 3334 2550 et
3379 2495 3794 2551 Phariszeorum.

2214 2577 2425 2632 Justitia
2465 2579 2850 2634 Pbarismormn
2887 2592 2967 2636 est
2991 2624 3005 2644 ,
3051 2593 3104 2637 ut
3138 2599 3241 2638 non
3280 2586 3560 2651 occidant;
3589 2588 3798 2654 justitia

2215 2683 2398 2740 eorum
2428 2671 2517 2737 qui
2549 2670 2790 2724 intraturi
2819 2680 2941 2724 sunt
2976 2673 3028 2725 in
3059 2689 3276 2742 regnum
3305 2675 3417 2738 Dei,
3449 2686 3504 2729 ιιι
3547 2693 3652 2729 ιιοη
3685 2678 3797 2730 ἰηι-

2214 2769 2428 2828 ερθιῃιιιο
2452 2761 2567 2814 sine
2596 2776 2753 2814 causa
2785 2781 2798 2815 :
2830 2763 3103 2817 minimum
3128 2777 3210 2820 est
3229 2781 3356 2832 ergo
3378 2783 3481 2820 non
3507 2768 3791 2833 cecidere;

2219 2860 2273 2904 et
2299 2853 2386 2919 qui
2421 2853 2546 2905 illud
2575 2854 2808 2916 solverit,
2834 2855 3079 2907 minimus
3103 2857 3378 2910 vocabitur
3405 2858 3455 2911 in
3486 2873 3651 2928 regno
3679 2874 3796 2913 ete-

2213 2939 2384 2994 lornm
2417 2961 2428 2995 :
2460 2943 2550 3011 qui
2589 2954 2763 2996 autem
2793 2943 2919 2998 illud
2961 2945 3254 3012 impleverit
3292 2956 3348 3001 ut
3391 2949 3501 3001 ttou'
3535 2948 3789 3016 occidat,

2215 3048 2318 3090 non
2345 3035 2594 3086 continuo
2615 3050 2834 3104 magnus
2862 3037 2963 3090 erit
2990 3045 3043 3089 et
3069 3036 3292 3091 idoneus
3318 3053 3480 3108 regno
3507 3039 3788 3107 cmlorum,

2213 3123 2306 3178 sed
2335 3132 2507 3178 tamen
2537 3126 2774 3178 ascendit
2807 3127 3036 3194 aliquem
3064 3127 3318 3195 gradum;
3353 3132 3654 3196 perﬁcietur
3687 3147 3791 3185 au-

2215 3223 2342 3278 tem,
2370 3214 2413 3267 si
2444 3229 2542 3268 nec
2573 3215 2829 3268 irascatur
2863 3216 2977 3269 sine
2999 3231 3155 3270 causa
3185 3235 3200 3272 :
3226 3218 3366 3286 quod
3392 3219 3438 3272 si
3469 3221 3742 3288 perfecerit
3767 3262 3787 3284 ,

2215 3305 2382 3358 multo
2407 3305 2662 3358 remotior
2685 3306 2781 3358 erit
2812 3306 2879 3360 ab
2905 3307 3208 3360 homicidio.
3231 3309 3562 3378 Quapropter
3581 3311 3670 3380 qui
3693 3311 3792 3365 do-

2213 3403 2299 3449 cet
2327 3403 2383 3448 ut
2408 3409 2510 3447 non
2543 3395 2868 3460 irascanmr,
2915 3412 3017 3449 non
3061 3397 3219 3450 solvit
3244 3398 3437 3467 Legem
3483 3417 3547 3454 ue
3575 3402 3790 3456 occida-

2216 3500 2351 3549 mus,
2378 3483 2470 3537 sed
2498 3484 2676 3552 implet
2702 3485 2872 3552 potius
2893 3526 2907 3549 ,
2949 3495 3006 3539 ιιι
3033 3496 3087 3540 et
3129 3487 3254 3540 foris
3277 3488 3400 3541 dum
3445 3506 3548 3543 non
3588 3492 3790 3546 occidi-

2215 3589 2372 3640 mus,
2417 3583 2472 3628 et
2509 3574 2559 3627 in
2597 3576 2758 3630 corde
2800 3575 2924 3629 dum
2970 3593 3076 3630 non
3096 3577 3392 3644 irascimur,
3433 3580 3788 3636 innocentiam

2215 3663 2595 3718 custodiamus.

2284 3755 2373 3808 22.
2403 3754 2627 3807 Audistis
2651 3769 2779 3824 ergo
2798 3795 2813 3816 ,
2846 3755 3051 3825 inquit,
3077 3759 3195 3826 quia
3223 3758 3412 3812 dictant
3434 3770 3506 3813 est
3533 3762 3787 3829 antiquis,

2218 3844 2338 3899 Non
2365 3846 2558 3899 occides
2581 3861 2598 3898 :
2619 3846 2704 3913 qui
2722 3857 2884 3899 autent
2904 3849 3156 3913 occiderit,
3175 3852 3372 3919 judicio
3401 3869 3516 3907 reue
3540 3855 3651 3907 erit.
3677 3853 3788 3924 Ego

2215 3945 2378 3988 autent
2411 3935 2522 3988 dico
2550 3935 2685 3988 vobis
2708 3974 2722 3998 ,
2763 3937 2880 4002 quia
2921 3939 3082 3992 omnis
3119 3940 3204 4002 qui
3236 3941 3469 3994 irascitur
3507 3946 3655 4014 fratri
3697 3961 3791 3997 suo

2215 4026 2322 4076 sine
2341 4040 2493 4076 causa
2517 4064 2531 4086 ,
2570 4041 2682 4078 reus
2709 4026 2799 4077 erit
2829 4026 3029 4094 judicio
3055 4043 3074 4081 :
3102 4029 3186 4093 qui
3209 4040 3376 4083 autem
3418 4031 3598 4085 dixerit
3640 4035 3790 4103 fratri

2215 4129 2326 4173 suo,
2353 4112 2546 4176 [lac/ta,
2565 4129 2676 4165 reus
2699 4114 2789 4166 erit
2809 4117 3018 4168 concilio
3042 4133 3061 4170 :
3081 4118 3165 4184 qui
3183 4128 3347 4172 autent
3371 4121 3570 4184 dixerit,
3599 4122 3787 4190 Fatue,

2217 4219 2330 4255 reus
2358 4203 2449 4254 erit
2477 4203 2714 4273 gehennw
2736 4205 2886 4274 ignis.
2910 4205 3042 4272 Quid
3068 4207 3286 4262 interest
3307 4209 3442 4262 inter
3471 4227 3617 4264 reum
3644 4213 3788 4279 judi-

2217 4293 2320 4357 cio,
2349 4303 2402 4346 et
2428 4309 2572 4346 reum
2602 4296 2826 4348 concilio
2845 4336 2860 4360 ,
2895 4306 2948 4349 et
2988 4313 3134 4351 reum
3161 4300 3421 4368 gehenuze
3448 4301 3622 4369 ignis?
3656 4302 3786 4355 Nam

2219 4384 2320 4436 hoc
2349 4393 2673 4452 postremum
2695 4386 3060 4453 gravissimum
3089 4398 3260 4452 sonat,
3285 4399 3338 4444 et
3360 4390 3610 4445 admonet
3631 4408 3789 4461 quos-

2217 4471 2338 4525 dam
2369 4472 2564 4541 gradus
2595 4473 2758 4527 factos
2783 4489 2810 4526 a
2841 4474 3122 4529 levioribus
3147 4477 3210 4530 ad.
3237 4479 3497 4547 graviora,
3525 4479 3694 4534 donec
3721 4481 3785 4534 ad

2216 4564 2516 4633 gehennam
2545 4566 2678 4633 ignis
2705 4567 2989 4619 veniretur.
3023 4566 3087 4620 Et
3113 4567 3233 4621 idco
3263 4569 3305 4622 si
3339 4566 3504 4624 levius
3531 4583 3614 4624 est
3639 4587 3784 4625 reum

2218 4668 2336 4708 esse
2355 4655 2554 4722 judicio
2591 4670 2745 4724 quam
2768 4671 2914 4709 reum
2931 4670 3049 4709 esse
3075 4658 3334 4720 concilio;
3365 4659 3494 4712 item
3516 4659 3682 4714 levius
3707 4671 3787 4714 est

2219 4759 2365 4796 reum
2395 4759 2512 4796 esse
2541 4743 2788 4806 concilio,
2825 4759 2981 4812 quam
3008 4760 3127 4799 esse
3156 4762 3310 4798 remn-
3331 4747 3584 4814 gehenum
3616 4749 3785 4817 ignis;

2219 4841 2429 4901 Oportet
2446 4832 2612 4886 levius
2642 4847 2761 4887 esse
2779 4833 3098 4902 intelligatur
3119 4833 3271 4888 irasci
3294 4837 3407 4889 sine
3432 4853 3586 4889 eausa
3608 4837 3781 4901 fratri,

2218 4938 2374 4991 quam
2405 4920 2579 4975 dicere
2608 4923 2782 4976 Racha
2805 4964 2820 4988 ,
2847 4933 2900 4977 et
2926 4912 3109 4977 rursus
3135 4924 3302 4979 levius
3327 4942 3444 4981 esse
3471 4927 3647 4982 dicere
3678 4929 3758 4982 Ra

2219 5013 2314 5064 cita
2337 5051 2352 5077 ,
2379 5026 2533 5079 quam
2555 5010 2732 5066 dicere
2752 5010 2932 5066 Fatue.
2963 5012 3081 5067 Non
3106 5015 3245 5067 enim
3278 5025 3452 5069 reatus
3480 5033 3591 5086 ipse
3623 5016 3758 5074 habe

2220 5110 2301 5154 ret
2328 5099 2541 5169 gradus,
2571 5101 2668 5154 nisi
2698 5101 2953 5172 gradatim
2981 5108 3139 5157 etiam
3166 5115 3377 5174 peccata
3401 5121 3788 5163 commemora-

2221 5200 2422 5243 rentur.

2291 5280 2379 5333 25.
2427 5278 2599 5334 Unum
2644 5291 2818 5336 autem
2859 5281 2944 5336 hic
2975 5283 3194 5338 verbum
3232 5284 3520 5342 obscurum
3555 5305 3786 5358 posuum

2221 5380 2322 5437 est,
2354 5371 2475 5440 quia
2503 5387 2599 5426 nec
2625 5387 2852 5441 grazcum
2886 5388 2982 5426 nec
3007 5374 3219 5427 latinum
3246 5383 3326 5428 est
3351 5375 3525 5430 [iac/ta
3551 5394 3569 5431 :
3597 5390 3789 5434 cmtera

2221 5476 2349 5515 vero
2378 5462 2429 5514 in
2460 5475 2708 5516 sermone
2735 5473 2916 5517 nostro
2944 5465 3129 5518 usitata
3160 5475 3299 5519 sunt.
3341 5466 3589 5522 Nonnulli
3614 5482 3790 5525 autem

2223 5549 2291 5606 de
2332 5565 2504 5620 grmco
2531 5550 2740 5604 trahere
2784 5553 3068 5606 voluerunt
3112 5554 3594 5623 interpretationem
3637 5559 3790 5627 hujus

2224 5640 2390 5704 vocis,
2417 5649 2657 5709 putantes
2684 5655 2972 5710 pannosum
3001 5643 3098 5697 dici
3123 5644 3316 5711 Racha,
3341 5648 3588 5716 quoniam
3616 5664 3788 5718 graece

2226 5743 2430 5800 pannus
2457 5736 2592 5800 ῥάκος
2622 5731 2810 5784 dicitur
2843 5750 2853 5783 :
2887 5748 2915 5784 a
2945 5733 3135 5801 (piibus
3176 5744 3347 5789 tamen
3374 5752 3494 5791 cum
3535 5739 3789 5808 quatt‘ittu
