  <div class='ocr_page' id='page_1' title='image "/cluster/home/n/w/nwhite01/storage/ocr_20150623/34/hvd.32044015706310/626.png"; bbox 0 0 4076 6458; ppageno 0'>
   <div class='ocr_carea' id='block_1_1' title="bbox 293 361 431 424">
    <p class='ocr_par' dir='ltr' id='par_1_1' title="bbox 293 361 431 424">
     <span class='ocr_line' id='line_1_1' title="bbox 293 361 431 424; baseline -0.007 0"><span class='ocrx_word' id='word_1_1' title='bbox 293 361 431 424; x_wconf 68' lang='grc' dir='ltr'>ινξιι</span> 
     </span>
    </p>
   </div>
   <div class='ocr_carea' id='block_1_2' title="bbox 289 465 1862 560">
    <p class='ocr_par' dir='ltr' id='par_1_2' title="bbox 289 465 1862 560">
     <span class='ocr_line' id='line_1_2' title="bbox 289 465 1862 560; baseline -0.022 -12"><span class='ocrx_word' id='word_1_2' title='bbox 289 491 416 560; x_wconf 89' lang='lat' dir='ltr'><strong>quid</strong></span> <span class='ocrx_word' id='word_1_3' title='bbox 441 488 648 544; x_wconf 99' lang='lat' dir='ltr'><strong>dicatur</strong></span> <span class='ocrx_word' id='word_1_4' title='bbox 672 493 839 554; x_wconf 75' lang='lat' dir='ltr'><strong>grtccc</strong></span> <span class='ocrx_word' id='word_1_5' title='bbox 864 488 1150 550; x_wconf 75' lang='lat' dir='ltr'><strong>pannosus,</strong></span> <span class='ocrx_word' id='word_1_6' title='bbox 1170 487 1271 527; x_wconf 89' lang='lat' dir='ltr'><strong>non</strong></span> <span class='ocrx_word' id='word_1_7' title='bbox 1303 466 1624 539; x_wconf 79' lang='lat' dir='ltr'><strong>respondent</strong></span> <span class='ocrx_word' id='word_1_8' title='bbox 1652 465 1862 522; x_wconf 69' lang='lat' dir='ltr'><strong>Raetia.-</strong></span> 
     </span>
    </p>
   </div>
   <div class='ocr_carea' id='block_1_3' title="bbox 290 557 1865 648">
    <p class='ocr_par' dir='ltr' id='par_1_3' title="bbox 290 557 1865 648">
     <span class='ocr_line' id='line_1_3' title="bbox 290 557 1865 648; baseline -0.021 -11"><span class='ocrx_word' id='word_1_9' title='bbox 290 557 486 637; x_wconf 88' lang='lat' dir='ltr'><strong>deinde</strong></span> <span class='ocrx_word' id='word_1_10' title='bbox 507 585 682 648; x_wconf 90' lang='lat' dir='ltr'><strong>posset</strong></span> <span class='ocrx_word' id='word_1_11' title='bbox 710 572 901 626; x_wconf 87' lang='lat' dir='ltr'><strong>latinus</strong></span> <span class='ocrx_word' id='word_1_12' title='bbox 923 570 1186 636; x_wconf 75' lang='lat' dir='ltr'><strong>interpres</strong></span> <span class='ocrx_word' id='word_1_13' title='bbox 1206 564 1291 618; x_wconf 91' lang='lat' dir='ltr'><strong>ubi</strong></span> <span class='ocrx_word' id='word_1_14' title='bbox 1313 561 1485 632; x_wconf 79' lang='lat' dir='ltr'><strong>posuit</strong></span> <span class='ocrx_word' id='word_1_15' title='bbox 1514 557 1707 619; x_wconf 79' lang='lat' dir='ltr'><strong>Bac/ta,</strong></span> <span class='ocrx_word' id='word_1_16' title='bbox 1731 569 1865 623; x_wconf 83' lang='lat' dir='ltr'><strong>pan-</strong></span> 
     </span>
    </p>
   </div>
   <div class='ocr_carea' id='block_1_4' title="bbox 290 647 1865 736">
    <p class='ocr_par' dir='ltr' id='par_1_4' title="bbox 290 647 1865 736">
     <span class='ocr_line' id='line_1_4' title="bbox 290 647 1865 736; baseline -0.018 -10"><span class='ocrx_word' id='word_1_17' title='bbox 290 687 487 727; x_wconf 91' lang='lat' dir='ltr'><strong>nosum</strong></span> <span class='ocrx_word' id='word_1_18' title='bbox 513 647 736 736; x_wconf 85' lang='lat' dir='ltr'><strong>ponere,</strong></span> <span class='ocrx_word' id='word_1_19' title='bbox 767 677 864 716; x_wconf 91' lang='lat' dir='ltr'><strong>nec</strong></span> <span class='ocrx_word' id='word_1_20' title='bbox 890 661 964 714; x_wconf 92' lang='lat' dir='ltr'><strong>uti</strong></span> <span class='ocrx_word' id='word_1_21' title='bbox 991 659 1151 713; x_wconf 89' lang='lat' dir='ltr'><strong>verbo</strong></span> <span class='ocrx_word' id='word_1_22' title='bbox 1174 655 1312 726; x_wconf 91' lang='lat' dir='ltr'><strong>quod</strong></span> <span class='ocrx_word' id='word_1_23' title='bbox 1343 663 1391 707; x_wconf 93' lang='lat' dir='ltr'><strong>et</strong></span> <span class='ocrx_word' id='word_1_24' title='bbox 1422 653 1473 705; x_wconf 92' lang='lat' dir='ltr'><strong>in</strong></span> <span class='ocrx_word' id='word_1_25' title='bbox 1500 650 1658 703; x_wconf 90' lang='lat' dir='ltr'><strong>latina</strong></span> <span class='ocrx_word' id='word_1_26' title='bbox 1690 647 1865 715; x_wconf 85' lang='lat' dir='ltr'><strong>lingua</strong></span> 
     </span>
    </p>
   </div>
   <div class='ocr_carea' id='block_1_5' title="bbox 290 741 1867 824">
    <p class='ocr_par' dir='ltr' id='par_1_5' title="bbox 290 741 1867 824">
     <span class='ocr_line' id='line_1_5' title="bbox 290 741 1867 824; baseline -0.016 -7"><span class='ocrx_word' id='word_1_27' title='bbox 290 763 500 819; x_wconf 84' lang='lat' dir='ltr'><strong>nullum</strong></span> <span class='ocrx_word' id='word_1_28' title='bbox 530 759 638 824; x_wconf 91' lang='lat' dir='ltr'><strong>sit,</strong></span> <span class='ocrx_word' id='word_1_29' title='bbox 681 765 734 811; x_wconf 91' lang='lat' dir='ltr'><strong>et</strong></span> <span class='ocrx_word' id='word_1_30' title='bbox 771 751 824 809; x_wconf 90' lang='lat' dir='ltr'><strong>in</strong></span> <span class='ocrx_word' id='word_1_31' title='bbox 852 767 1020 824; x_wconf 57' lang='lat' dir='ltr'><strong>gratca</strong></span> <span class='ocrx_word' id='word_1_32' title='bbox 1051 751 1374 804; x_wconf 88' lang='lat' dir='ltr'><strong>inusitatum.</strong></span> <span class='ocrx_word' id='word_1_33' title='bbox 1420 741 1746 798; x_wconf 88' lang='lat' dir='ltr'><strong>Probabilius</strong></span> <span class='ocrx_word' id='word_1_34' title='bbox 1784 747 1867 792; x_wconf 90' lang='lat' dir='ltr'><strong>est</strong></span> 
     </span>
    </p>
   </div>
   <div class='ocr_carea' id='block_1_6' title="bbox 290 833 1865 922">
    <p class='ocr_par' dir='ltr' id='par_1_6' title="bbox 290 833 1865 922">
     <span class='ocr_line' id='line_1_6' title="bbox 290 833 1865 922; baseline -0.016 -14"><span class='ocrx_word' id='word_1_35' title='bbox 290 868 422 922; x_wconf 88' lang='lat' dir='ltr'><strong>ergo</strong></span> <span class='ocrx_word' id='word_1_36' title='bbox 451 850 593 922; x_wconf 91' lang='lat' dir='ltr'><strong>quod</strong></span> <span class='ocrx_word' id='word_1_37' title='bbox 621 847 798 903; x_wconf 87' lang='lat' dir='ltr'><strong>audivi</strong></span> <span class='ocrx_word' id='word_1_38' title='bbox 827 860 858 900; x_wconf 89' lang='lat' dir='ltr'><strong>a</strong></span> <span class='ocrx_word' id='word_1_39' title='bbox 884 843 1108 915; x_wconf 89' lang='lat' dir='ltr'><strong>quodam</strong></span> <span class='ocrx_word' id='word_1_40' title='bbox 1140 839 1380 901; x_wconf 60' lang='lat' dir='ltr'><strong>Hebraeo,</strong></span> <span class='ocrx_word' id='word_1_41' title='bbox 1409 851 1530 890; x_wconf 89' lang='lat' dir='ltr'><strong>cum</strong></span> <span class='ocrx_word' id='word_1_42' title='bbox 1560 833 1610 887; x_wconf 90' lang='lat' dir='ltr'><strong>id</strong></span> <span class='ocrx_word' id='word_1_43' title='bbox 1635 833 1865 887; x_wconf 90' lang='lat' dir='ltr'><strong>interro-</strong></span> 
     </span>
    </p>
   </div>
   <div class='ocr_carea' id='block_1_7' title="bbox 291 925 1867 1014">
    <p class='ocr_par' dir='ltr' id='par_1_7' title="bbox 291 925 1867 1014">
     <span class='ocr_line' id='line_1_7' title="bbox 291 925 1867 1014; baseline -0.015 -15"><span class='ocrx_word' id='word_1_44' title='bbox 291 959 504 1014; x_wconf 86' lang='lat' dir='ltr'><strong>gassem</strong></span> <span class='ocrx_word' id='word_1_45' title='bbox 555 960 568 996; x_wconf 91' lang='lat'><strong>:</strong></span> <span class='ocrx_word' id='word_1_46' title='bbox 609 940 739 994; x_wconf 83' lang='lat' dir='ltr'><strong>dixit</strong></span> <span class='ocrx_word' id='word_1_47' title='bbox 777 937 918 992; x_wconf 91' lang='lat' dir='ltr'><strong>enim</strong></span> <span class='ocrx_word' id='word_1_48' title='bbox 963 949 1080 989; x_wconf 84' lang='lat' dir='ltr'><strong>esse</strong></span> <span class='ocrx_word' id='word_1_49' title='bbox 1117 947 1301 987; x_wconf 89' lang='lat' dir='ltr'><strong>vocem</strong></span> <span class='ocrx_word' id='word_1_50' title='bbox 1341 944 1444 983; x_wconf 91' lang='lat' dir='ltr'><strong>non</strong></span> <span class='ocrx_word' id='word_1_51' title='bbox 1488 925 1867 996; x_wconf 91' lang='lat' dir='ltr'><strong>signiﬁcantem</strong></span> 
     </span>
    </p>
   </div>
   <div class='ocr_carea' id='block_1_8' title="bbox 291 1019 1864 1107">
    <p class='ocr_par' dir='ltr' id='par_1_8' title="bbox 291 1019 1864 1107">
     <span class='ocr_line' id='line_1_8' title="bbox 291 1019 1864 1107; baseline -0.016 -15"><span class='ocrx_word' id='word_1_52' title='bbox 291 1036 492 1107; x_wconf 83' lang='lat' dir='ltr'><strong>aliquid</strong></span> <span class='ocrx_word' id='word_1_53' title='bbox 516 1072 533 1100; x_wconf 93' lang='lat'><strong>,</strong></span> <span class='ocrx_word' id='word_1_54' title='bbox 566 1032 659 1088; x_wconf 90' lang='lat' dir='ltr'><strong>sed</strong></span> <span class='ocrx_word' id='word_1_55' title='bbox 689 1027 1007 1099; x_wconf 81' lang='lat' dir='ltr'><strong>indignantis</strong></span> <span class='ocrx_word' id='word_1_56' title='bbox 1040 1024 1198 1079; x_wconf 89' lang='lat' dir='ltr'><strong>animi</strong></span> <span class='ocrx_word' id='word_1_57' title='bbox 1235 1030 1432 1076; x_wconf 91' lang='lat' dir='ltr'><strong>motum</strong></span> <span class='ocrx_word' id='word_1_58' title='bbox 1461 1019 1864 1087; x_wconf 77' lang='lat' dir='ltr'><strong>exprimentem.</strong></span> 
     </span>
    </p>
   </div>
   <div class='ocr_carea' id='block_1_9' title="bbox 293 1110 1870 1194">
    <p class='ocr_par' dir='ltr' id='par_1_9' title="bbox 293 1110 1870 1194">
     <span class='ocr_line' id='line_1_9' title="bbox 293 1110 1870 1194; baseline -0.015 -11"><span class='ocrx_word' id='word_1_59' title='bbox 293 1123 402 1184; x_wconf 86' lang='lat' dir='ltr'><strong>llas</strong></span> <span class='ocrx_word' id='word_1_60' title='bbox 431 1123 827 1194; x_wconf 86' lang='lat' dir='ltr'><strong>interjcctiones</strong></span> <span class='ocrx_word' id='word_1_61' title='bbox 856 1117 1179 1190; x_wconf 77' lang='lat' dir='ltr'><strong>grammatici</strong></span> <span class='ocrx_word' id='word_1_62' title='bbox 1205 1121 1396 1168; x_wconf 92' lang='lat' dir='ltr'><strong>vocant</strong></span> <span class='ocrx_word' id='word_1_63' title='bbox 1440 1110 1722 1182; x_wconf 85' lang='lat' dir='ltr'><strong>particulas</strong></span> <span class='ocrx_word' id='word_1_64' title='bbox 1750 1122 1870 1160; x_wconf 85' lang='lat' dir='ltr'><strong>ora-</strong></span> 
     </span>
    </p>
   </div>
   <div class='ocr_carea' id='block_1_10' title="bbox 292 1200 1872 1284">
    <p class='ocr_par' dir='ltr' id='par_1_10' title="bbox 292 1200 1872 1284">
     <span class='ocr_line' id='line_1_10' title="bbox 292 1200 1872 1284; baseline -0.013 -12"><span class='ocrx_word' id='word_1_65' title='bbox 292 1217 457 1273; x_wconf 77' lang='lat' dir='ltr'><strong>tionis</strong></span> <span class='ocrx_word' id='word_1_66' title='bbox 505 1215 860 1284; x_wconf 83' lang='lat' dir='ltr'><strong>signiﬁcantes</strong></span> <span class='ocrx_word' id='word_1_67' title='bbox 906 1207 1152 1264; x_wconf 87' lang='lat' dir='ltr'><strong>commoti</strong></span> <span class='ocrx_word' id='word_1_68' title='bbox 1204 1203 1364 1258; x_wconf 88' lang='lat' dir='ltr'><strong>animi</strong></span> <span class='ocrx_word' id='word_1_69' title='bbox 1408 1203 1651 1257; x_wconf 85' lang='lat' dir='ltr'><strong>affectum</strong></span> <span class='ocrx_word' id='word_1_70' title='bbox 1682 1217 1695 1254; x_wconf 92' lang='lat'>:</span> <span class='ocrx_word' id='word_1_71' title='bbox 1726 1200 1872 1253; x_wconf 90' lang='lat' dir='ltr'><strong>velut</strong></span> 
     </span>
    </p>
   </div>
   <div class='ocr_carea' id='block_1_11' title="bbox 293 1291 1866 1368">
    <p class='ocr_par' dir='ltr' id='par_1_11' title="bbox 293 1291 1866 1368">
     <span class='ocr_line' id='line_1_11' title="bbox 293 1291 1866 1368; baseline -0.013 -5"><span class='ocrx_word' id='word_1_72' title='bbox 293 1324 418 1363; x_wconf 91' lang='lat' dir='ltr'><strong>cum</strong></span> <span class='ocrx_word' id='word_1_73' title='bbox 445 1306 640 1362; x_wconf 92' lang='lat' dir='ltr'><strong>dicitur</strong></span> <span class='ocrx_word' id='word_1_74' title='bbox 661 1320 691 1358; x_wconf 91' lang='lat' dir='ltr'><strong>a</strong></span> <span class='ocrx_word' id='word_1_75' title='bbox 716 1304 956 1368; x_wconf 88' lang='lat' dir='ltr'><strong>dolente,</strong></span> <span class='ocrx_word' id='word_1_76' title='bbox 986 1300 1134 1365; x_wconf 90' lang='lat' dir='ltr'><strong>lleu;</strong></span> <span class='ocrx_word' id='word_1_77' title='bbox 1163 1299 1245 1353; x_wconf 91' lang='lat' dir='ltr'><strong>vel</strong></span> <span class='ocrx_word' id='word_1_78' title='bbox 1279 1298 1347 1351; x_wconf 89' lang='lat' dir='ltr'><strong>ab</strong></span> <span class='ocrx_word' id='word_1_79' title='bbox 1375 1297 1635 1350; x_wconf 85' lang='lat' dir='ltr'><strong>irascente</strong></span> <span class='ocrx_word' id='word_1_80' title='bbox 1659 1333 1673 1355; x_wconf 87' lang='lat'><strong>,</strong></span> <span class='ocrx_word' id='word_1_81' title='bbox 1713 1291 1866 1346; x_wconf 86' lang='lat' dir='ltr'><strong>llem.</strong></span> 
     </span>
    </p>
   </div>
   <div class='ocr_carea' id='block_1_12' title="bbox 293 1385 1871 1466">
    <p class='ocr_par' dir='ltr' id='par_1_12' title="bbox 293 1385 1871 1466">
     <span class='ocr_line' id='line_1_12' title="bbox 293 1385 1871 1466; baseline -0.011 -12"><span class='ocrx_word' id='word_1_82' title='bbox 293 1399 426 1466; x_wconf 64' lang='lat' dir='ltr'><strong>Quae</strong></span> <span class='ocrx_word' id='word_1_83' title='bbox 452 1413 612 1453; x_wconf 83' lang='lat' dir='ltr'><strong>voces</strong></span> <span class='ocrx_word' id='word_1_84' title='bbox 639 1408 967 1465; x_wconf 88' lang='lat' dir='ltr'><strong>quarumque</strong></span> <span class='ocrx_word' id='word_1_85' title='bbox 997 1391 1289 1461; x_wconf 79' lang='lat' dir='ltr'><strong>linguarum</strong></span> <span class='ocrx_word' id='word_1_86' title='bbox 1317 1394 1442 1443; x_wconf 89' lang='lat' dir='ltr'><strong>sunt</strong></span> <span class='ocrx_word' id='word_1_87' title='bbox 1481 1385 1706 1456; x_wconf 77' lang='lat' dir='ltr'><strong>propria:</strong></span> <span class='ocrx_word' id='word_1_88' title='bbox 1728 1424 1742 1446; x_wconf 91' lang='lat'><strong>,</strong></span> <span class='ocrx_word' id='word_1_89' title='bbox 1774 1398 1871 1436; x_wconf 88' lang='lat' dir='ltr'><strong>nec</strong></span> 
     </span>
    </p>
   </div>
   <div class='ocr_carea' id='block_1_13' title="bbox 294 1480 1870 1556">
    <p class='ocr_par' dir='ltr' id='par_1_13' title="bbox 294 1480 1870 1556">
     <span class='ocr_line' id='line_1_13' title="bbox 294 1480 1870 1556; baseline -0.011 -11"><span class='ocrx_word' id='word_1_90' title='bbox 294 1490 351 1545; x_wconf 88' lang='lat' dir='ltr'><strong>in</strong></span> <span class='ocrx_word' id='word_1_91' title='bbox 393 1489 556 1544; x_wconf 84' lang='lat' dir='ltr'><strong>aliam</strong></span> <span class='ocrx_word' id='word_1_92' title='bbox 605 1487 832 1556; x_wconf 80' lang='lat' dir='ltr'><strong>linguam</strong></span> <span class='ocrx_word' id='word_1_93' title='bbox 873 1483 1023 1537; x_wconf 78' lang='lat' dir='ltr'><strong>facile</strong></span> <span class='ocrx_word' id='word_1_94' title='bbox 1058 1480 1444 1535; x_wconf 90' lang='lat' dir='ltr'><strong>transferuntur</strong></span> <span class='ocrx_word' id='word_1_95' title='bbox 1489 1493 1503 1529; x_wconf 91' lang='lat'><strong>:</strong></span> <span class='ocrx_word' id='word_1_96' title='bbox 1554 1491 1671 1545; x_wconf 64' lang='lat' dir='ltr'><strong>quae</strong></span> <span class='ocrx_word' id='word_1_97' title='bbox 1713 1488 1870 1528; x_wconf 74' lang='lat' dir='ltr'><strong>causa</strong></span> 
     </span>
    </p>
   </div>
   <div class='ocr_carea' id='block_1_14' title="bbox 293 1565 1870 1649">
    <p class='ocr_par' dir='ltr' id='par_1_14' title="bbox 293 1565 1870 1649">
     <span class='ocr_line' id='line_1_14' title="bbox 293 1565 1870 1649; baseline -0.01 -15"><span class='ocrx_word' id='word_1_98' title='bbox 293 1579 483 1649; x_wconf 89' lang='lat' dir='ltr'><strong>utique</strong></span> <span class='ocrx_word' id='word_1_99' title='bbox 510 1578 684 1645; x_wconf 84' lang='lat' dir='ltr'><strong>coegit</strong></span> <span class='ocrx_word' id='word_1_100' title='bbox 710 1585 816 1630; x_wconf 89' lang='lat' dir='ltr'><strong>tam</strong></span> <span class='ocrx_word' id='word_1_101' title='bbox 843 1588 1071 1644; x_wconf 78' lang='lat' dir='ltr'><strong>grzccum</strong></span> <span class='ocrx_word' id='word_1_102' title='bbox 1099 1573 1438 1640; x_wconf 88' lang='lat' dir='ltr'><strong>interpretem</strong></span> <span class='ocrx_word' id='word_1_103' title='bbox 1467 1582 1624 1638; x_wconf 89' lang='lat' dir='ltr'><strong>quam</strong></span> <span class='ocrx_word' id='word_1_104' title='bbox 1653 1565 1870 1619; x_wconf 90' lang='lat' dir='ltr'><strong>latinum</strong></span> 
     </span>
    </p>
   </div>
   <div class='ocr_carea' id='block_1_15' title="bbox 295 1657 1872 1739">
    <p class='ocr_par' dir='ltr' id='par_1_15' title="bbox 295 1657 1872 1739">
     <span class='ocr_line' id='line_1_15' title="bbox 295 1657 1872 1739; baseline -0.008 -17"><span class='ocrx_word' id='word_1_105' title='bbox 295 1686 486 1726; x_wconf 87' lang='lat' dir='ltr'><strong>vocem</strong></span> <span class='ocrx_word' id='word_1_106' title='bbox 514 1669 683 1739; x_wconf 84' lang='lat' dir='ltr'><strong>ipsam</strong></span> <span class='ocrx_word' id='word_1_107' title='bbox 725 1679 942 1736; x_wconf 87' lang='lat' dir='ltr'><strong>ponere,</strong></span> <span class='ocrx_word' id='word_1_108' title='bbox 969 1679 1089 1719; x_wconf 90' lang='lat' dir='ltr'><strong>cum</strong></span> <span class='ocrx_word' id='word_1_109' title='bbox 1118 1660 1382 1732; x_wconf 87' lang='lat' dir='ltr'><strong>quomodo</strong></span> <span class='ocrx_word' id='word_1_110' title='bbox 1408 1673 1526 1714; x_wconf 90' lang='lat' dir='ltr'><strong>eam</strong></span> <span class='ocrx_word' id='word_1_111' title='bbox 1556 1657 1872 1724; x_wconf 83' lang='lat' dir='ltr'><strong>interpreta-</strong></span> 
     </span>
    </p>
   </div>
   <div class='ocr_carea' id='block_1_16' title="bbox 295 1759 890 1819">
    <p class='ocr_par' dir='ltr' id='par_1_16' title="bbox 295 1759 890 1819">
     <span class='ocr_line' id='line_1_16' title="bbox 295 1759 890 1819; baseline -0.012 0"><span class='ocrx_word' id='word_1_112' title='bbox 295 1773 448 1819; x_wconf 83' lang='lat' dir='ltr'><strong>retur</strong></span> <span class='ocrx_word' id='word_1_113' title='bbox 475 1777 581 1816; x_wconf 91' lang='lat' dir='ltr'><strong>non</strong></span> <span class='ocrx_word' id='word_1_114' title='bbox 613 1759 890 1814; x_wconf 81' lang='lat' dir='ltr'><strong>inveniret.</strong></span> 
     </span>
    </p>
   </div>
   <div class='ocr_carea' id='block_1_17' title="bbox 367 1839 1876 1920">
    <p class='ocr_par' dir='ltr' id='par_1_17' title="bbox 367 1839 1876 1920">
     <span class='ocr_line' id='line_1_17' title="bbox 367 1839 1876 1920; baseline -0.011 -13"><span class='ocrx_word' id='word_1_115' title='bbox 367 1854 459 1908; x_wconf 67' lang='lat'><strong>24.</strong></span> <span class='ocrx_word' id='word_1_116' title='bbox 489 1851 695 1908; x_wconf 86' lang='lat' dir='ltr'><strong>Gradus</strong></span> <span class='ocrx_word' id='word_1_117' title='bbox 723 1852 897 1920; x_wconf 87' lang='lat' dir='ltr'><strong>itaque</strong></span> <span class='ocrx_word' id='word_1_118' title='bbox 927 1856 1049 1903; x_wconf 89' lang='lat' dir='ltr'><strong>sunt</strong></span> <span class='ocrx_word' id='word_1_119' title='bbox 1076 1847 1129 1901; x_wconf 92' lang='lat' dir='ltr'><strong>in</strong></span> <span class='ocrx_word' id='word_1_120' title='bbox 1168 1845 1285 1900; x_wconf 91' lang='lat' dir='ltr'><strong>istis</strong></span> <span class='ocrx_word' id='word_1_121' title='bbox 1308 1842 1537 1914; x_wconf 88' lang='lat' dir='ltr'><strong>peccatis</strong></span> <span class='ocrx_word' id='word_1_122' title='bbox 1560 1883 1574 1907; x_wconf 94' lang='lat'><strong>,</strong></span> <span class='ocrx_word' id='word_1_123' title='bbox 1606 1849 1664 1896; x_wconf 91' lang='lat' dir='ltr'><strong>ut</strong></span> <span class='ocrx_word' id='word_1_124' title='bbox 1706 1839 1876 1910; x_wconf 91' lang='lat' dir='ltr'><strong>primo</strong></span> 
     </span>
    </p>
   </div>
   <div class='ocr_carea' id='block_1_18' title="bbox 297 1932 1877 2016">
    <p class='ocr_par' dir='ltr' id='par_1_18' title="bbox 297 1932 1877 2016">
     <span class='ocr_line' id='line_1_18' title="bbox 297 1932 1877 2016; baseline -0.009 -17"><span class='ocrx_word' id='word_1_125' title='bbox 297 1946 526 2016; x_wconf 89' lang='lat' dir='ltr'><strong>quisque</strong></span> <span class='ocrx_word' id='word_1_126' title='bbox 554 1943 832 2007; x_wconf 88' lang='lat' dir='ltr'><strong>irascatur,</strong></span> <span class='ocrx_word' id='word_1_127' title='bbox 862 1950 916 1996; x_wconf 92' lang='lat' dir='ltr'><strong>et</strong></span> <span class='ocrx_word' id='word_1_128' title='bbox 941 1955 1061 1995; x_wconf 90' lang='lat' dir='ltr'><strong>eum</strong></span> <span class='ocrx_word' id='word_1_129' title='bbox 1091 1947 1288 1992; x_wconf 87' lang='lat' dir='ltr'><strong>motum</strong></span> <span class='ocrx_word' id='word_1_130' title='bbox 1318 1937 1541 1991; x_wconf 88' lang='lat' dir='ltr'><strong>retineat</strong></span> <span class='ocrx_word' id='word_1_131' title='bbox 1563 1932 1724 1988; x_wconf 91' lang='lat' dir='ltr'><strong>corde</strong></span> <span class='ocrx_word' id='word_1_132' title='bbox 1748 1947 1877 1986; x_wconf 88' lang='lat' dir='ltr'><strong>con-</strong></span> 
     </span>
    </p>
   </div>
   <div class='ocr_carea' id='block_1_19' title="bbox 299 2021 1876 2106">
    <p class='ocr_par' dir='ltr' id='par_1_19' title="bbox 299 2021 1876 2106">
     <span class='ocr_line' id='line_1_19' title="bbox 299 2021 1876 2106; baseline -0.011 -16"><span class='ocrx_word' id='word_1_133' title='bbox 299 2045 515 2106; x_wconf 90' lang='lat' dir='ltr'><strong>eeptum</strong></span> <span class='ocrx_word' id='word_1_134' title='bbox 552 2053 566 2089; x_wconf 87' lang='lat'><strong>:</strong></span> <span class='ocrx_word' id='word_1_135' title='bbox 600 2034 708 2103; x_wconf 90' lang='lat' dir='ltr'><strong>jam</strong></span> <span class='ocrx_word' id='word_1_136' title='bbox 754 2032 798 2088; x_wconf 88' lang='lat' dir='ltr'><strong>si</strong></span> <span class='ocrx_word' id='word_1_137' title='bbox 846 2030 1129 2086; x_wconf 78' lang='lat' dir='ltr'><strong>extorserit</strong></span> <span class='ocrx_word' id='word_1_138' title='bbox 1168 2043 1346 2082; x_wconf 89' lang='lat' dir='ltr'><strong>vocem</strong></span> <span class='ocrx_word' id='word_1_139' title='bbox 1401 2023 1721 2091; x_wconf 87' lang='lat' dir='ltr'><strong>indignantis</strong></span> <span class='ocrx_word' id='word_1_140' title='bbox 1764 2021 1876 2089; x_wconf 90' lang='lat' dir='ltr'><strong>ipsa</strong></span> 
     </span>
    </p>
   </div>
   <div class='ocr_carea' id='block_1_20' title="bbox 298 2111 1874 2191">
    <p class='ocr_par' dir='ltr' id='par_1_20' title="bbox 298 2111 1874 2191">
     <span class='ocr_line' id='line_1_20' title="bbox 298 2111 1874 2191; baseline -0.01 -13"><span class='ocrx_word' id='word_1_141' title='bbox 298 2123 611 2188; x_wconf 90' lang='lat' dir='ltr'><strong>commotio,</strong></span> <span class='ocrx_word' id='word_1_142' title='bbox 639 2138 744 2176; x_wconf 90' lang='lat' dir='ltr'><strong>non</strong></span> <span class='ocrx_word' id='word_1_143' title='bbox 771 2121 1154 2191; x_wconf 87' lang='lat' dir='ltr'><strong>significantem</strong></span> <span class='ocrx_word' id='word_1_144' title='bbox 1177 2116 1392 2186; x_wconf 91' lang='lat' dir='ltr'><strong>aliquid,</strong></span> <span class='ocrx_word' id='word_1_145' title='bbox 1418 2115 1510 2169; x_wconf 90' lang='lat' dir='ltr'><strong>sed</strong></span> <span class='ocrx_word' id='word_1_146' title='bbox 1542 2114 1687 2166; x_wconf 89' lang='lat' dir='ltr'><strong>illum</strong></span> <span class='ocrx_word' id='word_1_147' title='bbox 1715 2111 1874 2165; x_wconf 89' lang='lat' dir='ltr'><strong>animi</strong></span> 
     </span>
    </p>
   </div>
   <div class='ocr_carea' id='block_1_21' title="bbox 298 2202 1874 2283">
    <p class='ocr_par' dir='ltr' id='par_1_21' title="bbox 298 2202 1874 2283">
     <span class='ocr_line' id='line_1_21' title="bbox 298 2202 1874 2283; baseline -0.009 -13"><span class='ocrx_word' id='word_1_148' title='bbox 298 2224 508 2270; x_wconf 90' lang='lat' dir='ltr'><strong>motum</strong></span> <span class='ocrx_word' id='word_1_149' title='bbox 540 2213 652 2283; x_wconf 89' lang='lat' dir='ltr'><strong>ipsa</strong></span> <span class='ocrx_word' id='word_1_150' title='bbox 678 2213 954 2282; x_wconf 88' lang='lat' dir='ltr'><strong>eruptione</strong></span> <span class='ocrx_word' id='word_1_151' title='bbox 981 2218 1283 2273; x_wconf 88' lang='lat' dir='ltr'><strong>testantem,</strong></span> <span class='ocrx_word' id='word_1_152' title='bbox 1306 2222 1409 2276; x_wconf 90' lang='lat' dir='ltr'><strong>qua</strong></span> <span class='ocrx_word' id='word_1_153' title='bbox 1436 2205 1652 2260; x_wconf 82' lang='lat' dir='ltr'><strong>feriatur</strong></span> <span class='ocrx_word' id='word_1_154' title='bbox 1679 2203 1765 2256; x_wconf 88' lang='lat' dir='ltr'><strong>ille</strong></span> <span class='ocrx_word' id='word_1_155' title='bbox 1791 2202 1874 2256; x_wconf 91' lang='lat' dir='ltr'><strong>cui</strong></span> 
     </span>
    </p>
   </div>
   <div class='ocr_carea' id='block_1_22' title="bbox 299 2293 1878 2374">
    <p class='ocr_par' dir='ltr' id='par_1_22' title="bbox 299 2293 1878 2374">
     <span class='ocr_line' id='line_1_22' title="bbox 299 2293 1878 2374; baseline -0.007 -15"><span class='ocrx_word' id='word_1_156' title='bbox 299 2305 586 2369; x_wconf 85' lang='lat' dir='ltr'><strong>irascitur;</strong></span> <span class='ocrx_word' id='word_1_157' title='bbox 620 2304 736 2374; x_wconf 87' lang='lat' dir='ltr'><strong>plus</strong></span> <span class='ocrx_word' id='word_1_158' title='bbox 761 2311 842 2357; x_wconf 91' lang='lat' dir='ltr'><strong>est</strong></span> <span class='ocrx_word' id='word_1_159' title='bbox 866 2301 1044 2370; x_wconf 86' lang='lat' dir='ltr'><strong>utique</strong></span> <span class='ocrx_word' id='word_1_160' title='bbox 1067 2315 1223 2369; x_wconf 88' lang='lat' dir='ltr'><strong>quam</strong></span> <span class='ocrx_word' id='word_1_161' title='bbox 1251 2298 1295 2352; x_wconf 91' lang='lat' dir='ltr'><strong>si</strong></span> <span class='ocrx_word' id='word_1_162' title='bbox 1319 2311 1538 2365; x_wconf 87' lang='lat' dir='ltr'><strong>surgens</strong></span> <span class='ocrx_word' id='word_1_163' title='bbox 1564 2295 1637 2348; x_wconf 91' lang='lat' dir='ltr'><strong>ira</strong></span> <span class='ocrx_word' id='word_1_164' title='bbox 1665 2293 1878 2348; x_wconf 82' lang='lat' dir='ltr'><strong>silentio</strong></span> 
     </span>
    </p>
   </div>
   <div class='ocr_carea' id='block_1_23' title="bbox 301 2385 1879 2465">
    <p class='ocr_par' dir='ltr' id='par_1_23' title="bbox 301 2385 1879 2465">
     <span class='ocr_line' id='line_1_23' title="bbox 301 2385 1879 2465; baseline -0.008 -19"><span class='ocrx_word' id='word_1_165' title='bbox 301 2402 642 2465; x_wconf 83' lang='lat' dir='ltr'><strong>premeretur</strong></span> <span class='ocrx_word' id='word_1_166' title='bbox 670 2411 683 2446; x_wconf 92' lang='lat'>:</span> <span class='ocrx_word' id='word_1_167' title='bbox 719 2393 763 2446; x_wconf 91' lang='lat' dir='ltr'><strong>si</strong></span> <span class='ocrx_word' id='word_1_168' title='bbox 793 2407 918 2446; x_wconf 93' lang='lat' dir='ltr'><strong>vero</strong></span> <span class='ocrx_word' id='word_1_169' title='bbox 949 2405 1052 2444; x_wconf 90' lang='lat' dir='ltr'><strong>non</strong></span> <span class='ocrx_word' id='word_1_170' title='bbox 1082 2389 1251 2443; x_wconf 88' lang='lat' dir='ltr'><strong>solum</strong></span> <span class='ocrx_word' id='word_1_171' title='bbox 1295 2402 1395 2441; x_wconf 74' lang='lat' dir='ltr'><strong>vox</strong></span> <span class='ocrx_word' id='word_1_172' title='bbox 1434 2385 1754 2453; x_wconf 85' lang='lat' dir='ltr'><strong>indignantis</strong></span> <span class='ocrx_word' id='word_1_173' title='bbox 1777 2398 1879 2435; x_wconf 91' lang='lat' dir='ltr'><strong>au-</strong></span> 
     </span>
    </p>
   </div>
   <div class='ocr_carea' id='block_1_24' title="bbox 301 2473 1880 2554">
    <p class='ocr_par' dir='ltr' id='par_1_24' title="bbox 301 2473 1880 2554">
     <span class='ocr_line' id='line_1_24' title="bbox 301 2473 1880 2554; baseline -0.011 -12"><span class='ocrx_word' id='word_1_174' title='bbox 301 2488 482 2542; x_wconf 89' lang='lat' dir='ltr'><strong>diatur</strong></span> <span class='ocrx_word' id='word_1_175' title='bbox 500 2528 516 2554; x_wconf 92' lang='lat'><strong>,</strong></span> <span class='ocrx_word' id='word_1_176' title='bbox 545 2485 639 2541; x_wconf 90' lang='lat' dir='ltr'><strong>sed</strong></span> <span class='ocrx_word' id='word_1_177' title='bbox 665 2485 822 2538; x_wconf 91' lang='lat' dir='ltr'><strong>etiam</strong></span> <span class='ocrx_word' id='word_1_178' title='bbox 849 2482 1066 2537; x_wconf 87' lang='lat' dir='ltr'><strong>verbum</strong></span> <span class='ocrx_word' id='word_1_179' title='bbox 1103 2495 1207 2550; x_wconf 91' lang='lat' dir='ltr'><strong>quo</strong></span> <span class='ocrx_word' id='word_1_180' title='bbox 1229 2479 1335 2548; x_wconf 91' lang='lat' dir='ltr'><strong>jam</strong></span> <span class='ocrx_word' id='word_1_181' title='bbox 1365 2478 1560 2531; x_wconf 85' lang='lat' dir='ltr'><strong>certam</strong></span> <span class='ocrx_word' id='word_1_182' title='bbox 1603 2474 1718 2543; x_wconf 84' lang='lat' dir='ltr'><strong>ejus</strong></span> <span class='ocrx_word' id='word_1_183' title='bbox 1746 2473 1880 2525; x_wconf 87' lang='lat' dir='ltr'><strong>vitu-</strong></span> 
     </span>
    </p>
   </div>
   <div class='ocr_carea' id='block_1_25' title="bbox 303 2563 1881 2647">
    <p class='ocr_par' dir='ltr' id='par_1_25' title="bbox 303 2563 1881 2647">
     <span class='ocr_line' id='line_1_25' title="bbox 303 2563 1881 2647; baseline -0.012 -12"><span class='ocrx_word' id='word_1_184' title='bbox 303 2578 636 2647; x_wconf 88' lang='lat' dir='ltr'><strong>perationem</strong></span> <span class='ocrx_word' id='word_1_185' title='bbox 668 2575 720 2629; x_wconf 92' lang='lat' dir='ltr'><strong>in</strong></span> <span class='ocrx_word' id='word_1_186' title='bbox 747 2587 901 2643; x_wconf 90' lang='lat' dir='ltr'><strong>quem</strong></span> <span class='ocrx_word' id='word_1_187' title='bbox 926 2571 1209 2642; x_wconf 91' lang='lat' dir='ltr'><strong>profertur,</strong></span> <span class='ocrx_word' id='word_1_188' title='bbox 1240 2567 1479 2636; x_wconf 84' lang='lat' dir='ltr'><strong>designet</strong></span> <span class='ocrx_word' id='word_1_189' title='bbox 1501 2573 1553 2619; x_wconf 91' lang='lat' dir='ltr'><strong>et</strong></span> <span class='ocrx_word' id='word_1_190' title='bbox 1575 2571 1740 2622; x_wconf 85' lang='lat' dir='ltr'><strong>notet,</strong></span> <span class='ocrx_word' id='word_1_191' title='bbox 1764 2563 1881 2631; x_wconf 85' lang='lat' dir='ltr'><strong>quis</strong></span> 
     </span>
    </p>
   </div>
   <div class='ocr_carea' id='block_1_26' title="bbox 301 2655 1881 2735">
    <p class='ocr_par' dir='ltr' id='par_1_26' title="bbox 301 2655 1881 2735">
     <span class='ocr_line' id='line_1_26' title="bbox 301 2655 1881 2735; baseline -0.009 -11"><span class='ocrx_word' id='word_1_192' title='bbox 301 2669 512 2724; x_wconf 88' lang='lat' dir='ltr'><strong>dubitet</strong></span> <span class='ocrx_word' id='word_1_193' title='bbox 537 2667 761 2735; x_wconf 85' lang='lat' dir='ltr'><strong>amplius</strong></span> <span class='ocrx_word' id='word_1_194' title='bbox 797 2664 896 2718; x_wconf 90' lang='lat' dir='ltr'><strong>hoc</strong></span> <span class='ocrx_word' id='word_1_195' title='bbox 920 2677 1057 2722; x_wconf 90' lang='lat' dir='ltr'><strong>esse.</strong></span> <span class='ocrx_word' id='word_1_196' title='bbox 1086 2676 1241 2730; x_wconf 90' lang='lat' dir='ltr'><strong>quam</strong></span> <span class='ocrx_word' id='word_1_197' title='bbox 1272 2660 1315 2713; x_wconf 85' lang='lat' dir='ltr'><strong>si</strong></span> <span class='ocrx_word' id='word_1_198' title='bbox 1341 2659 1484 2712; x_wconf 91' lang='lat' dir='ltr'><strong>solus</strong></span> <span class='ocrx_word' id='word_1_199' title='bbox 1509 2655 1881 2724; x_wconf 83' lang='lat' dir='ltr'><strong>indignationis</strong></span> 
     </span>
    </p>
   </div>
   <div class='ocr_carea' id='block_1_27' title="bbox 302 2744 1879 2822">
    <p class='ocr_par' dir='ltr' id='par_1_27' title="bbox 302 2744 1879 2822">
     <span class='ocr_line' id='line_1_27' title="bbox 302 2744 1879 2822; baseline -0.011 -8"><span class='ocrx_word' id='word_1_200' title='bbox 302 2775 472 2814; x_wconf 88' lang='lat' dir='ltr'><strong>sonus</strong></span> <span class='ocrx_word' id='word_1_201' title='bbox 509 2755 796 2813; x_wconf 87' lang='lat' dir='ltr'><strong>ederetur?</strong></span> <span class='ocrx_word' id='word_1_202' title='bbox 824 2755 1002 2822; x_wconf 86' lang='lat' dir='ltr'><strong>Itaque</strong></span> <span class='ocrx_word' id='word_1_203' title='bbox 1033 2752 1084 2806; x_wconf 92' lang='lat' dir='ltr'><strong>in</strong></span> <span class='ocrx_word' id='word_1_204' title='bbox 1109 2751 1296 2820; x_wconf 87' lang='lat' dir='ltr'><strong>.pt-imo</strong></span> <span class='ocrx_word' id='word_1_205' title='bbox 1322 2765 1485 2802; x_wconf 89' lang='lat' dir='ltr'><strong>unum</strong></span> <span class='ocrx_word' id='word_1_206' title='bbox 1525 2756 1608 2801; x_wconf 90' lang='lat' dir='ltr'><strong>est</strong></span> <span class='ocrx_word' id='word_1_207' title='bbox 1628 2788 1640 2810; x_wconf 93' lang='lat'><strong>,</strong></span> <span class='ocrx_word' id='word_1_208' title='bbox 1675 2744 1727 2798; x_wconf 90' lang='lat' dir='ltr'><strong>id</strong></span> <span class='ocrx_word' id='word_1_209' title='bbox 1759 2755 1840 2799; x_wconf 83' lang='lat' dir='ltr'><strong>est</strong></span> <span class='ocrx_word' id='word_1_210' title='bbox 1864 2786 1879 2808; x_wconf 93' lang='lat'><strong>,</strong></span> 
     </span>
    </p>
   </div>
   <div class='ocr_carea' id='block_1_28' title="bbox 303 2835 1886 2914">
    <p class='ocr_par' dir='ltr' id='par_1_28' title="bbox 303 2835 1886 2914">
     <span class='ocr_line' id='line_1_28' title="bbox 303 2835 1886 2914; baseline -0.011 -8"><span class='ocrx_word' id='word_1_211' title='bbox 303 2851 384 2906; x_wconf 90' lang='lat' dir='ltr'><strong>ira</strong></span> <span class='ocrx_word' id='word_1_212' title='bbox 410 2851 558 2914; x_wconf 88' lang='lat' dir='ltr'><strong>sola;</strong></span> <span class='ocrx_word' id='word_1_213' title='bbox 587 2849 640 2903; x_wconf 92' lang='lat' dir='ltr'><strong>in</strong></span> <span class='ocrx_word' id='word_1_214' title='bbox 666 2845 896 2901; x_wconf 90' lang='lat' dir='ltr'><strong>secundo</strong></span> <span class='ocrx_word' id='word_1_215' title='bbox 923 2844 1050 2910; x_wconf 89' lang='lat' dir='ltr'><strong>duo,</strong></span> <span class='ocrx_word' id='word_1_216' title='bbox 1080 2852 1134 2896; x_wconf 90' lang='lat' dir='ltr'><strong>et</strong></span> <span class='ocrx_word' id='word_1_217' title='bbox 1162 2843 1258 2907; x_wconf 86' lang='lat' dir='ltr'><strong>ira,</strong></span> <span class='ocrx_word' id='word_1_218' title='bbox 1282 2849 1334 2893; x_wconf 89' lang='lat' dir='ltr'><strong>et</strong></span> <span class='ocrx_word' id='word_1_219' title='bbox 1364 2855 1460 2894; x_wconf 82' lang='lat' dir='ltr'><strong>vox</strong></span> <span class='ocrx_word' id='word_1_220' title='bbox 1497 2853 1615 2906; x_wconf 72' lang='lat' dir='ltr'><strong>qua:</strong></span> <span class='ocrx_word' id='word_1_221' title='bbox 1645 2837 1774 2889; x_wconf 90' lang='lat' dir='ltr'><strong>iram</strong></span> <span class='ocrx_word' id='word_1_222' title='bbox 1812 2835 1886 2888; x_wconf 87' lang='lat' dir='ltr'><strong>si-</strong></span> 
     </span>
    </p>
   </div>
   <div class='ocr_carea' id='block_1_29' title="bbox 303 2927 1885 3012">
    <p class='ocr_par' dir='ltr' id='par_1_29' title="bbox 303 2927 1885 3012">
     <span class='ocr_line' id='line_1_29' title="bbox 303 2927 1885 3012; baseline -0.01 -17"><span class='ocrx_word' id='word_1_223' title='bbox 303 2941 560 3012; x_wconf 86' lang='lat' dir='ltr'><strong>gniﬁcat;</strong></span> <span class='ocrx_word' id='word_1_224' title='bbox 599 2939 650 2992; x_wconf 92' lang='lat' dir='ltr'><strong>in</strong></span> <span class='ocrx_word' id='word_1_225' title='bbox 678 2942 832 2992; x_wconf 90' lang='lat' dir='ltr'><strong>tertio</strong></span> <span class='ocrx_word' id='word_1_226' title='bbox 860 2937 979 3004; x_wconf 87' lang='lat' dir='ltr'><strong>tria,</strong></span> <span class='ocrx_word' id='word_1_227' title='bbox 1006 2944 1060 2990; x_wconf 91' lang='lat' dir='ltr'><strong>et</strong></span> <span class='ocrx_word' id='word_1_228' title='bbox 1093 2933 1191 3002; x_wconf 92' lang='lat' dir='ltr'><strong>ira,</strong></span> <span class='ocrx_word' id='word_1_229' title='bbox 1217 2942 1271 2986; x_wconf 90' lang='lat' dir='ltr'><strong>et</strong></span> <span class='ocrx_word' id='word_1_230' title='bbox 1298 2947 1397 2985; x_wconf 79' lang='lat' dir='ltr'><strong>vox</strong></span> <span class='ocrx_word' id='word_1_231' title='bbox 1425 2945 1542 3000; x_wconf 77' lang='lat' dir='ltr'><strong>qua:</strong></span> <span class='ocrx_word' id='word_1_232' title='bbox 1569 2929 1698 2982; x_wconf 91' lang='lat' dir='ltr'><strong>iram</strong></span> <span class='ocrx_word' id='word_1_233' title='bbox 1724 2927 1885 2997; x_wconf 89' lang='lat' dir='ltr'><strong>signi-</strong></span> 
     </span>
    </p>
   </div>
   <div class='ocr_carea' id='block_1_30' title="bbox 307 3023 1882 3098">
    <p class='ocr_par' dir='ltr' id='par_1_30' title="bbox 307 3023 1882 3098">
     <span class='ocr_line' id='line_1_30' title="bbox 307 3023 1882 3098; baseline -0.009 -12"><span class='ocrx_word' id='word_1_234' title='bbox 307 3034 473 3086; x_wconf 86' lang='lat' dir='ltr'><strong>ﬁcat:</strong></span> <span class='ocrx_word' id='word_1_235' title='bbox 514 3039 570 3087; x_wconf 92' lang='lat' dir='ltr'><strong>et</strong></span> <span class='ocrx_word' id='word_1_236' title='bbox 603 3031 654 3084; x_wconf 92' lang='lat' dir='ltr'><strong>in</strong></span> <span class='ocrx_word' id='word_1_237' title='bbox 689 3045 820 3084; x_wconf 89' lang='lat' dir='ltr'><strong>voce</strong></span> <span class='ocrx_word' id='word_1_238' title='bbox 856 3029 1168 3098; x_wconf 73' lang='lat' dir='ltr'><strong>ipsa,certa:</strong></span> <span class='ocrx_word' id='word_1_239' title='bbox 1217 3023 1616 3093; x_wconf 87' lang='lat' dir='ltr'><strong>vituperationis</strong></span> <span class='ocrx_word' id='word_1_240' title='bbox 1662 3035 1882 3088; x_wconf 82' lang='lat' dir='ltr'><strong>expres-</strong></span> 
     </span>
    </p>
   </div>
   <div class='ocr_carea' id='block_1_31' title="bbox 307 3111 1881 3183">
    <p class='ocr_par' dir='ltr' id='par_1_31' title="bbox 307 3111 1881 3183">
     <span class='ocr_line' id='line_1_31' title="bbox 307 3111 1881 3183; baseline -0.01 -4"><span class='ocrx_word' id='word_1_241' title='bbox 307 3125 409 3179; x_wconf 88' lang='lat' dir='ltr'><strong>sio.</strong></span> <span class='ocrx_word' id='word_1_242' title='bbox 443 3123 577 3177; x_wconf 80' lang='lat' dir='ltr'><strong>Vide</strong></span> <span class='ocrx_word' id='word_1_243' title='bbox 606 3137 744 3176; x_wconf 92' lang='lat' dir='ltr'><strong>nunc</strong></span> <span class='ocrx_word' id='word_1_244' title='bbox 782 3120 940 3175; x_wconf 90' lang='lat' dir='ltr'><strong>etiam</strong></span> <span class='ocrx_word' id='word_1_245' title='bbox 987 3129 1092 3173; x_wconf 91' lang='lat' dir='ltr'><strong>tres</strong></span> <span class='ocrx_word' id='word_1_246' title='bbox 1135 3126 1310 3170; x_wconf 90' lang='lat' dir='ltr'><strong>reatus</strong></span> <span class='ocrx_word' id='word_1_247' title='bbox 1334 3156 1348 3178; x_wconf 91' lang='lat'><strong>,</strong></span> <span class='ocrx_word' id='word_1_248' title='bbox 1376 3114 1557 3183; x_wconf 85' lang='lat' dir='ltr'><strong>judicii</strong></span> <span class='ocrx_word' id='word_1_249' title='bbox 1584 3155 1597 3175; x_wconf 91' lang='lat'><strong>,</strong></span> <span class='ocrx_word' id='word_1_250' title='bbox 1635 3111 1841 3165; x_wconf 91' lang='lat' dir='ltr'><strong>concilii</strong></span> <span class='ocrx_word' id='word_1_251' title='bbox 1866 3151 1881 3174; x_wconf 91' lang='lat'><strong>,</strong></span> 
     </span>
    </p>
   </div>
   <div class='ocr_carea' id='block_1_32' title="bbox 308 3200 1885 3287">
    <p class='ocr_par' dir='ltr' id='par_1_32' title="bbox 308 3200 1885 3287">
     <span class='ocr_line' id='line_1_32' title="bbox 308 3200 1885 3287; baseline -0.011 -18"><span class='ocrx_word' id='word_1_252' title='bbox 308 3214 570 3287; x_wconf 70' lang='lat' dir='ltr'><strong>gehennte</strong></span> <span class='ocrx_word' id='word_1_253' title='bbox 610 3212 760 3282; x_wconf 84' lang='lat' dir='ltr'><strong>ignis.</strong></span> <span class='ocrx_word' id='word_1_254' title='bbox 793 3210 923 3264; x_wconf 85' lang='lat' dir='ltr'><strong>Nam</strong></span> <span class='ocrx_word' id='word_1_255' title='bbox 953 3209 1004 3263; x_wconf 92' lang='lat' dir='ltr'><strong>in</strong></span> <span class='ocrx_word' id='word_1_256' title='bbox 1028 3207 1227 3277; x_wconf 73' lang='lat' dir='ltr'><strong>judicno</strong></span> <span class='ocrx_word' id='word_1_257' title='bbox 1253 3205 1427 3259; x_wconf 91' lang='lat' dir='ltr'><strong>adhuc</strong></span> <span class='ocrx_word' id='word_1_258' title='bbox 1455 3203 1747 3257; x_wconf 84' lang='lat' dir='ltr'><strong>defensioni</strong></span> <span class='ocrx_word' id='word_1_259' title='bbox 1788 3200 1885 3253; x_wconf 88' lang='lat' dir='ltr'><strong>da-</strong></span> 
     </span>
    </p>
   </div>
   <div class='ocr_carea' id='block_1_33' title="bbox 309 3292 1883 3366">
    <p class='ocr_par' dir='ltr' id='par_1_33' title="bbox 309 3292 1883 3366">
     <span class='ocr_line' id='line_1_33' title="bbox 309 3292 1883 3366; baseline -0.01 -6"><span class='ocrx_word' id='word_1_260' title='bbox 309 3315 398 3360; x_wconf 84' lang='lat' dir='ltr'><strong>tur</strong></span> <span class='ocrx_word' id='word_1_261' title='bbox 426 3305 576 3358; x_wconf 88' lang='lat' dir='ltr'><strong>locus</strong></span> <span class='ocrx_word' id='word_1_262' title='bbox 605 3320 620 3358; x_wconf 90' lang='lat'><strong>:</strong></span> <span class='ocrx_word' id='word_1_263' title='bbox 647 3302 698 3356; x_wconf 87' lang='lat' dir='ltr'><strong>in</strong></span> <span class='ocrx_word' id='word_1_264' title='bbox 738 3300 963 3356; x_wconf 90' lang='lat' dir='ltr'><strong>concilio</strong></span> <span class='ocrx_word' id='word_1_265' title='bbox 988 3308 1163 3353; x_wconf 88' lang='lat' dir='ltr'><strong>autem</strong></span> <span class='ocrx_word' id='word_1_266' title='bbox 1203 3311 1501 3366; x_wconf 86' lang='lat' dir='ltr'><strong>quanquam</strong></span> <span class='ocrx_word' id='word_1_267' title='bbox 1541 3301 1596 3348; x_wconf 88' lang='lat' dir='ltr'><strong>et</strong></span> <span class='ocrx_word' id='word_1_268' title='bbox 1628 3292 1883 3360; x_wconf 89' lang='lat' dir='ltr'><strong>judicium</strong></span> 
     </span>
    </p>
   </div>
   <div class='ocr_carea' id='block_1_34' title="bbox 309 3382 1886 3460">
    <p class='ocr_par' dir='ltr' id='par_1_34' title="bbox 309 3382 1886 3460">
     <span class='ocr_line' id='line_1_34' title="bbox 309 3382 1886 3460; baseline -0.011 -8"><span class='ocrx_word' id='word_1_269' title='bbox 309 3412 434 3452; x_wconf 89' lang='lat' dir='ltr'><strong>esse</strong></span> <span class='ocrx_word' id='word_1_270' title='bbox 464 3396 650 3454; x_wconf 77' lang='lat' dir='ltr'><strong>soleat.</strong></span> <span class='ocrx_word' id='word_1_271' title='bbox 681 3403 854 3448; x_wconf 92' lang='lat' dir='ltr'><strong>tamen</strong></span> <span class='ocrx_word' id='word_1_272' title='bbox 880 3392 1000 3460; x_wconf 88' lang='lat' dir='ltr'><strong>quia</strong></span> <span class='ocrx_word' id='word_1_273' title='bbox 1027 3391 1284 3444; x_wconf 88' lang='lat' dir='ltr'><strong>interesse</strong></span> <span class='ocrx_word' id='word_1_274' title='bbox 1311 3385 1505 3454; x_wconf 92' lang='lat' dir='ltr'><strong>aliquid</strong></span> <span class='ocrx_word' id='word_1_275' title='bbox 1533 3384 1634 3438; x_wconf 93' lang='lat' dir='ltr'><strong>hoc</strong></span> <span class='ocrx_word' id='word_1_276' title='bbox 1661 3383 1779 3437; x_wconf 90' lang='lat' dir='ltr'><strong>loco</strong></span> <span class='ocrx_word' id='word_1_277' title='bbox 1809 3382 1886 3435; x_wconf 86' lang='lat' dir='ltr'><strong>fa-</strong></span> 
     </span>
    </p>
   </div>
   <div class='ocr_carea' id='block_1_35' title="bbox 313 3473 1887 3554">
    <p class='ocr_par' dir='ltr' id='par_1_35' title="bbox 313 3473 1887 3554">
     <span class='ocr_line' id='line_1_35' title="bbox 313 3473 1887 3554; baseline -0.01 -13"><span class='ocrx_word' id='word_1_278' title='bbox 313 3488 417 3542; x_wconf 86' lang='lat' dir='ltr'><strong>teri</strong></span> <span class='ocrx_word' id='word_1_279' title='bbox 442 3486 584 3554; x_wconf 88' lang='lat' dir='ltr'><strong>cogit</strong></span> <span class='ocrx_word' id='word_1_280' title='bbox 623 3485 732 3554; x_wconf 86' lang='lat' dir='ltr'><strong>ipsa</strong></span> <span class='ocrx_word' id='word_1_281' title='bbox 759 3481 1028 3537; x_wconf 92' lang='lat' dir='ltr'><strong>distinctio</strong></span> <span class='ocrx_word' id='word_1_282' title='bbox 1050 3521 1066 3547; x_wconf 93' lang='lat'><strong>,</strong></span> <span class='ocrx_word' id='word_1_283' title='bbox 1095 3477 1300 3532; x_wconf 90' lang='lat' dir='ltr'><strong>videtur</strong></span> <span class='ocrx_word' id='word_1_284' title='bbox 1325 3476 1388 3530; x_wconf 91' lang='lat' dir='ltr'><strong>ad</strong></span> <span class='ocrx_word' id='word_1_285' title='bbox 1416 3475 1692 3530; x_wconf 89' lang='lat' dir='ltr'><strong>concilium</strong></span> <span class='ocrx_word' id='word_1_286' title='bbox 1722 3473 1887 3542; x_wconf 87' lang='lat' dir='ltr'><strong>perti-</strong></span> 
     </span>
    </p>
   </div>
   <div class='ocr_carea' id='block_1_36' title="bbox 314 3565 1889 3644">
    <p class='ocr_par' dir='ltr' id='par_1_36' title="bbox 314 3565 1889 3644">
     <span class='ocr_line' id='line_1_36' title="bbox 314 3565 1889 3644; baseline -0.01 -10"><span class='ocrx_word' id='word_1_287' title='bbox 314 3593 447 3634; x_wconf 89' lang='lat' dir='ltr'><strong>nere</strong></span> <span class='ocrx_word' id='word_1_288' title='bbox 473 3575 751 3630; x_wconf 79' lang='lat' dir='ltr'><strong>sententizc</strong></span> <span class='ocrx_word' id='word_1_289' title='bbox 781 3572 1038 3644; x_wconf 90' lang='lat' dir='ltr'><strong>prolatio;</strong></span> <span class='ocrx_word' id='word_1_290' title='bbox 1070 3569 1279 3640; x_wconf 89' lang='lat' dir='ltr'><strong>quando</strong></span> <span class='ocrx_word' id='word_1_291' title='bbox 1326 3584 1430 3622; x_wconf 92' lang='lat' dir='ltr'><strong>non</strong></span> <span class='ocrx_word' id='word_1_292' title='bbox 1475 3567 1582 3636; x_wconf 90' lang='lat' dir='ltr'><strong>jam</strong></span> <span class='ocrx_word' id='word_1_293' title='bbox 1614 3581 1735 3619; x_wconf 82' lang='lat' dir='ltr'><strong>cuin</strong></span> <span class='ocrx_word' id='word_1_294' title='bbox 1774 3565 1889 3632; x_wconf 90' lang='lat' dir='ltr'><strong>ipso</strong></span> 
     </span>
    </p>
   </div>
   <div class='ocr_carea' id='block_1_37' title="bbox 314 3656 1890 3738">
    <p class='ocr_par' dir='ltr' id='par_1_37' title="bbox 314 3656 1890 3738">
     <span class='ocr_line' id='line_1_37' title="bbox 314 3656 1890 3738; baseline -0.01 -13"><span class='ocrx_word' id='word_1_295' title='bbox 314 3686 412 3725; x_wconf 86' lang='lat' dir='ltr'><strong>reo</strong></span> <span class='ocrx_word' id='word_1_296' title='bbox 446 3669 656 3738; x_wconf 83' lang='lat' dir='ltr'><strong>agitur,</strong></span> <span class='ocrx_word' id='word_1_297' title='bbox 699 3675 873 3720; x_wconf 91' lang='lat' dir='ltr'><strong>utrum</strong></span> <span class='ocrx_word' id='word_1_298' title='bbox 915 3661 1243 3719; x_wconf 88' lang='lat' dir='ltr'><strong>damnandus</strong></span> <span class='ocrx_word' id='word_1_299' title='bbox 1272 3661 1381 3726; x_wconf 90' lang='lat' dir='ltr'><strong>sit,</strong></span> <span class='ocrx_word' id='word_1_300' title='bbox 1427 3659 1519 3714; x_wconf 90' lang='lat' dir='ltr'><strong>sed</strong></span> <span class='ocrx_word' id='word_1_301' title='bbox 1559 3659 1695 3711; x_wconf 90' lang='lat' dir='ltr'><strong>inter</strong></span> <span class='ocrx_word' id='word_1_302' title='bbox 1721 3671 1778 3710; x_wconf 90' lang='lat' dir='ltr'><strong>se</strong></span> <span class='ocrx_word' id='word_1_303' title='bbox 1801 3656 1890 3724; x_wconf 92' lang='lat' dir='ltr'><strong>qni</strong></span> 
     </span>
    </p>
   </div>
   <div class='ocr_carea' id='block_1_38' title="bbox 313 3747 1894 3830">
    <p class='ocr_par' dir='ltr' id='par_1_38' title="bbox 313 3747 1894 3830">
     <span class='ocr_line' id='line_1_38' title="bbox 313 3747 1894 3830; baseline -0.009 -15"><span class='ocrx_word' id='word_1_304' title='bbox 313 3761 555 3830; x_wconf 88' lang='lat' dir='ltr'><strong>judicant</strong></span> <span class='ocrx_word' id='word_1_305' title='bbox 600 3757 877 3812; x_wconf 89' lang='lat' dir='ltr'><strong>conferunt</strong></span> <span class='ocrx_word' id='word_1_306' title='bbox 921 3770 1027 3824; x_wconf 91' lang='lat' dir='ltr'><strong>quo</strong></span> <span class='ocrx_word' id='word_1_307' title='bbox 1071 3752 1330 3821; x_wconf 90' lang='lat' dir='ltr'><strong>supplicio</strong></span> <span class='ocrx_word' id='word_1_308' title='bbox 1375 3747 1614 3804; x_wconf 89' lang='lat' dir='ltr'><strong>danmari</strong></span> <span class='ocrx_word' id='word_1_309' title='bbox 1651 3754 1894 3816; x_wconf 83' lang='lat' dir='ltr'><strong>oporteat</strong></span> 
     </span>
    </p>
   </div>
   <div class='ocr_carea' id='block_1_39' title="bbox 317 3837 1888 3920">
    <p class='ocr_par' dir='ltr' id='par_1_39' title="bbox 317 3837 1888 3920">
     <span class='ocr_line' id='line_1_39' title="bbox 317 3837 1888 3920; baseline -0.011 -15"><span class='ocrx_word' id='word_1_310' title='bbox 317 3865 479 3920; x_wconf 90' lang='lat' dir='ltr'><strong>quem</strong></span> <span class='ocrx_word' id='word_1_311' title='bbox 504 3857 712 3903; x_wconf 89' lang='lat' dir='ltr'><strong>constat</strong></span> <span class='ocrx_word' id='word_1_312' title='bbox 734 3861 851 3901; x_wconf 88' lang='lat' dir='ltr'><strong>esse</strong></span> <span class='ocrx_word' id='word_1_313' title='bbox 875 3843 1229 3899; x_wconf 89' lang='lat' dir='ltr'><strong>damnandum</strong></span> <span class='ocrx_word' id='word_1_314' title='bbox 1259 3857 1271 3891; x_wconf 87' lang='lat'><strong>:</strong></span> <span class='ocrx_word' id='word_1_315' title='bbox 1302 3839 1541 3910; x_wconf 89' lang='lat' dir='ltr'><strong>gehenna</strong></span> <span class='ocrx_word' id='word_1_316' title='bbox 1572 3853 1700 3892; x_wconf 86' lang='lat' dir='ltr'><strong>vero</strong></span> <span class='ocrx_word' id='word_1_317' title='bbox 1735 3837 1888 3906; x_wconf 82' lang='lat' dir='ltr'><strong>ignis,</strong></span> 
     </span>
    </p>
   </div>
   <div class='ocr_carea' id='block_1_40' title="bbox 319 3931 1893 4001">
    <p class='ocr_par' dir='ltr' id='par_1_40' title="bbox 319 3931 1893 4001">
     <span class='ocr_line' id='line_1_40' title="bbox 319 3931 1893 4001; baseline -0.01 -4"><span class='ocrx_word' id='word_1_318' title='bbox 319 3957 421 3996; x_wconf 88' lang='lat' dir='ltr'><strong>nec</strong></span> <span class='ocrx_word' id='word_1_319' title='bbox 445 3939 838 3995; x_wconf 84' lang='lat' dir='ltr'><strong>damnationem</strong></span> <span class='ocrx_word' id='word_1_320' title='bbox 869 3936 1023 3990; x_wconf 84' lang='lat' dir='ltr'><strong>habet</strong></span> <span class='ocrx_word' id='word_1_321' title='bbox 1049 3935 1283 3996; x_wconf 89' lang='lat' dir='ltr'><strong>dubiam,</strong></span> <span class='ocrx_word' id='word_1_322' title='bbox 1311 3933 1441 3986; x_wconf 88' lang='lat' dir='ltr'><strong>sicut</strong></span> <span class='ocrx_word' id='word_1_323' title='bbox 1467 3931 1752 4001; x_wconf 85' lang='lat' dir='ltr'><strong>judicium;</strong></span> <span class='ocrx_word' id='word_1_324' title='bbox 1795 3944 1893 3982; x_wconf 91' lang='lat' dir='ltr'><strong>nec</strong></span> 
     </span>
    </p>
   </div>
   <div class='ocr_carea' id='block_1_41' title="bbox 319 4019 1894 4097">
    <p class='ocr_par' dir='ltr' id='par_1_41' title="bbox 319 4019 1894 4097">
     <span class='ocr_line' id='line_1_41' title="bbox 319 4019 1894 4097; baseline -0.008 -13"><span class='ocrx_word' id='word_1_325' title='bbox 319 4030 558 4084; x_wconf 88' lang='lat' dir='ltr'><strong>damnati</strong></span> <span class='ocrx_word' id='word_1_326' title='bbox 594 4043 824 4097; x_wconf 74' lang='lat' dir='ltr'><strong>pmnam,</strong></span> <span class='ocrx_word' id='word_1_327' title='bbox 856 4026 993 4080; x_wconf 91' lang='lat' dir='ltr'><strong>sicut</strong></span> <span class='ocrx_word' id='word_1_328' title='bbox 1015 4024 1326 4088; x_wconf 89' lang='lat' dir='ltr'><strong>concilium;</strong></span> <span class='ocrx_word' id='word_1_329' title='bbox 1359 4023 1410 4076; x_wconf 91' lang='lat' dir='ltr'><strong>in</strong></span> <span class='ocrx_word' id='word_1_330' title='bbox 1437 4023 1674 4091; x_wconf 85' lang='lat' dir='ltr'><strong>gehenna</strong></span> <span class='ocrx_word' id='word_1_331' title='bbox 1701 4019 1894 4087; x_wconf 81' lang='lat' dir='ltr'><strong>quippe</strong></span> 
     </span>
    </p>
   </div>
   <div class='ocr_carea' id='block_1_42' title="bbox 323 4110 1895 4192">
    <p class='ocr_par' dir='ltr' id='par_1_42' title="bbox 323 4110 1895 4192">
     <span class='ocr_line' id='line_1_42' title="bbox 323 4110 1895 4192; baseline -0.009 -17"><span class='ocrx_word' id='word_1_332' title='bbox 323 4122 462 4192; x_wconf 89' lang='lat' dir='ltr'><strong>ignis</strong></span> <span class='ocrx_word' id='word_1_333' title='bbox 489 4130 629 4174; x_wconf 90' lang='lat' dir='ltr'><strong>certa</strong></span> <span class='ocrx_word' id='word_1_334' title='bbox 664 4127 746 4172; x_wconf 88' lang='lat' dir='ltr'><strong>est</strong></span> <span class='ocrx_word' id='word_1_335' title='bbox 768 4129 822 4171; x_wconf 89' lang='lat' dir='ltr'><strong>et</strong></span> <span class='ocrx_word' id='word_1_336' title='bbox 844 4116 1114 4170; x_wconf 88' lang='lat' dir='ltr'><strong>damnatio</strong></span> <span class='ocrx_word' id='word_1_337' title='bbox 1143 4123 1197 4169; x_wconf 92' lang='lat' dir='ltr'><strong>et</strong></span> <span class='ocrx_word' id='word_1_338' title='bbox 1222 4129 1376 4184; x_wconf 73' lang='lat' dir='ltr'><strong>pcena</strong></span> <span class='ocrx_word' id='word_1_339' title='bbox 1405 4112 1656 4168; x_wconf 89' lang='lat' dir='ltr'><strong>damnati.</strong></span> <span class='ocrx_word' id='word_1_340' title='bbox 1699 4110 1895 4163; x_wconf 81' lang='lat' dir='ltr'><strong>Viden-</strong></span> 
     </span>
    </p>
   </div>
   <div class='ocr_carea' id='block_1_43' title="bbox 322 4198 1896 4278">
    <p class='ocr_par' dir='ltr' id='par_1_43' title="bbox 322 4198 1896 4278">
     <span class='ocr_line' id='line_1_43' title="bbox 322 4198 1896 4278; baseline -0.008 -14"><span class='ocrx_word' id='word_1_341' title='bbox 322 4219 413 4264; x_wconf 89' lang='lat' dir='ltr'><strong>tur</strong></span> <span class='ocrx_word' id='word_1_342' title='bbox 439 4225 566 4278; x_wconf 87' lang='lat' dir='ltr'><strong>ergo</strong></span> <span class='ocrx_word' id='word_1_343' title='bbox 587 4207 742 4278; x_wconf 88' lang='lat' dir='ltr'><strong>aliqui</strong></span> <span class='ocrx_word' id='word_1_344' title='bbox 764 4207 957 4275; x_wconf 89' lang='lat' dir='ltr'><strong>gradus</strong></span> <span class='ocrx_word' id='word_1_345' title='bbox 977 4205 1027 4258; x_wconf 93' lang='lat' dir='ltr'><strong>in</strong></span> <span class='ocrx_word' id='word_1_346' title='bbox 1047 4205 1280 4275; x_wconf 84' lang='lat' dir='ltr'><strong>peccatis</strong></span> <span class='ocrx_word' id='word_1_347' title='bbox 1296 4212 1349 4256; x_wconf 94' lang='lat' dir='ltr'><strong>ct</strong></span> <span class='ocrx_word' id='word_1_348' title='bbox 1367 4204 1416 4256; x_wconf 91' lang='lat' dir='ltr'><strong>in</strong></span> <span class='ocrx_word' id='word_1_349' title='bbox 1445 4211 1590 4255; x_wconf 89' lang='lat' dir='ltr'><strong>reatu</strong></span> <span class='ocrx_word' id='word_1_350' title='bbox 1621 4217 1634 4254; x_wconf 90' lang='lat'><strong>:</strong></span> <span class='ocrx_word' id='word_1_351' title='bbox 1659 4199 1750 4254; x_wconf 89' lang='lat' dir='ltr'><strong>sed</strong></span> <span class='ocrx_word' id='word_1_352' title='bbox 1775 4198 1896 4267; x_wconf 86' lang='lat' dir='ltr'><strong>qui-</strong></span> 
     </span>
    </p>
   </div>
   <div class='ocr_carea' id='block_1_44' title="bbox 324 4289 1897 4356">
    <p class='ocr_par' dir='ltr' id='par_1_44' title="bbox 324 4289 1897 4356">
     <span class='ocr_line' id='line_1_44' title="bbox 324 4289 1897 4356; baseline -0.01 0"><span class='ocrx_word' id='word_1_353' title='bbox 324 4303 426 4356; x_wconf 87' lang='lat' dir='ltr'><strong>bus</strong></span> <span class='ocrx_word' id='word_1_354' title='bbox 453 4300 626 4354; x_wconf 88' lang='lat' dir='ltr'><strong>modis</strong></span> <span class='ocrx_word' id='word_1_355' title='bbox 669 4297 997 4352; x_wconf 76' lang='lat' dir='ltr'><strong>invisibiliter</strong></span> <span class='ocrx_word' id='word_1_356' title='bbox 1037 4295 1386 4349; x_wconf 73' lang='lat' dir='ltr'><strong>exhibeantur</strong></span> <span class='ocrx_word' id='word_1_357' title='bbox 1413 4294 1427 4324; x_wconf 83' lang='grc'>¹</span> <span class='ocrx_word' id='word_1_358' title='bbox 1456 4292 1658 4346; x_wconf 90' lang='lat' dir='ltr'><strong>meritis</strong></span> <span class='ocrx_word' id='word_1_359' title='bbox 1695 4289 1897 4342; x_wconf 84' lang='lat' dir='ltr'><strong>anima-</strong></span> 
     </span>
    </p>
   </div>
   <div class='ocr_carea' id='block_1_45' title="bbox 323 4382 1898 4459">
    <p class='ocr_par' dir='ltr' id='par_1_45' title="bbox 323 4382 1898 4459">
     <span class='ocr_line' id='line_1_45' title="bbox 323 4382 1898 4459; baseline -0.011 -14"><span class='ocrx_word' id='word_1_360' title='bbox 323 4407 442 4445; x_wconf 82' lang='lat' dir='ltr'><strong>rum</strong></span> <span class='ocrx_word' id='word_1_361' title='bbox 466 4430 483 4456; x_wconf 93' lang='lat'><strong>,</strong></span> <span class='ocrx_word' id='word_1_362' title='bbox 510 4389 629 4459; x_wconf 90' lang='lat' dir='ltr'><strong>quis</strong></span> <span class='ocrx_word' id='word_1_363' title='bbox 649 4395 822 4457; x_wconf 90' lang='lat' dir='ltr'><strong>potest</strong></span> <span class='ocrx_word' id='word_1_364' title='bbox 844 4385 1058 4440; x_wconf 85' lang='lat' dir='ltr'><strong>dicere?</strong></span> <span class='ocrx_word' id='word_1_365' title='bbox 1080 4382 1409 4436; x_wconf 82' lang='lat' dir='ltr'><strong>Audiendum</strong></span> <span class='ocrx_word' id='word_1_366' title='bbox 1431 4391 1512 4434; x_wconf 91' lang='lat' dir='ltr'><strong>est</strong></span> <span class='ocrx_word' id='word_1_367' title='bbox 1532 4382 1706 4448; x_wconf 80' lang='lat' dir='ltr'><strong>itaque</strong></span> <span class='ocrx_word' id='word_1_368' title='bbox 1727 4393 1898 4444; x_wconf 91' lang='lat' dir='ltr'><strong>quan-</strong></span> 
     </span>
    </p>
   </div>
   <div class='ocr_carea' id='block_1_46' title="bbox 327 4472 1900 4545">
    <p class='ocr_par' dir='ltr' id='par_1_46' title="bbox 327 4472 1900 4545">
     <span class='ocr_line' id='line_1_46' title="bbox 327 4472 1900 4545; baseline -0.01 -11"><span class='ocrx_word' id='word_1_369' title='bbox 327 4491 439 4534; x_wconf 92' lang='lat' dir='ltr'><strong>tum</strong></span> <span class='ocrx_word' id='word_1_370' title='bbox 461 4479 668 4534; x_wconf 88' lang='lat' dir='ltr'><strong>intersit</strong></span> <span class='ocrx_word' id='word_1_371' title='bbox 688 4479 822 4532; x_wconf 91' lang='lat' dir='ltr'><strong>inter</strong></span> <span class='ocrx_word' id='word_1_372' title='bbox 837 4475 1093 4545; x_wconf 87' lang='lat' dir='ltr'><strong>justitiam</strong></span> <span class='ocrx_word' id='word_1_373' title='bbox 1116 4473 1527 4535; x_wconf 63' lang='lat' dir='ltr'><strong>Pharisutorum,</strong></span> <span class='ocrx_word' id='word_1_374' title='bbox 1545 4479 1600 4524; x_wconf 88' lang='lat' dir='ltr'><strong>et</strong></span> <span class='ocrx_word' id='word_1_375' title='bbox 1618 4472 1768 4522; x_wconf 88' lang='lat' dir='ltr'><strong>istam</strong></span> <span class='ocrx_word' id='word_1_376' title='bbox 1788 4484 1900 4521; x_wconf 89' lang='lat' dir='ltr'><strong>ma-</strong></span> 
     </span>
    </p>
   </div>
   <div class='ocr_carea' id='block_1_47' title="bbox 321 4561 1896 4643">
    <p class='ocr_par' dir='ltr' id='par_1_47' title="bbox 321 4561 1896 4643">
     <span class='ocr_line' id='line_1_47' title="bbox 321 4561 1896 4643; baseline -0.008 -18"><span class='ocrx_word' id='word_1_377' title='bbox 321 4571 495 4643; x_wconf 88' lang='lat' dir='ltr'><strong>jorem</strong></span> <span class='ocrx_word' id='word_1_378' title='bbox 525 4589 642 4641; x_wconf 72' lang='lat' dir='ltr'><strong>qua:</strong></span> <span class='ocrx_word' id='word_1_379' title='bbox 677 4572 728 4626; x_wconf 94' lang='lat' dir='ltr'><strong>in</strong></span> <span class='ocrx_word' id='word_1_380' title='bbox 757 4585 974 4639; x_wconf 89' lang='lat' dir='ltr'><strong>regnum</strong></span> <span class='ocrx_word' id='word_1_381' title='bbox 999 4569 1252 4622; x_wconf 69' lang='lat' dir='ltr'><strong>caelorum</strong></span> <span class='ocrx_word' id='word_1_382' title='bbox 1284 4564 1587 4625; x_wconf 91' lang='lat' dir='ltr'><strong>introducit,</strong></span> <span class='ocrx_word' id='word_1_383' title='bbox 1617 4561 1756 4630; x_wconf 90' lang='lat' dir='ltr'><strong>quod</strong></span> <span class='ocrx_word' id='word_1_384' title='bbox 1777 4577 1896 4614; x_wconf 88' lang='lat' dir='ltr'><strong>cum</strong></span> 
     </span>
    </p>
   </div>
   <div class='ocr_carea' id='block_1_48' title="bbox 325 4651 1896 4733">
    <p class='ocr_par' dir='ltr' id='par_1_48' title="bbox 325 4651 1896 4733">
     <span class='ocr_line' id='line_1_48' title="bbox 325 4651 1896 4733; baseline -0.008 -17"><span class='ocrx_word' id='word_1_385' title='bbox 325 4664 394 4718; x_wconf 91' lang='lat' dir='ltr'><strong>sit</strong></span> <span class='ocrx_word' id='word_1_386' title='bbox 431 4664 642 4733; x_wconf 87' lang='lat' dir='ltr'><strong>gravius</strong></span> <span class='ocrx_word' id='word_1_387' title='bbox 677 4661 917 4717; x_wconf 88' lang='lat' dir='ltr'><strong>occidere</strong></span> <span class='ocrx_word' id='word_1_388' title='bbox 940 4674 1096 4727; x_wconf 88' lang='lat' dir='ltr'><strong>quam</strong></span> <span class='ocrx_word' id='word_1_389' title='bbox 1127 4657 1288 4711; x_wconf 90' lang='lat' dir='ltr'><strong>verbo</strong></span> <span class='ocrx_word' id='word_1_390' title='bbox 1317 4656 1550 4721; x_wconf 85' lang='lat' dir='ltr'><strong>irrogare</strong></span> <span class='ocrx_word' id='word_1_391' title='bbox 1577 4651 1896 4716; x_wconf 89' lang='lat' dir='ltr'><strong>convicium,</strong></span> 
     </span>
    </p>
   </div>
   <div class='ocr_carea' id='block_1_49' title="bbox 329 4741 1899 4816">
    <p class='ocr_par' dir='ltr' id='par_1_49' title="bbox 329 4741 1899 4816">
     <span class='ocr_line' id='line_1_49' title="bbox 329 4741 1899 4816; baseline -0.006 -11"><span class='ocrx_word' id='word_1_392' title='bbox 329 4753 400 4806; x_wconf 86' lang='lat' dir='ltr'><strong>ibi</strong></span> <span class='ocrx_word' id='word_1_393' title='bbox 421 4751 617 4804; x_wconf 91' lang='lat' dir='ltr'><strong>occisio</strong></span> <span class='ocrx_word' id='word_1_394' title='bbox 639 4765 789 4804; x_wconf 90' lang='lat' dir='ltr'><strong>reum</strong></span> <span class='ocrx_word' id='word_1_395' title='bbox 813 4748 933 4801; x_wconf 90' lang='lat' dir='ltr'><strong>facit</strong></span> <span class='ocrx_word' id='word_1_396' title='bbox 945 4747 1164 4816; x_wconf 91' lang='lat' dir='ltr'><strong>judicio,</strong></span> <span class='ocrx_word' id='word_1_397' title='bbox 1183 4745 1267 4798; x_wconf 90' lang='lat' dir='ltr'><strong>hic</strong></span> <span class='ocrx_word' id='word_1_398' title='bbox 1295 4755 1470 4798; x_wconf 87' lang='lat' dir='ltr'><strong>autem</strong></span> <span class='ocrx_word' id='word_1_399' title='bbox 1503 4743 1580 4797; x_wconf 87' lang='lat' dir='ltr'><strong>ira</strong></span> <span class='ocrx_word' id='word_1_400' title='bbox 1606 4741 1730 4795; x_wconf 85' lang='lat' dir='ltr'><strong>facit</strong></span> <span class='ocrx_word' id='word_1_401' title='bbox 1751 4757 1899 4796; x_wconf 88' lang='lat' dir='ltr'><strong>reum</strong></span> 
     </span>
    </p>
   </div>
   <div class='ocr_carea' id='block_1_50' title="bbox 325 4831 1898 4910">
    <p class='ocr_par' dir='ltr' id='par_1_50' title="bbox 325 4831 1898 4910">
     <span class='ocr_line' id='line_1_50' title="bbox 325 4831 1898 4910; baseline -0.007 -15"><span class='ocrx_word' id='word_1_402' title='bbox 325 4841 561 4910; x_wconf 90' lang='lat' dir='ltr'><strong>judicio,</strong></span> <span class='ocrx_word' id='word_1_403' title='bbox 593 4838 732 4908; x_wconf 89' lang='lat' dir='ltr'><strong>quod</strong></span> <span class='ocrx_word' id='word_1_404' title='bbox 764 4837 922 4892; x_wconf 91' lang='lat' dir='ltr'><strong>trium</strong></span> <span class='ocrx_word' id='word_1_405' title='bbox 956 4837 1164 4889; x_wconf 85' lang='lat' dir='ltr'><strong>illorum</strong></span> <span class='ocrx_word' id='word_1_406' title='bbox 1208 4842 1542 4904; x_wconf 88' lang='lat' dir='ltr'><strong>peccatorum</strong></span> <span class='ocrx_word' id='word_1_407' title='bbox 1575 4831 1898 4886; x_wconf 84' lang='lat' dir='ltr'><strong>levissimum</strong></span> 
     </span>
    </p>
   </div>
   <div class='ocr_carea' id='block_1_51' title="bbox 329 4923 1904 5001">
    <p class='ocr_par' dir='ltr' id='par_1_51' title="bbox 329 4923 1904 5001">
     <span class='ocr_line' id='line_1_51' title="bbox 329 4923 1904 5001; baseline -0.007 -14"><span class='ocrx_word' id='word_1_408' title='bbox 329 4941 416 4988; x_wconf 86' lang='lat' dir='ltr'><strong>est</strong></span> <span class='ocrx_word' id='word_1_409' title='bbox 439 4950 452 4985; x_wconf 91' lang='lat'>:</span> <span class='ocrx_word' id='word_1_410' title='bbox 475 4932 596 5001; x_wconf 92' lang='lat' dir='ltr'><strong>quia</strong></span> <span class='ocrx_word' id='word_1_411' title='bbox 615 4930 722 4984; x_wconf 92' lang='lat' dir='ltr'><strong>illic</strong></span> <span class='ocrx_word' id='word_1_412' title='bbox 737 4929 1079 4997; x_wconf 63' lang='lat' dir='ltr'><strong>quaestionem</strong></span> <span class='ocrx_word' id='word_1_413' title='bbox 1099 4926 1364 4980; x_wconf 84' lang='lat' dir='ltr'><strong>homicidii</strong></span> <span class='ocrx_word' id='word_1_414' title='bbox 1383 4925 1520 4979; x_wconf 90' lang='lat' dir='ltr'><strong>inter</strong></span> <span class='ocrx_word' id='word_1_415' title='bbox 1530 4924 1771 4978; x_wconf 91' lang='lat' dir='ltr'><strong>homines</strong></span> <span class='ocrx_word' id='word_1_416' title='bbox 1792 4923 1904 4993; x_wconf 86' lang='lat' dir='ltr'><strong>agi-</strong></span> 
     </span>
    </p>
   </div>
   <div class='ocr_carea' id='block_1_52' title="bbox 331 5015 1898 5087">
    <p class='ocr_par' dir='ltr' id='par_1_52' title="bbox 331 5015 1898 5087">
     <span class='ocr_line' id='line_1_52' title="bbox 331 5015 1898 5087; baseline -0.007 -10"><span class='ocrx_word' id='word_1_417' title='bbox 331 5025 540 5087; x_wconf 88' lang='lat' dir='ltr'><strong>tabant;</strong></span> <span class='ocrx_word' id='word_1_418' title='bbox 571 5023 656 5076; x_wconf 92' lang='lat' dir='ltr'><strong>hic</strong></span> <span class='ocrx_word' id='word_1_419' title='bbox 691 5029 868 5074; x_wconf 88' lang='lat' dir='ltr'><strong>autem</strong></span> <span class='ocrx_word' id='word_1_420' title='bbox 898 5019 1071 5073; x_wconf 89' lang='lat' dir='ltr'><strong>omnia</strong></span> <span class='ocrx_word' id='word_1_421' title='bbox 1097 5016 1275 5072; x_wconf 89' lang='lat' dir='ltr'><strong>divino</strong></span> <span class='ocrx_word' id='word_1_422' title='bbox 1308 5015 1507 5085; x_wconf 91' lang='lat' dir='ltr'><strong>judicio</strong></span> <span class='ocrx_word' id='word_1_423' title='bbox 1526 5015 1859 5068; x_wconf 89' lang='lat' dir='ltr'><strong>dimittuntur</strong></span> <span class='ocrx_word' id='word_1_424' title='bbox 1882 5051 1898 5078; x_wconf 92' lang='lat'><strong>,</strong></span> 
     </span>
    </p>
   </div>
   <div class='ocr_carea' id='block_1_53' title="bbox 331 5102 1904 5176">
    <p class='ocr_par' dir='ltr' id='par_1_53' title="bbox 331 5102 1904 5176">
     <span class='ocr_line' id='line_1_53' title="bbox 331 5102 1904 5176; baseline -0.006 -12"><span class='ocrx_word' id='word_1_425' title='bbox 331 5113 420 5166; x_wconf 84' lang='lat' dir='ltr'><strong>tibi</strong></span> <span class='ocrx_word' id='word_1_426' title='bbox 453 5111 570 5165; x_wconf 86' lang='lat' dir='ltr'><strong>linis</strong></span> <span class='ocrx_word' id='word_1_427' title='bbox 594 5111 963 5165; x_wconf 88' lang='lat' dir='ltr'><strong>damnatorum</strong></span> <span class='ocrx_word' id='word_1_428' title='bbox 988 5117 1068 5162; x_wconf 84' lang='lat' dir='ltr'><strong>est</strong></span> <span class='ocrx_word' id='word_1_429' title='bbox 1087 5106 1328 5176; x_wconf 88' lang='lat' dir='ltr'><strong>gehenna</strong></span> <span class='ocrx_word' id='word_1_430' title='bbox 1358 5103 1511 5174; x_wconf 89' lang='lat' dir='ltr'><strong>ignis.</strong></span> <span class='ocrx_word' id='word_1_431' title='bbox 1539 5102 1788 5171; x_wconf 80' lang='lat' dir='ltr'><strong>Quisquis</strong></span> <span class='ocrx_word' id='word_1_432' title='bbox 1808 5117 1904 5155; x_wconf 82' lang='lat' dir='ltr'><strong>au-</strong></span> 
     </span>
    </p>
   </div>
   <div class='ocr_carea' id='block_1_54' title="bbox 333 5193 1899 5270">
    <p class='ocr_par' dir='ltr' id='par_1_54' title="bbox 333 5193 1899 5270">
     <span class='ocr_line' id='line_1_54' title="bbox 333 5193 1899 5270; baseline -0.005 -15"><span class='ocrx_word' id='word_1_433' title='bbox 333 5211 437 5255; x_wconf 87' lang='lat' dir='ltr'><strong>tem</strong></span> <span class='ocrx_word' id='word_1_434' title='bbox 468 5201 658 5255; x_wconf 80' lang='lat' dir='ltr'><strong>dixerit</strong></span> <span class='ocrx_word' id='word_1_435' title='bbox 675 5198 816 5270; x_wconf 91' lang='lat' dir='ltr'><strong>quod</strong></span> <span class='ocrx_word' id='word_1_436' title='bbox 840 5199 1078 5268; x_wconf 86' lang='lat' dir='ltr'><strong>graviore</strong></span> <span class='ocrx_word' id='word_1_437' title='bbox 1102 5195 1360 5266; x_wconf 88' lang='lat' dir='ltr'><strong>supplicio</strong></span> <span class='ocrx_word' id='word_1_438' title='bbox 1387 5195 1438 5247; x_wconf 90' lang='lat' dir='ltr'><strong>in</strong></span> <span class='ocrx_word' id='word_1_439' title='bbox 1476 5195 1676 5262; x_wconf 87' lang='lat' dir='ltr'><strong>majore</strong></span> <span class='ocrx_word' id='word_1_440' title='bbox 1696 5193 1899 5262; x_wconf 89' lang='lat' dir='ltr'><strong>jnstitia</strong></span> 
     </span>
    </p>
   </div>
   <div class='ocr_carea' id='block_1_55' title="bbox 336 5285 1900 5359">
    <p class='ocr_par' dir='ltr' id='par_1_55' title="bbox 336 5285 1900 5359">
     <span class='ocr_line' id='line_1_55' title="bbox 336 5285 1900 5359; baseline -0.002 -17"><span class='ocrx_word' id='word_1_441' title='bbox 336 5292 549 5359; x_wconf 89' lang='lat' dir='ltr'><strong>punitur</strong></span> <span class='ocrx_word' id='word_1_442' title='bbox 579 5289 915 5343; x_wconf 83' lang='lat' dir='ltr'><strong>homicidium</strong></span> <span class='ocrx_word' id='word_1_443' title='bbox 935 5329 950 5352; x_wconf 95' lang='lat'><strong>,</strong></span> <span class='ocrx_word' id='word_1_444' title='bbox 982 5287 1023 5341; x_wconf 91' lang='lat' dir='ltr'><strong>si</strong></span> <span class='ocrx_word' id='word_1_445' title='bbox 1049 5286 1288 5356; x_wconf 84' lang='lat' dir='ltr'><strong>gehenna</strong></span> <span class='ocrx_word' id='word_1_446' title='bbox 1313 5286 1450 5355; x_wconf 86' lang='lat' dir='ltr'><strong>ignis</strong></span> <span class='ocrx_word' id='word_1_447' title='bbox 1477 5287 1688 5353; x_wconf 88' lang='lat' dir='ltr'><strong>punitur</strong></span> <span class='ocrx_word' id='word_1_448' title='bbox 1716 5285 1900 5339; x_wconf 89' lang='lat' dir='ltr'><strong>convi-</strong></span> 
     </span>
    </p>
   </div>
   <div class='ocr_carea' id='block_1_56' title="bbox 335 5374 1796 5449">
    <p class='ocr_par' dir='ltr' id='par_1_56' title="bbox 335 5374 1796 5449">
     <span class='ocr_line' id='line_1_56' title="bbox 335 5374 1796 5449; baseline -0.003 -15"><span class='ocrx_word' id='word_1_449' title='bbox 335 5380 495 5445; x_wconf 85' lang='lat' dir='ltr'><strong>cium,</strong></span> <span class='ocrx_word' id='word_1_450' title='bbox 519 5379 661 5449; x_wconf 86' lang='lat' dir='ltr'><strong>cogit</strong></span> <span class='ocrx_word' id='word_1_451' title='bbox 680 5375 898 5447; x_wconf 90' lang='lat' dir='ltr'><strong>intelligi</strong></span> <span class='ocrx_word' id='word_1_452' title='bbox 922 5391 1040 5431; x_wconf 87' lang='lat' dir='ltr'><strong>esse</strong></span> <span class='ocrx_word' id='word_1_453' title='bbox 1064 5375 1387 5430; x_wconf 73' lang='lat' dir='ltr'><strong>differentias</strong></span> <span class='ocrx_word' id='word_1_454' title='bbox 1411 5374 1796 5444; x_wconf 89' lang='lat' dir='ltr'><strong>gehenuarutn.</strong></span> 
     </span>
    </p>
   </div>
   <div class='ocr_carea' id='block_1_57' title="bbox 405 5463 1901 5524">
    <p class='ocr_par' dir='ltr' id='par_1_57' title="bbox 405 5463 1901 5524">
     <span class='ocr_line' id='line_1_57' title="bbox 405 5463 1901 5524; baseline -0.004 0"><span class='ocrx_word' id='word_1_455' title='bbox 405 5469 494 5524; x_wconf 73' lang='grc'><strong>25.</strong></span> <span class='ocrx_word' id='word_1_456' title='bbox 526 5468 667 5523; x_wconf 86' lang='lat' dir='ltr'><strong>Sane</strong></span> <span class='ocrx_word' id='word_1_457' title='bbox 705 5468 760 5522; x_wconf 92' lang='lat' dir='ltr'><strong>in</strong></span> <span class='ocrx_word' id='word_1_458' title='bbox 803 5466 970 5521; x_wconf 89' lang='lat' dir='ltr'><strong>tribus</strong></span> <span class='ocrx_word' id='word_1_459' title='bbox 1012 5465 1127 5520; x_wconf 88' lang='lat' dir='ltr'><strong>istis</strong></span> <span class='ocrx_word' id='word_1_460' title='bbox 1151 5465 1432 5520; x_wconf 87' lang='lat' dir='ltr'><strong>sententiis</strong></span> <span class='ocrx_word' id='word_1_461' title='bbox 1459 5463 1758 5519; x_wconf 88' lang='lat' dir='ltr'><strong>subauditio</strong></span> <span class='ocrx_word' id='word_1_462' title='bbox 1785 5479 1901 5520; x_wconf 89' lang='lat' dir='ltr'><strong>ver-</strong></span> 
     </span>
    </p>
   </div>
   <div class='ocr_carea' id='block_1_58' title="bbox 338 5555 1904 5625">
    <p class='ocr_par' dir='ltr' id='par_1_58' title="bbox 338 5555 1904 5625">
     <span class='ocr_line' id='line_1_58' title="bbox 338 5555 1904 5625; baseline -0.003 -10"><span class='ocrx_word' id='word_1_463' title='bbox 338 5558 524 5615; x_wconf 84' lang='lat' dir='ltr'><strong>borum</strong></span> <span class='ocrx_word' id='word_1_464' title='bbox 570 5557 817 5614; x_wconf 88' lang='lat' dir='ltr'><strong>intuenda</strong></span> <span class='ocrx_word' id='word_1_465' title='bbox 866 5564 968 5613; x_wconf 91' lang='lat' dir='ltr'><strong>est.</strong></span> <span class='ocrx_word' id='word_1_466' title='bbox 1019 5555 1189 5611; x_wconf 84' lang='lat' dir='ltr'><strong>Habet</strong></span> <span class='ocrx_word' id='word_1_467' title='bbox 1230 5555 1373 5611; x_wconf 88' lang='lat' dir='ltr'><strong>enim</strong></span> <span class='ocrx_word' id='word_1_468' title='bbox 1427 5555 1596 5625; x_wconf 90' lang='lat' dir='ltr'><strong>prima</strong></span> <span class='ocrx_word' id='word_1_469' title='bbox 1641 5556 1904 5611; x_wconf 88' lang='lat' dir='ltr'><strong>sententia</strong></span> 
     </span>
    </p>
   </div>
   <div class='ocr_carea' id='block_1_59' title="bbox 341 5667 1910 5782">
    <p class='ocr_par' dir='ltr' id='par_1_59' title="bbox 341 5667 1910 5782">
     <span class='ocr_line' id='line_1_59' title="bbox 341 5667 1910 5782; baseline 0.003 -66"><span class='ocrx_word' id='word_1_470' title='bbox 341 5738 370 5779; x_wconf 57' lang='lat'>|</span> <span class='ocrx_word' id='word_1_471' title='bbox 388 5670 574 5782; x_wconf 39' lang='lat' dir='ltr'><strong>“istem,</strong></span> <span class='ocrx_word' id='word_1_472' title='bbox 592 5667 903 5722; x_wconf 60' lang='lat' dir='ltr'><strong>adtinentur</strong></span> <span class='ocrx_word' id='word_1_473' title='bbox 923 5679 1092 5733; x_wconf 73' lang='grc' dir='ltr'>ρωιιω.</span> <span class='ocrx_word' id='word_1_474' title='bbox 1116 5667 1278 5728; x_wconf 80' lang='lat' dir='ltr'><strong>Abest,</strong></span> <span class='ocrx_word' id='word_1_475' title='bbox 1296 5679 1466 5732; x_wconf 75' lang='lat' dir='ltr'><strong>pwuw,</strong></span> <span class='ocrx_word' id='word_1_476' title='bbox 1483 5667 1660 5732; x_wconf 29' lang='lat' dir='ltr'><strong>att-aliis</strong></span> <span class='ocrx_word' id='word_1_477' title='bbox 1682 5669 1840 5732; x_wconf 81' lang='lat' dir='ltr'><strong>editis,</strong></span> <span class='ocrx_word' id='word_1_478' title='bbox 1857 5677 1910 5720; x_wconf 90' lang='lat' dir='ltr'><strong>et</strong></span> 
     </span>
    </p>
   </div>
   <div class='ocr_carea' id='block_1_60' title="bbox 1657 335 2164 398">
    <p class='ocr_par' dir='ltr' id='par_1_60' title="bbox 1657 335 2164 398">
     <span class='ocr_line' id='line_1_60' title="bbox 1657 335 2164 398; baseline -0.012 0"><span class='ocrx_word' id='word_1_479' title='bbox 1657 338 1858 398; x_wconf 78' lang='lat' dir='ltr'><strong>LiBER</strong></span> <span class='ocrx_word' id='word_1_480' title='bbox 1897 335 2164 393; x_wconf 77' lang='lat' dir='ltr'><strong>PRIMUS.</strong></span> 
     </span>
    </p>
   </div>
   <div class='ocr_carea' id='block_1_61' title="bbox 1926 451 3540 523">
    <p class='ocr_par' dir='ltr' id='par_1_61' title="bbox 1926 451 3540 523">
     <span class='ocr_line' id='line_1_61' title="bbox 1926 451 3540 523; baseline -0.001 -15"><span class='ocrx_word' id='word_1_481' title='bbox 1926 466 1928 468; x_wconf 75' lang='lat'><strong>&#39;</strong></span> <span class='ocrx_word' id='word_1_482' title='bbox 1971 456 2144 509; x_wconf 84' lang='lat' dir='ltr'><strong>omnia</strong></span> <span class='ocrx_word' id='word_1_483' title='bbox 2168 454 2322 510; x_wconf 90' lang='lat' dir='ltr'><strong>verba</strong></span> <span class='ocrx_word' id='word_1_484' title='bbox 2347 454 2663 523; x_wconf 86' lang='lat' dir='ltr'><strong>necessaria,</strong></span> <span class='ocrx_word' id='word_1_485' title='bbox 2685 462 2744 509; x_wconf 92' lang='lat' dir='ltr'><strong>ut</strong></span> <span class='ocrx_word' id='word_1_486' title='bbox 2762 453 2890 509; x_wconf 88' lang='lat' dir='ltr'><strong>nihil</strong></span> <span class='ocrx_word' id='word_1_487' title='bbox 2911 451 3254 508; x_wconf 83' lang='lat' dir='ltr'><strong>subaudiatur</strong></span> <span class='ocrx_word' id='word_1_488' title='bbox 3280 470 3292 507; x_wconf 92' lang='lat'>:</span> <span class='ocrx_word' id='word_1_489' title='bbox 3323 453 3422 520; x_wconf 83' lang='lat' dir='ltr'><strong>Qui</strong></span> <span class='ocrx_word' id='word_1_490' title='bbox 3435 456 3540 507; x_wconf 87' lang='lat' dir='ltr'><strong>ira-</strong></span> 
     </span>
    </p>
   </div>
   <div class='ocr_carea' id='block_1_62' title="bbox 3399 340 3538 396">
    <p class='ocr_par' dir='ltr' id='par_1_62' title="bbox 3399 340 3538 396">
     <span class='ocr_line' id='line_1_62' title="bbox 3399 340 3538 396; baseline 0 0"><span class='ocrx_word' id='word_1_491' title='bbox 3399 340 3538 396; x_wconf 59' lang='lat' dir='ltr'><strong>lii!</strong></span> 
     </span>
    </p>
   </div>
   <div class='ocr_carea' id='block_1_63' title="bbox 1970 545 3539 618">
    <p class='ocr_par' dir='ltr' id='par_1_63' title="bbox 1970 545 3539 618">
     <span class='ocr_line' id='line_1_63' title="bbox 1970 545 3539 618; baseline -0.001 -17"><span class='ocrx_word' id='word_1_492' title='bbox 1970 549 2142 612; x_wconf 85' lang='lat' dir='ltr'><strong>scitur,</strong></span> <span class='ocrx_word' id='word_1_493' title='bbox 2168 547 2354 616; x_wconf 89' lang='lat' dir='ltr'><strong>inquit,</strong></span> <span class='ocrx_word' id='word_1_494' title='bbox 2386 548 2532 618; x_wconf 88' lang='lat' dir='ltr'><strong>fratri</strong></span> <span class='ocrx_word' id='word_1_495' title='bbox 2572 563 2664 600; x_wconf 84' lang='lat' dir='ltr'><strong>suo</strong></span> <span class='ocrx_word' id='word_1_496' title='bbox 2704 547 2812 601; x_wconf 79' lang='lat' dir='ltr'><strong>sine</strong></span> <span class='ocrx_word' id='word_1_497' title='bbox 2847 562 3000 600; x_wconf 82' lang='lat' dir='ltr'><strong>causa</strong></span> <span class='ocrx_word' id='word_1_498' title='bbox 3021 585 3035 610; x_wconf 95' lang='lat'><strong>,</strong></span> <span class='ocrx_word' id='word_1_499' title='bbox 3070 562 3184 599; x_wconf 79' lang='lat' dir='ltr'><strong>reus</strong></span> <span class='ocrx_word' id='word_1_500' title='bbox 3209 545 3301 598; x_wconf 82' lang='lat' dir='ltr'><strong>erit</strong></span> <span class='ocrx_word' id='word_1_501' title='bbox 3315 546 3539 615; x_wconf 80' lang='lat' dir='ltr'><strong>judicio.</strong></span> 
     </span>
    </p>
   </div>
   <div class='ocr_carea' id='block_1_64' title="bbox 1972 634 3540 704">
    <p class='ocr_par' dir='ltr' id='par_1_64' title="bbox 1972 634 3540 704">
     <span class='ocr_line' id='line_1_64' title="bbox 1972 634 3540 704; baseline -0.003 -12"><span class='ocrx_word' id='word_1_502' title='bbox 1972 637 2029 691; x_wconf 89' lang='lat' dir='ltr'><strong>In</strong></span> <span class='ocrx_word' id='word_1_503' title='bbox 2057 638 2284 692; x_wconf 85' lang='lat' dir='ltr'><strong>secunda</strong></span> <span class='ocrx_word' id='word_1_504' title='bbox 2312 651 2439 692; x_wconf 89' lang='lat' dir='ltr'><strong>vero</strong></span> <span class='ocrx_word' id='word_1_505' title='bbox 2463 652 2582 691; x_wconf 91' lang='lat' dir='ltr'><strong>cum</strong></span> <span class='ocrx_word' id='word_1_506' title='bbox 2607 637 2711 701; x_wconf 88' lang='lat' dir='ltr'><strong>ait,</strong></span> <span class='ocrx_word' id='word_1_507' title='bbox 2746 635 2844 701; x_wconf 86' lang='lat' dir='ltr'><strong>Qui</strong></span> <span class='ocrx_word' id='word_1_508' title='bbox 2866 645 3028 689; x_wconf 82' lang='lat' dir='ltr'><strong>autem</strong></span> <span class='ocrx_word' id='word_1_509' title='bbox 3057 634 3237 689; x_wconf 76' lang='lat' dir='ltr'><strong>dixerit</strong></span> <span class='ocrx_word' id='word_1_510' title='bbox 3258 635 3404 704; x_wconf 88' lang='lat' dir='ltr'><strong>fratri</strong></span> <span class='ocrx_word' id='word_1_511' title='bbox 3427 651 3540 696; x_wconf 80' lang='lat' dir='ltr'><strong>suo,</strong></span> 
     </span>
    </p>
   </div>
   <div class='ocr_carea' id='block_1_65' title="bbox 1973 724 3542 793">
    <p class='ocr_par' dir='ltr' id='par_1_65' title="bbox 1973 724 3542 793">
     <span class='ocr_line' id='line_1_65' title="bbox 1973 724 3542 793; baseline -0.003 -12"><span class='ocrx_word' id='word_1_512' title='bbox 1973 727 2170 793; x_wconf 82' lang='lat' dir='ltr'><strong>Racha,</strong></span> <span class='ocrx_word' id='word_1_513' title='bbox 2197 727 2524 793; x_wconf 88' lang='lat' dir='ltr'><strong>subauditur,</strong></span> <span class='ocrx_word' id='word_1_514' title='bbox 2563 727 2677 781; x_wconf 90' lang='lat' dir='ltr'><strong>sine</strong></span> <span class='ocrx_word' id='word_1_515' title='bbox 2708 741 2868 780; x_wconf 84' lang='lat' dir='ltr'><strong>causa</strong></span> <span class='ocrx_word' id='word_1_516' title='bbox 2891 766 2906 789; x_wconf 91' lang='lat'><strong>,</strong></span> <span class='ocrx_word' id='word_1_517' title='bbox 2937 734 2992 780; x_wconf 86' lang='lat' dir='ltr'><strong>et</strong></span> <span class='ocrx_word' id='word_1_518' title='bbox 3016 724 3086 778; x_wconf 86' lang='lat' dir='ltr'><strong>ita</strong></span> <span class='ocrx_word' id='word_1_519' title='bbox 3128 724 3395 792; x_wconf 87' lang='lat' dir='ltr'><strong>jungitur,</strong></span> <span class='ocrx_word' id='word_1_520' title='bbox 3426 741 3542 777; x_wconf 82' lang='lat' dir='ltr'><strong>reus</strong></span> 
     </span>
    </p>
   </div>
   <div class='ocr_carea' id='block_1_66' title="bbox 1972 812 3547 888">
    <p class='ocr_par' dir='ltr' id='par_1_66' title="bbox 1972 812 3547 888">
     <span class='ocr_line' id='line_1_66' title="bbox 1972 812 3547 888; baseline -0.006 -15"><span class='ocrx_word' id='word_1_521' title='bbox 1972 820 2066 873; x_wconf 86' lang='lat' dir='ltr'><strong>erit</strong></span> <span class='ocrx_word' id='word_1_522' title='bbox 2087 819 2295 873; x_wconf 83' lang='lat' dir='ltr'><strong>concilio</strong></span> <span class='ocrx_word' id='word_1_523' title='bbox 2324 817 2423 888; x_wconf 88' lang='lat' dir='ltr'><strong>(a).</strong></span> <span class='ocrx_word' id='word_1_524' title='bbox 2450 812 2566 873; x_wconf 75' lang='lat' dir='ltr'><strong>Iam</strong></span> <span class='ocrx_word' id='word_1_525' title='bbox 2594 818 2647 872; x_wconf 90' lang='lat' dir='ltr'><strong>in</strong></span> <span class='ocrx_word' id='word_1_526' title='bbox 2671 817 2820 871; x_wconf 91' lang='lat' dir='ltr'><strong>tertia</strong></span> <span class='ocrx_word' id='word_1_527' title='bbox 2849 815 2935 870; x_wconf 91' lang='lat' dir='ltr'><strong>ubi</strong></span> <span class='ocrx_word' id='word_1_528' title='bbox 2959 815 3054 876; x_wconf 88' lang='lat' dir='ltr'><strong>ait.</strong></span> <span class='ocrx_word' id='word_1_529' title='bbox 3087 813 3186 880; x_wconf 81' lang='lat' dir='ltr'><strong>Qui</strong></span> <span class='ocrx_word' id='word_1_530' title='bbox 3210 822 3373 866; x_wconf 83' lang='lat' dir='ltr'><strong>autem</strong></span> <span class='ocrx_word' id='word_1_531' title='bbox 3403 813 3547 866; x_wconf 72' lang='lat' dir='ltr'><strong>dixe-</strong></span> 
     </span>
    </p>
   </div>
   <div class='ocr_carea' id='block_1_67' title="bbox 1973 904 3540 978">
    <p class='ocr_par' dir='ltr' id='par_1_67' title="bbox 1973 904 3540 978">
     <span class='ocr_line' id='line_1_67' title="bbox 1973 904 3540 978; baseline -0.006 -13"><span class='ocrx_word' id='word_1_532' title='bbox 1973 912 2038 966; x_wconf 86' lang='lat' dir='ltr'><strong>rit</strong></span> <span class='ocrx_word' id='word_1_533' title='bbox 2065 953 2078 976; x_wconf 95' lang='lat'><strong>,</strong></span> <span class='ocrx_word' id='word_1_534' title='bbox 2111 911 2277 964; x_wconf 80' lang='lat' dir='ltr'><strong>Fatue</strong></span> <span class='ocrx_word' id='word_1_535' title='bbox 2298 952 2313 978; x_wconf 88' lang='lat'><strong>,</strong></span> <span class='ocrx_word' id='word_1_536' title='bbox 2343 909 2447 964; x_wconf 93' lang='lat' dir='ltr'><strong>duo</strong></span> <span class='ocrx_word' id='word_1_537' title='bbox 2475 909 2860 964; x_wconf 88' lang='lat' dir='ltr'><strong>subaudiuntur</strong></span> <span class='ocrx_word' id='word_1_538' title='bbox 2880 949 2896 973; x_wconf 91' lang='lat'><strong>,</strong></span> <span class='ocrx_word' id='word_1_539' title='bbox 2932 915 2986 962; x_wconf 91' lang='lat' dir='ltr'><strong>et</strong></span> <span class='ocrx_word' id='word_1_540' title='bbox 3017 906 3163 960; x_wconf 90' lang='lat' dir='ltr'><strong>fratri</strong></span> <span class='ocrx_word' id='word_1_541' title='bbox 3189 920 3308 970; x_wconf 89' lang='lat' dir='ltr'><strong>suo,</strong></span> <span class='ocrx_word' id='word_1_542' title='bbox 3343 916 3396 958; x_wconf 90' lang='lat' dir='ltr'><strong>et</strong></span> <span class='ocrx_word' id='word_1_543' title='bbox 3423 904 3540 957; x_wconf 90' lang='lat' dir='ltr'><strong>sine</strong></span> 
     </span>
    </p>
   </div>
   <div class='ocr_carea' id='block_1_68' title="bbox 1975 993 3545 1067">
    <p class='ocr_par' dir='ltr' id='par_1_68' title="bbox 1975 993 3545 1067">
     <span class='ocr_line' id='line_1_68' title="bbox 1975 993 3545 1067; baseline -0.008 -10"><span class='ocrx_word' id='word_1_544' title='bbox 1975 1017 2156 1058; x_wconf 87' lang='lat' dir='ltr'><strong>causa.</strong></span> <span class='ocrx_word' id='word_1_545' title='bbox 2187 1002 2299 1057; x_wconf 85' lang='lat' dir='ltr'><strong>lloc</strong></span> <span class='ocrx_word' id='word_1_546' title='bbox 2321 1010 2402 1056; x_wconf 90' lang='lat' dir='ltr'><strong>est</strong></span> <span class='ocrx_word' id='word_1_547' title='bbox 2427 999 2563 1054; x_wconf 91' lang='lat' dir='ltr'><strong>unde</strong></span> <span class='ocrx_word' id='word_1_548' title='bbox 2591 998 2919 1062; x_wconf 87' lang='lat' dir='ltr'><strong>defenditur,</strong></span> <span class='ocrx_word' id='word_1_549' title='bbox 2955 995 3094 1067; x_wconf 89' lang='lat' dir='ltr'><strong>quod</strong></span> <span class='ocrx_word' id='word_1_550' title='bbox 3122 995 3408 1066; x_wconf 85' lang='lat' dir='ltr'><strong>Apostolus</strong></span> <span class='ocrx_word' id='word_1_551' title='bbox 3437 993 3545 1047; x_wconf 86' lang='lat' dir='ltr'><strong>Ga-</strong></span> 
     </span>
    </p>
   </div>
   <div class='ocr_carea' id='block_1_69' title="bbox 1974 1082 3545 1160">
    <p class='ocr_par' dir='ltr' id='par_1_69' title="bbox 1974 1082 3545 1160">
     <span class='ocr_line' id='line_1_69' title="bbox 1974 1082 3545 1160; baseline -0.01 -10"><span class='ocrx_word' id='word_1_552' title='bbox 1974 1094 2109 1150; x_wconf 85' lang='lat' dir='ltr'><strong>latas</strong></span> <span class='ocrx_word' id='word_1_553' title='bbox 2137 1101 2289 1146; x_wconf 90' lang='lat' dir='ltr'><strong>vocat</strong></span> <span class='ocrx_word' id='word_1_554' title='bbox 2313 1090 2498 1145; x_wconf 90' lang='lat' dir='ltr'><strong>stultos</strong></span> <span class='ocrx_word' id='word_1_555' title='bbox 2526 1087 2716 1160; x_wconf 77' lang='lat' dir='ltr'><strong>(Colat.</strong></span> <span class='ocrx_word' id='word_1_556' title='bbox 2747 1104 2800 1142; x_wconf 90' lang='lat' dir='ltr'><strong>Ill</strong></span> <span class='ocrx_word' id='word_1_557' title='bbox 2819 1129 2832 1148; x_wconf 90' lang='lat'><strong>.</strong></span> <span class='ocrx_word' id='word_1_558' title='bbox 2873 1087 2931 1156; x_wconf 75' lang='lat' dir='ltr'><strong>l)</strong></span> <span class='ocrx_word' id='word_1_559' title='bbox 2955 1126 2970 1151; x_wconf 89' lang='lat'><strong>,</strong></span> <span class='ocrx_word' id='word_1_560' title='bbox 3001 1100 3135 1155; x_wconf 90' lang='lat' dir='ltr'><strong>quos</strong></span> <span class='ocrx_word' id='word_1_561' title='bbox 3164 1085 3322 1138; x_wconf 91' lang='lat' dir='ltr'><strong>etiam</strong></span> <span class='ocrx_word' id='word_1_562' title='bbox 3355 1082 3545 1136; x_wconf 87' lang='lat' dir='ltr'><strong>fratres</strong></span> 
     </span>
    </p>
   </div>
   <div class='ocr_carea' id='block_1_70' title="bbox 1977 1171 3544 1238">
    <p class='ocr_par' dir='ltr' id='par_1_70' title="bbox 1977 1171 3544 1238">
     <span class='ocr_line' id='line_1_70' title="bbox 1977 1171 3544 1238; baseline -0.007 -1"><span class='ocrx_word' id='word_1_563' title='bbox 1977 1184 2212 1238; x_wconf 87' lang='lat' dir='ltr'><strong>nominat</strong></span> <span class='ocrx_word' id='word_1_564' title='bbox 2242 1200 2254 1236; x_wconf 90' lang='lat'>:</span> <span class='ocrx_word' id='word_1_565' title='bbox 2279 1197 2383 1235; x_wconf 90' lang='lat' dir='ltr'><strong>non</strong></span> <span class='ocrx_word' id='word_1_566' title='bbox 2406 1180 2545 1234; x_wconf 90' lang='lat' dir='ltr'><strong>enim</strong></span> <span class='ocrx_word' id='word_1_567' title='bbox 2562 1179 2614 1234; x_wconf 88' lang='lat' dir='ltr'><strong>id</strong></span> <span class='ocrx_word' id='word_1_568' title='bbox 2635 1178 2757 1233; x_wconf 90' lang='lat' dir='ltr'><strong>facit</strong></span> <span class='ocrx_word' id='word_1_569' title='bbox 2775 1178 2888 1232; x_wconf 89' lang='lat' dir='ltr'><strong>sine</strong></span> <span class='ocrx_word' id='word_1_570' title='bbox 2903 1190 3082 1229; x_wconf 89' lang='lat' dir='ltr'><strong>causa.</strong></span> <span class='ocrx_word' id='word_1_571' title='bbox 3112 1174 3237 1228; x_wconf 87' lang='lat' dir='ltr'><strong>Ideo</strong></span> <span class='ocrx_word' id='word_1_572' title='bbox 3259 1182 3434 1226; x_wconf 90' lang='lat' dir='ltr'><strong>autem</strong></span> <span class='ocrx_word' id='word_1_573' title='bbox 3459 1171 3544 1226; x_wconf 90' lang='lat' dir='ltr'><strong>hic</strong></span> 
     </span>
    </p>
   </div>
   <div class='ocr_carea' id='block_1_71' title="bbox 1975 1262 3546 1339">
    <p class='ocr_par' dir='ltr' id='par_1_71' title="bbox 1975 1262 3546 1339">
     <span class='ocr_line' id='line_1_71' title="bbox 1975 1262 3546 1339; baseline -0.008 -10"><span class='ocrx_word' id='word_1_574' title='bbox 1975 1275 2139 1329; x_wconf 88' lang='lat' dir='ltr'><strong>frater</strong></span> <span class='ocrx_word' id='word_1_575' title='bbox 2151 1272 2540 1327; x_wconf 79' lang='lat' dir='ltr'><strong>subaudiendns</strong></span> <span class='ocrx_word' id='word_1_576' title='bbox 2564 1280 2664 1336; x_wconf 91' lang='lat' dir='ltr'><strong>est,</strong></span> <span class='ocrx_word' id='word_1_577' title='bbox 2682 1269 2804 1339; x_wconf 90' lang='lat' dir='ltr'><strong>quia</strong></span> <span class='ocrx_word' id='word_1_578' title='bbox 2823 1267 2890 1322; x_wconf 92' lang='lat' dir='ltr'><strong>de</strong></span> <span class='ocrx_word' id='word_1_579' title='bbox 2912 1265 3124 1318; x_wconf 89' lang='lat' dir='ltr'><strong>inimico</strong></span> <span class='ocrx_word' id='word_1_580' title='bbox 3145 1273 3326 1332; x_wconf 84' lang='lat' dir='ltr'><strong>postea</strong></span> <span class='ocrx_word' id='word_1_581' title='bbox 3354 1262 3546 1316; x_wconf 90' lang='lat' dir='ltr'><strong>dicitur</strong></span> 
     </span>
    </p>
   </div>
   <div class='ocr_carea' id='block_1_72' title="bbox 1975 1354 3453 1437">
    <p class='ocr_par' dir='ltr' id='par_1_72' title="bbox 1975 1354 3453 1437">
     <span class='ocr_line' id='line_1_72' title="bbox 1975 1354 3453 1437; baseline -0.009 -19"><span class='ocrx_word' id='word_1_582' title='bbox 1975 1365 2239 1437; x_wconf 89' lang='lat' dir='ltr'><strong>quomodo</strong></span> <span class='ocrx_word' id='word_1_583' title='bbox 2265 1364 2422 1418; x_wconf 87' lang='lat' dir='ltr'><strong>etiam</strong></span> <span class='ocrx_word' id='word_1_584' title='bbox 2449 1364 2560 1432; x_wconf 89' lang='lat' dir='ltr'><strong>ipse</strong></span> <span class='ocrx_word' id='word_1_585' title='bbox 2585 1359 2888 1416; x_wconf 89' lang='lat' dir='ltr'><strong>tractandus</strong></span> <span class='ocrx_word' id='word_1_586' title='bbox 2913 1357 2983 1411; x_wconf 89' lang='lat' dir='ltr'><strong>sit</strong></span> <span class='ocrx_word' id='word_1_587' title='bbox 3012 1355 3210 1425; x_wconf 87' lang='lat' dir='ltr'><strong>majore</strong></span> <span class='ocrx_word' id='word_1_588' title='bbox 3231 1354 3453 1422; x_wconf 90' lang='lat' dir='ltr'><strong>justitia.</strong></span> 
     </span>
    </p>
   </div>
   <div class='ocr_carea' id='block_1_73' title="bbox 2045 1442 3548 1514">
    <p class='ocr_par' dir='ltr' id='par_1_73' title="bbox 2045 1442 3548 1514">
     <span class='ocr_line' id='line_1_73' title="bbox 2045 1442 3548 1514; baseline -0.011 -4"><span class='ocrx_word' id='word_1_589' title='bbox 2045 1454 2269 1510; x_wconf 74' lang='lat' dir='ltr'><strong>CAPUT</strong></span> <span class='ocrx_word' id='word_1_590' title='bbox 2306 1453 2373 1508; x_wconf 81' lang='grc' dir='ltr'><strong>Χ.</strong></span> <span class='ocrx_word' id='word_1_591' title='bbox 2412 1482 2482 1492; x_wconf 92' lang='grc'><strong><em>-</em></strong></span> <span class='ocrx_word' id='word_1_592' title='bbox 2521 1450 2614 1506; x_wconf 77' lang='lat'><strong>9.6.</strong></span> <span class='ocrx_word' id='word_1_593' title='bbox 2665 1449 2865 1504; x_wconf 84' lang='lat' dir='ltr'><strong>Deinde</strong></span> <span class='ocrx_word' id='word_1_594' title='bbox 2897 1447 2982 1500; x_wconf 87' lang='lat' dir='ltr'><strong>hic</strong></span> <span class='ocrx_word' id='word_1_595' title='bbox 3019 1443 3301 1514; x_wconf 89' lang='lat' dir='ltr'><strong>sequitur:</strong></span> <span class='ocrx_word' id='word_1_596' title='bbox 3331 1442 3391 1496; x_wconf 87' lang='lat' dir='ltr'><strong>Si</strong></span> <span class='ocrx_word' id='word_1_597' title='bbox 3429 1457 3548 1510; x_wconf 84' lang='lat' dir='ltr'><strong>ergo</strong></span> 
     </span>
    </p>
   </div>
   <div class='ocr_carea' id='block_1_74' title="bbox 1976 1530 3545 1602">
    <p class='ocr_par' dir='ltr' id='par_1_74' title="bbox 1976 1530 3545 1602">
     <span class='ocr_line' id='line_1_74' title="bbox 1976 1530 3545 1602; baseline -0.011 -2"><span class='ocrx_word' id='word_1_598' title='bbox 1976 1545 2212 1600; x_wconf 77' lang='lat' dir='ltr'><strong>obtuleris</strong></span> <span class='ocrx_word' id='word_1_599' title='bbox 2237 1560 2416 1596; x_wconf 82' lang='lat' dir='ltr'><strong>munus</strong></span> <span class='ocrx_word' id='word_1_600' title='bbox 2439 1553 2577 1595; x_wconf 83' lang='lat' dir='ltr'><strong>tuum</strong></span> <span class='ocrx_word' id='word_1_601' title='bbox 2610 1541 2677 1593; x_wconf 86' lang='lat' dir='ltr'><strong>ad</strong></span> <span class='ocrx_word' id='word_1_602' title='bbox 2697 1540 2853 1592; x_wconf 84' lang='lat' dir='ltr'><strong>altare</strong></span> <span class='ocrx_word' id='word_1_603' title='bbox 2877 1578 2892 1602; x_wconf 92' lang='lat'><strong>,</strong></span> <span class='ocrx_word' id='word_1_604' title='bbox 2921 1545 2966 1590; x_wconf 87' lang='lat' dir='ltr'><strong>et</strong></span> <span class='ocrx_word' id='word_1_605' title='bbox 2990 1535 3094 1589; x_wconf 87' lang='lat' dir='ltr'><strong>illic</strong></span> <span class='ocrx_word' id='word_1_606' title='bbox 3117 1532 3404 1587; x_wconf 79' lang='lat' dir='ltr'><strong>recordatus</strong></span> <span class='ocrx_word' id='word_1_607' title='bbox 3429 1530 3545 1598; x_wconf 84' lang='lat' dir='ltr'><strong>fue-</strong></span> 
     </span>
    </p>
   </div>
   <div class='ocr_carea' id='block_1_75' title="bbox 1975 1622 3549 1706">
    <p class='ocr_par' dir='ltr' id='par_1_75' title="bbox 1975 1622 3549 1706">
     <span class='ocr_line' id='line_1_75' title="bbox 1975 1622 3549 1706; baseline -0.011 -16"><span class='ocrx_word' id='word_1_608' title='bbox 1975 1639 2047 1690; x_wconf 87' lang='lat' dir='ltr'><strong>ris</strong></span> <span class='ocrx_word' id='word_1_609' title='bbox 2069 1637 2200 1705; x_wconf 85' lang='lat' dir='ltr'><strong>quod</strong></span> <span class='ocrx_word' id='word_1_610' title='bbox 2220 1639 2374 1706; x_wconf 80' lang='lat' dir='ltr'><strong>frater</strong></span> <span class='ocrx_word' id='word_1_611' title='bbox 2398 1644 2510 1687; x_wconf 87' lang='lat' dir='ltr'><strong>tuus</strong></span> <span class='ocrx_word' id='word_1_612' title='bbox 2539 1632 2681 1686; x_wconf 84' lang='lat' dir='ltr'><strong>habet</strong></span> <span class='ocrx_word' id='word_1_613' title='bbox 2709 1629 2902 1700; x_wconf 82' lang='lat' dir='ltr'><strong>aliquid</strong></span> <span class='ocrx_word' id='word_1_614' title='bbox 2929 1627 3195 1680; x_wconf 84' lang='lat' dir='ltr'><strong>adversum</strong></span> <span class='ocrx_word' id='word_1_615' title='bbox 3223 1633 3304 1687; x_wconf 84' lang='lat' dir='ltr'><strong>te;</strong></span> <span class='ocrx_word' id='word_1_616' title='bbox 3325 1622 3549 1689; x_wconf 77' lang='lat' dir='ltr'><strong>relinque</strong></span> 
     </span>
    </p>
   </div>
   <div class='ocr_carea' id='block_1_76' title="bbox 1977 1711 3550 1786">
    <p class='ocr_par' dir='ltr' id='par_1_76' title="bbox 1977 1711 3550 1786">
     <span class='ocr_line' id='line_1_76' title="bbox 1977 1711 3550 1786; baseline -0.011 -7"><span class='ocrx_word' id='word_1_617' title='bbox 1977 1727 2046 1779; x_wconf 87' lang='lat' dir='ltr'><strong>ibi</strong></span> <span class='ocrx_word' id='word_1_618' title='bbox 2074 1741 2252 1778; x_wconf 84' lang='lat' dir='ltr'><strong>munus</strong></span> <span class='ocrx_word' id='word_1_619' title='bbox 2281 1734 2421 1776; x_wconf 87' lang='lat' dir='ltr'><strong>tuum</strong></span> <span class='ocrx_word' id='word_1_620' title='bbox 2447 1731 2562 1776; x_wconf 81' lang='lat' dir='ltr'><strong>ante</strong></span> <span class='ocrx_word' id='word_1_621' title='bbox 2596 1721 2771 1783; x_wconf 87' lang='lat' dir='ltr'><strong>altare,</strong></span> <span class='ocrx_word' id='word_1_622' title='bbox 2800 1727 2844 1772; x_wconf 86' lang='lat' dir='ltr'><strong>et</strong></span> <span class='ocrx_word' id='word_1_623' title='bbox 2870 1717 2994 1770; x_wconf 77' lang='lat' dir='ltr'><strong>uade</strong></span> <span class='ocrx_word' id='word_1_624' title='bbox 3015 1757 3031 1782; x_wconf 94' lang='lat'><strong>,</strong></span> <span class='ocrx_word' id='word_1_625' title='bbox 3061 1715 3202 1786; x_wconf 80' lang='lat' dir='ltr'><strong>prius</strong></span> <span class='ocrx_word' id='word_1_626' title='bbox 3230 1711 3550 1766; x_wconf 80' lang='lat' dir='ltr'><strong>reconciliare</strong></span> 
     </span>
    </p>
   </div>
   <div class='ocr_carea' id='block_1_77' title="bbox 1980 1801 3550 1890">
    <p class='ocr_par' dir='ltr' id='par_1_77' title="bbox 1980 1801 3550 1890">
     <span class='ocr_line' id='line_1_77' title="bbox 1980 1801 3550 1890; baseline -0.011 -20"><span class='ocrx_word' id='word_1_627' title='bbox 1980 1817 2125 1890; x_wconf 89' lang='lat' dir='ltr'><strong>fratri</strong></span> <span class='ocrx_word' id='word_1_628' title='bbox 2151 1826 2236 1869; x_wconf 86' lang='lat' dir='ltr'><strong>tuo</strong></span> <span class='ocrx_word' id='word_1_629' title='bbox 2267 1816 2282 1847; x_wconf 85' lang='grc'>¹</span> <span class='ocrx_word' id='word_1_630' title='bbox 2320 1832 2334 1870; x_wconf 91' lang='lat'><strong>:</strong></span> <span class='ocrx_word' id='word_1_631' title='bbox 2365 1822 2409 1867; x_wconf 86' lang='lat' dir='ltr'><strong>et</strong></span> <span class='ocrx_word' id='word_1_632' title='bbox 2452 1823 2568 1866; x_wconf 86' lang='lat' dir='ltr'><strong>tunc</strong></span> <span class='ocrx_word' id='word_1_633' title='bbox 2597 1811 2794 1866; x_wconf 77' lang='lat' dir='ltr'><strong>ueniens</strong></span> <span class='ocrx_word' id='word_1_634' title='bbox 2822 1807 2948 1874; x_wconf 75' lang='lat' dir='ltr'><strong>oﬂ&#39;er</strong></span> <span class='ocrx_word' id='word_1_635' title='bbox 2983 1822 3166 1860; x_wconf 85' lang='lat' dir='ltr'><strong>munus</strong></span> <span class='ocrx_word' id='word_1_636' title='bbox 3207 1815 3364 1856; x_wconf 84' lang='lat' dir='ltr'><strong>tuum.</strong></span> <span class='ocrx_word' id='word_1_637' title='bbox 3417 1801 3550 1854; x_wconf 86' lang='lat' dir='ltr'><strong>llinc</strong></span> 
     </span>
    </p>
   </div>
   <div class='ocr_carea' id='block_1_78' title="bbox 1979 1891 3544 1978">
    <p class='ocr_par' dir='ltr' id='par_1_78' title="bbox 1979 1891 3544 1978">
     <span class='ocr_line' id='line_1_78' title="bbox 1979 1891 3544 1978; baseline -0.013 -14"><span class='ocrx_word' id='word_1_638' title='bbox 1979 1910 2158 1978; x_wconf 89' lang='lat' dir='ltr'><strong>utique</strong></span> <span class='ocrx_word' id='word_1_639' title='bbox 2191 1914 2408 1977; x_wconf 85' lang='lat' dir='ltr'><strong>apparet</strong></span> <span class='ocrx_word' id='word_1_640' title='bbox 2432 1904 2499 1958; x_wconf 92' lang='lat' dir='ltr'><strong>de</strong></span> <span class='ocrx_word' id='word_1_641' title='bbox 2528 1903 2688 1958; x_wconf 89' lang='lat' dir='ltr'><strong>fratre</strong></span> <span class='ocrx_word' id='word_1_642' title='bbox 2731 1901 2927 1955; x_wconf 89' lang='lat' dir='ltr'><strong>dictum</strong></span> <span class='ocrx_word' id='word_1_643' title='bbox 2967 1896 3248 1965; x_wconf 80' lang='lat' dir='ltr'><strong>superius:</strong></span> <span class='ocrx_word' id='word_1_644' title='bbox 3293 1891 3544 1962; x_wconf 88' lang='lat' dir='ltr'><strong>quoniam</strong></span> 
     </span>
    </p>
   </div>
   <div class='ocr_carea' id='block_1_79' title="bbox 1981 1981 3551 2068">
    <p class='ocr_par' dir='ltr' id='par_1_79' title="bbox 1981 1981 3551 2068">
     <span class='ocr_line' id='line_1_79' title="bbox 1981 1981 3551 2068; baseline -0.015 -12"><span class='ocrx_word' id='word_1_645' title='bbox 1981 2002 2237 2057; x_wconf 89' lang='lat' dir='ltr'><strong>sententia</strong></span> <span class='ocrx_word' id='word_1_646' title='bbox 2263 2014 2380 2068; x_wconf 80' lang='lat' dir='ltr'><strong>qna:</strong></span> <span class='ocrx_word' id='word_1_647' title='bbox 2405 1996 2674 2064; x_wconf 87' lang='lat' dir='ltr'><strong>sequitur,</strong></span> <span class='ocrx_word' id='word_1_648' title='bbox 2705 2007 2766 2047; x_wconf 90' lang='lat' dir='ltr'><strong>ea</strong></span> <span class='ocrx_word' id='word_1_649' title='bbox 2806 1987 3176 2057; x_wconf 90' lang='lat' dir='ltr'><strong>conjunctione</strong></span> <span class='ocrx_word' id='word_1_650' title='bbox 3219 1981 3551 2038; x_wconf 90' lang='lat' dir='ltr'><strong>connectitur</strong></span> 
     </span>
    </p>
   </div>
   <div class='ocr_carea' id='block_1_80' title="bbox 1980 2071 3552 2160">
    <p class='ocr_par' dir='ltr' id='par_1_80' title="bbox 1980 2071 3552 2160">
     <span class='ocr_line' id='line_1_80' title="bbox 1980 2071 3552 2160; baseline -0.016 -15"><span class='ocrx_word' id='word_1_651' title='bbox 1980 2101 2038 2146; x_wconf 91' lang='lat' dir='ltr'><strong>ut</strong></span> <span class='ocrx_word' id='word_1_652' title='bbox 2068 2089 2327 2160; x_wconf 89' lang='lat' dir='ltr'><strong>superiori</strong></span> <span class='ocrx_word' id='word_1_653' title='bbox 2350 2094 2626 2140; x_wconf 89' lang='lat' dir='ltr'><strong>attestetnr</strong></span> <span class='ocrx_word' id='word_1_654' title='bbox 2653 2100 2666 2134; x_wconf 92' lang='lat'><strong>:</strong></span> <span class='ocrx_word' id='word_1_655' title='bbox 2697 2076 2800 2135; x_wconf 88' lang='lat' dir='ltr'><strong>non</strong></span> <span class='ocrx_word' id='word_1_656' title='bbox 2823 2084 2963 2134; x_wconf 87' lang='lat' dir='ltr'><strong>enim</strong></span> <span class='ocrx_word' id='word_1_657' title='bbox 2990 2078 3085 2140; x_wconf 91' lang='lat' dir='ltr'><strong>ait,</strong></span> <span class='ocrx_word' id='word_1_658' title='bbox 3108 2075 3163 2129; x_wconf 88' lang='lat' dir='ltr'><strong>Si</strong></span> <span class='ocrx_word' id='word_1_659' title='bbox 3190 2083 3365 2127; x_wconf 91' lang='lat' dir='ltr'><strong>autem</strong></span> <span class='ocrx_word' id='word_1_660' title='bbox 3391 2071 3552 2122; x_wconf 85' lang='lat' dir='ltr'><strong>obtu-</strong></span> 
     </span>
    </p>
   </div>
   <div class='ocr_carea' id='block_1_81' title="bbox 1980 2161 3554 2236">
    <p class='ocr_par' dir='ltr' id='par_1_81' title="bbox 1980 2161 3554 2236">
     <span class='ocr_line' id='line_1_81' title="bbox 1980 2161 3554 2236; baseline -0.016 0"><span class='ocrx_word' id='word_1_661' title='bbox 1980 2182 2104 2236; x_wconf 91' lang='lat' dir='ltr'><strong>leris</strong></span> <span class='ocrx_word' id='word_1_662' title='bbox 2131 2194 2324 2234; x_wconf 90' lang='lat' dir='ltr'><strong>munus</strong></span> <span class='ocrx_word' id='word_1_663' title='bbox 2352 2187 2494 2230; x_wconf 92' lang='lat' dir='ltr'><strong>tuum</strong></span> <span class='ocrx_word' id='word_1_664' title='bbox 2523 2175 2588 2228; x_wconf 89' lang='lat' dir='ltr'><strong>ad</strong></span> <span class='ocrx_word' id='word_1_665' title='bbox 2608 2175 2810 2236; x_wconf 90' lang='lat' dir='ltr'><strong>altare;</strong></span> <span class='ocrx_word' id='word_1_666' title='bbox 2850 2170 2943 2225; x_wconf 87' lang='lat' dir='ltr'><strong>sed</strong></span> <span class='ocrx_word' id='word_1_667' title='bbox 2968 2169 3060 2233; x_wconf 90' lang='lat' dir='ltr'><strong>ait,</strong></span> <span class='ocrx_word' id='word_1_668' title='bbox 3089 2167 3151 2221; x_wconf 88' lang='lat' dir='ltr'><strong>Si</strong></span> <span class='ocrx_word' id='word_1_669' title='bbox 3179 2181 3294 2234; x_wconf 84' lang='lat' dir='ltr'><strong>ergo</strong></span> <span class='ocrx_word' id='word_1_670' title='bbox 3318 2161 3554 2214; x_wconf 86' lang='lat' dir='ltr'><strong>obtuleris</strong></span> 
     </span>
    </p>
   </div>
   <div class='ocr_carea' id='block_1_82' title="bbox 1981 2248 3554 2326">
    <p class='ocr_par' dir='ltr' id='par_1_82' title="bbox 1981 2248 3554 2326">
     <span class='ocr_line' id='line_1_82' title="bbox 1981 2248 3554 2326; baseline -0.015 -1"><span class='ocrx_word' id='word_1_671' title='bbox 1981 2287 2160 2326; x_wconf 83' lang='lat' dir='ltr'><strong>manus</strong></span> <span class='ocrx_word' id='word_1_672' title='bbox 2189 2280 2328 2324; x_wconf 81' lang='lat' dir='ltr'><strong>luunt</strong></span> <span class='ocrx_word' id='word_1_673' title='bbox 2354 2267 2420 2320; x_wconf 88' lang='lat' dir='ltr'><strong>ad</strong></span> <span class='ocrx_word' id='word_1_674' title='bbox 2448 2265 2628 2318; x_wconf 84' lang='lat' dir='ltr'><strong>altare.</strong></span> <span class='ocrx_word' id='word_1_675' title='bbox 2660 2262 2790 2317; x_wconf 84' lang='lat' dir='ltr'><strong>Nam</strong></span> <span class='ocrx_word' id='word_1_676' title='bbox 2820 2261 2864 2314; x_wconf 90' lang='lat' dir='ltr'><strong>si</strong></span> <span class='ocrx_word' id='word_1_677' title='bbox 2890 2258 3042 2313; x_wconf 86' lang='lat' dir='ltr'><strong>irasci</strong></span> <span class='ocrx_word' id='word_1_678' title='bbox 3067 2255 3144 2310; x_wconf 90' lang='lat' dir='ltr'><strong>fas</strong></span> <span class='ocrx_word' id='word_1_679' title='bbox 3164 2269 3270 2308; x_wconf 90' lang='lat' dir='ltr'><strong>non</strong></span> <span class='ocrx_word' id='word_1_680' title='bbox 3295 2260 3379 2306; x_wconf 90' lang='lat' dir='ltr'><strong>est</strong></span> <span class='ocrx_word' id='word_1_681' title='bbox 3405 2248 3554 2303; x_wconf 87' lang='lat' dir='ltr'><strong>lratri</strong></span> 
     </span>
    </p>
   </div>
   <div class='ocr_carea' id='block_1_83' title="bbox 1981 2346 3555 2425">
    <p class='ocr_par' dir='ltr' id='par_1_83' title="bbox 1981 2346 3555 2425">
     <span class='ocr_line' id='line_1_83' title="bbox 1981 2346 3555 2425; baseline -0.015 -5"><span class='ocrx_word' id='word_1_682' title='bbox 1981 2382 2077 2420; x_wconf 91' lang='lat' dir='ltr'><strong>suo</strong></span> <span class='ocrx_word' id='word_1_683' title='bbox 2101 2367 2214 2419; x_wconf 89' lang='lat' dir='ltr'><strong>sine</strong></span> <span class='ocrx_word' id='word_1_684' title='bbox 2239 2377 2397 2419; x_wconf 87' lang='lat' dir='ltr'><strong>causa</strong></span> <span class='ocrx_word' id='word_1_685' title='bbox 2423 2402 2438 2425; x_wconf 93' lang='lat'><strong>,</strong></span> <span class='ocrx_word' id='word_1_686' title='bbox 2469 2368 2558 2413; x_wconf 87' lang='lat' dir='ltr'><strong>ant</strong></span> <span class='ocrx_word' id='word_1_687' title='bbox 2585 2358 2761 2413; x_wconf 86' lang='lat' dir='ltr'><strong>dicere</strong></span> <span class='ocrx_word' id='word_1_688' title='bbox 2800 2355 2976 2410; x_wconf 84' lang='lat' dir='ltr'><strong>Racha</strong></span> <span class='ocrx_word' id='word_1_689' title='bbox 2995 2395 3010 2419; x_wconf 91' lang='lat'><strong>,</strong></span> <span class='ocrx_word' id='word_1_690' title='bbox 3038 2363 3130 2406; x_wconf 92' lang='lat' dir='ltr'><strong>aut</strong></span> <span class='ocrx_word' id='word_1_691' title='bbox 3156 2350 3331 2404; x_wconf 90' lang='lat' dir='ltr'><strong>dicere</strong></span> <span class='ocrx_word' id='word_1_692' title='bbox 3364 2346 3555 2408; x_wconf 84' lang='lat' dir='ltr'><strong>Fatue;</strong></span> 
     </span>
    </p>
   </div>
   <div class='ocr_carea' id='block_1_84' title="bbox 1983 2436 3550 2510">
    <p class='ocr_par' dir='ltr' id='par_1_84' title="bbox 1983 2436 3550 2510">
     <span class='ocr_line' id='line_1_84' title="bbox 1983 2436 3550 2510; baseline -0.016 0"><span class='ocrx_word' id='word_1_693' title='bbox 1983 2457 2148 2510; x_wconf 92' lang='lat' dir='ltr'><strong>tnnlto</strong></span> <span class='ocrx_word' id='word_1_694' title='bbox 2169 2455 2342 2508; x_wconf 90' lang='lat' dir='ltr'><strong>minus</strong></span> <span class='ocrx_word' id='word_1_695' title='bbox 2370 2452 2448 2506; x_wconf 88' lang='lat' dir='ltr'><strong>fas</strong></span> <span class='ocrx_word' id='word_1_696' title='bbox 2467 2458 2550 2504; x_wconf 91' lang='lat' dir='ltr'><strong>est</strong></span> <span class='ocrx_word' id='word_1_697' title='bbox 2576 2448 2753 2502; x_wconf 91' lang='lat' dir='ltr'><strong>animo</strong></span> <span class='ocrx_word' id='word_1_698' title='bbox 2780 2455 2959 2499; x_wconf 90' lang='lat' dir='ltr'><strong>tenere</strong></span> <span class='ocrx_word' id='word_1_699' title='bbox 2983 2440 3180 2510; x_wconf 90' lang='lat' dir='ltr'><strong>aliquid</strong></span> <span class='ocrx_word' id='word_1_700' title='bbox 3212 2447 3268 2492; x_wconf 92' lang='lat' dir='ltr'><strong>ut</strong></span> <span class='ocrx_word' id='word_1_701' title='bbox 3291 2439 3342 2491; x_wconf 93' lang='lat' dir='ltr'><strong>in</strong></span> <span class='ocrx_word' id='word_1_702' title='bbox 3373 2436 3550 2490; x_wconf 87' lang='lat' dir='ltr'><strong>odium</strong></span> 
     </span>
    </p>
   </div>
   <div class='ocr_carea' id='block_1_85' title="bbox 1983 2525 3556 2614">
    <p class='ocr_par' dir='ltr' id='par_1_85' title="bbox 1983 2525 3556 2614">
     <span class='ocr_line' id='line_1_85' title="bbox 1983 2525 3556 2614; baseline -0.014 -15"><span class='ocrx_word' id='word_1_703' title='bbox 1983 2545 2268 2614; x_wconf 88' lang='lat' dir='ltr'><strong>indignatio</strong></span> <span class='ocrx_word' id='word_1_704' title='bbox 2291 2547 2648 2597; x_wconf 81' lang='lat' dir='ltr'><strong>convertatur.</strong></span> <span class='ocrx_word' id='word_1_705' title='bbox 2680 2537 2797 2604; x_wconf 86' lang='lat' dir='ltr'><strong>Quo</strong></span> <span class='ocrx_word' id='word_1_706' title='bbox 2836 2533 3064 2603; x_wconf 89' lang='lat' dir='ltr'><strong>pertinet</strong></span> <span class='ocrx_word' id='word_1_707' title='bbox 3091 2531 3248 2584; x_wconf 89' lang='lat' dir='ltr'><strong>etiam</strong></span> <span class='ocrx_word' id='word_1_708' title='bbox 3275 2525 3413 2597; x_wconf 91' lang='lat' dir='ltr'><strong>quod</strong></span> <span class='ocrx_word' id='word_1_709' title='bbox 3449 2525 3556 2578; x_wconf 91' lang='lat' dir='ltr'><strong>alio</strong></span> 
     </span>
    </p>
   </div>
   <div class='ocr_carea' id='block_1_86' title="bbox 1983 2619 3556 2696">
    <p class='ocr_par' dir='ltr' id='par_1_86' title="bbox 1983 2619 3556 2696">
     <span class='ocr_line' id='line_1_86' title="bbox 1983 2619 3556 2696; baseline -0.016 -6"><span class='ocrx_word' id='word_1_710' title='bbox 1983 2637 2100 2690; x_wconf 79' lang='lat' dir='ltr'><strong>loco</strong></span> <span class='ocrx_word' id='word_1_711' title='bbox 2126 2635 2334 2696; x_wconf 88' lang='lat' dir='ltr'><strong>dicitur,</strong></span> <span class='ocrx_word' id='word_1_712' title='bbox 2370 2631 2485 2686; x_wconf 82' lang='lat' dir='ltr'><strong>Non</strong></span> <span class='ocrx_word' id='word_1_713' title='bbox 2511 2628 2705 2683; x_wconf 82' lang='lat' dir='ltr'><strong>occidat</strong></span> <span class='ocrx_word' id='word_1_714' title='bbox 2729 2626 2804 2680; x_wconf 81' lang='lat' dir='ltr'><strong>sol</strong></span> <span class='ocrx_word' id='word_1_715' title='bbox 2831 2640 2981 2692; x_wconf 85' lang='lat' dir='ltr'><strong>super</strong></span> <span class='ocrx_word' id='word_1_716' title='bbox 3006 2619 3318 2675; x_wconf 83' lang='lat' dir='ltr'><strong>iracundiam</strong></span> <span class='ocrx_word' id='word_1_717' title='bbox 3342 2626 3556 2669; x_wconf 84' lang='lat' dir='ltr'><strong>vestram</strong></span> 
     </span>
    </p>
   </div>
   <div class='ocr_carea' id='block_1_87' title="bbox 1985 2705 3561 2799">
    <p class='ocr_par' dir='ltr' id='par_1_87' title="bbox 1985 2705 3561 2799">
     <span class='ocr_line' id='line_1_87' title="bbox 1985 2705 3561 2799; baseline -0.015 -17"><span class='ocrx_word' id='word_1_718' title='bbox 1985 2728 2197 2799; x_wconf 82' lang='lat' dir='ltr'><strong>(Ephes.</strong></span> <span class='ocrx_word' id='word_1_719' title='bbox 2224 2743 2297 2792; x_wconf 89' lang='lat' dir='ltr'><strong>tv,</strong></span> <span class='ocrx_word' id='word_1_720' title='bbox 2324 2724 2434 2792; x_wconf 73' lang='lat'><strong>26).</strong></span> <span class='ocrx_word' id='word_1_721' title='bbox 2479 2721 2734 2777; x_wconf 84' lang='lat' dir='ltr'><strong>Jubemnr</strong></span> <span class='ocrx_word' id='word_1_722' title='bbox 2760 2732 2886 2786; x_wconf 88' lang='lat' dir='ltr'><strong>ergo</strong></span> <span class='ocrx_word' id='word_1_723' title='bbox 2913 2713 3106 2770; x_wconf 89' lang='lat' dir='ltr'><strong>illaturi</strong></span> <span class='ocrx_word' id='word_1_724' title='bbox 3134 2723 3326 2765; x_wconf 92' lang='lat' dir='ltr'><strong>munus</strong></span> <span class='ocrx_word' id='word_1_725' title='bbox 3372 2707 3439 2761; x_wconf 92' lang='lat' dir='ltr'><strong>ad</strong></span> <span class='ocrx_word' id='word_1_726' title='bbox 3479 2705 3561 2759; x_wconf 87' lang='lat' dir='ltr'><strong>al-</strong></span> 
     </span>
    </p>
   </div>
   <div class='ocr_carea' id='block_1_88' title="bbox 1986 2797 3560 2880">
    <p class='ocr_par' dir='ltr' id='par_1_88' title="bbox 1986 2797 3560 2880">
     <span class='ocr_line' id='line_1_88' title="bbox 1986 2797 3560 2880; baseline -0.015 -8"><span class='ocrx_word' id='word_1_727' title='bbox 1986 2829 2118 2880; x_wconf 83' lang='lat' dir='ltr'><strong>tare,</strong></span> <span class='ocrx_word' id='word_1_728' title='bbox 2149 2818 2190 2870; x_wconf 90' lang='lat' dir='ltr'><strong>si</strong></span> <span class='ocrx_word' id='word_1_729' title='bbox 2221 2814 2478 2870; x_wconf 90' lang='lat' dir='ltr'><strong>recordati</strong></span> <span class='ocrx_word' id='word_1_730' title='bbox 2519 2810 2774 2866; x_wconf 84' lang='lat' dir='ltr'><strong>fuerimus</strong></span> <span class='ocrx_word' id='word_1_731' title='bbox 2799 2804 2998 2875; x_wconf 90' lang='lat' dir='ltr'><strong>aliquid</strong></span> <span class='ocrx_word' id='word_1_732' title='bbox 3026 2803 3304 2858; x_wconf 82' lang='lat' dir='ltr'><strong>adversum</strong></span> <span class='ocrx_word' id='word_1_733' title='bbox 3335 2813 3435 2852; x_wconf 90' lang='lat' dir='ltr'><strong>nos</strong></span> <span class='ocrx_word' id='word_1_734' title='bbox 3465 2797 3560 2851; x_wconf 90' lang='lat' dir='ltr'><strong>ha-</strong></span> 
     </span>
    </p>
   </div>
   <div class='ocr_carea' id='block_1_89' title="bbox 1984 2895 3560 2967">
    <p class='ocr_par' dir='ltr' id='par_1_89' title="bbox 1984 2895 3560 2967">
     <span class='ocr_line' id='line_1_89' title="bbox 1984 2895 3560 2967; baseline -0.015 -4"><span class='ocrx_word' id='word_1_735' title='bbox 1984 2909 2110 2963; x_wconf 89' lang='lat' dir='ltr'><strong>bere</strong></span> <span class='ocrx_word' id='word_1_736' title='bbox 2138 2907 2372 2967; x_wconf 69' lang='lat' dir='ltr'><strong>fratrem,</strong></span> <span class='ocrx_word' id='word_1_737' title='bbox 2401 2917 2594 2958; x_wconf 89' lang='lat' dir='ltr'><strong>munus</strong></span> <span class='ocrx_word' id='word_1_738' title='bbox 2619 2909 2742 2953; x_wconf 90' lang='lat' dir='ltr'><strong>ante</strong></span> <span class='ocrx_word' id='word_1_739' title='bbox 2778 2899 2940 2950; x_wconf 88' lang='lat' dir='ltr'><strong>altare</strong></span> <span class='ocrx_word' id='word_1_740' title='bbox 2982 2895 3316 2962; x_wconf 87' lang='lat' dir='ltr'><strong>relinquere,</strong></span> <span class='ocrx_word' id='word_1_741' title='bbox 3359 2899 3411 2944; x_wconf 83' lang='lat' dir='ltr'><strong>et</strong></span> <span class='ocrx_word' id='word_1_742' title='bbox 3443 2902 3560 2957; x_wconf 89' lang='lat' dir='ltr'><strong>pcr-</strong></span> 
     </span>
    </p>
   </div>
   <div class='ocr_carea' id='block_1_90' title="bbox 1983 2983 3560 3068">
    <p class='ocr_par' dir='ltr' id='par_1_90' title="bbox 1983 2983 3560 3068">
     <span class='ocr_line' id='line_1_90' title="bbox 1983 2983 3560 3068; baseline -0.015 -15"><span class='ocrx_word' id='word_1_743' title='bbox 1983 3014 2109 3068; x_wconf 88' lang='lat' dir='ltr'><strong>gere</strong></span> <span class='ocrx_word' id='word_1_744' title='bbox 2135 3012 2197 3050; x_wconf 87' lang='lat' dir='ltr'><strong>ac</strong></span> <span class='ocrx_word' id='word_1_745' title='bbox 2237 2995 2566 3050; x_wconf 90' lang='lat' dir='ltr'><strong>reconciliari</strong></span> <span class='ocrx_word' id='word_1_746' title='bbox 2608 2989 2794 3054; x_wconf 62' lang='lat' dir='ltr'><strong>iratri,</strong></span> <span class='ocrx_word' id='word_1_747' title='bbox 2837 2985 3026 3042; x_wconf 90' lang='lat' dir='ltr'><strong>deinde</strong></span> <span class='ocrx_word' id='word_1_748' title='bbox 3068 2983 3248 3038; x_wconf 90' lang='lat' dir='ltr'><strong>venire</strong></span> <span class='ocrx_word' id='word_1_749' title='bbox 3275 2990 3328 3035; x_wconf 89' lang='lat' dir='ltr'><strong>et</strong></span> <span class='ocrx_word' id='word_1_750' title='bbox 3365 2993 3560 3033; x_wconf 90' lang='lat' dir='ltr'><strong>munus</strong></span> 
     </span>
    </p>
   </div>
   <div class='ocr_carea' id='block_1_91' title="bbox 1985 3070 3560 3153">
    <p class='ocr_par' dir='ltr' id='par_1_91' title="bbox 1985 3070 3560 3153">
     <span class='ocr_line' id='line_1_91' title="bbox 1985 3070 3560 3153; baseline -0.014 -11"><span class='ocrx_word' id='word_1_751' title='bbox 1985 3089 2197 3142; x_wconf 87' lang='lat' dir='ltr'><strong>oll&#39;crre.</strong></span> <span class='ocrx_word' id='word_1_752' title='bbox 2226 3085 2374 3153; x_wconf 77' lang='lat' dir='ltr'><strong>Quod</strong></span> <span class='ocrx_word' id='word_1_753' title='bbox 2418 3085 2461 3137; x_wconf 92' lang='lat' dir='ltr'><strong>si</strong></span> <span class='ocrx_word' id='word_1_754' title='bbox 2500 3083 2790 3150; x_wconf 85' lang='lat' dir='ltr'><strong>accipiatur</strong></span> <span class='ocrx_word' id='word_1_755' title='bbox 2829 3077 2893 3130; x_wconf 90' lang='lat' dir='ltr'><strong>ad</strong></span> <span class='ocrx_word' id='word_1_756' title='bbox 2920 3077 3146 3128; x_wconf 90' lang='lat' dir='ltr'><strong>litteram</strong></span> <span class='ocrx_word' id='word_1_757' title='bbox 3164 3114 3178 3136; x_wconf 94' lang='lat'><strong>,</strong></span> <span class='ocrx_word' id='word_1_758' title='bbox 3207 3072 3443 3125; x_wconf 83' lang='lat' dir='ltr'><strong>fortassis</strong></span> <span class='ocrx_word' id='word_1_759' title='bbox 3465 3070 3560 3121; x_wconf 91' lang='lat' dir='ltr'><strong>ali-</strong></span> 
     </span>
    </p>
   </div>
   <div class='ocr_carea' id='block_1_92' title="bbox 1985 3161 3557 3247">
    <p class='ocr_par' dir='ltr' id='par_1_92' title="bbox 1985 3161 3557 3247">
     <span class='ocr_line' id='line_1_92' title="bbox 1985 3161 3557 3247; baseline -0.013 -14"><span class='ocrx_word' id='word_1_760' title='bbox 1985 3179 2104 3247; x_wconf 88' lang='lat' dir='ltr'><strong>quis</strong></span> <span class='ocrx_word' id='word_1_761' title='bbox 2131 3177 2313 3231; x_wconf 87' lang='lat' dir='ltr'><strong>credat</strong></span> <span class='ocrx_word' id='word_1_762' title='bbox 2338 3176 2406 3228; x_wconf 92' lang='lat' dir='ltr'><strong>ita</strong></span> <span class='ocrx_word' id='word_1_763' title='bbox 2439 3175 2550 3228; x_wconf 86' lang='lat' dir='ltr'><strong>fieri</strong></span> <span class='ocrx_word' id='word_1_764' title='bbox 2585 3181 2864 3241; x_wconf 83' lang='lat' dir='ltr'><strong>oportere,</strong></span> <span class='ocrx_word' id='word_1_765' title='bbox 2905 3167 2948 3220; x_wconf 91' lang='lat' dir='ltr'><strong>si</strong></span> <span class='ocrx_word' id='word_1_766' title='bbox 2988 3175 3221 3234; x_wconf 64' lang='lat' dir='ltr'><strong>praesens</strong></span> <span class='ocrx_word' id='word_1_767' title='bbox 3259 3161 3420 3215; x_wconf 83' lang='lat' dir='ltr'><strong>frater</strong></span> <span class='ocrx_word' id='word_1_768' title='bbox 3462 3167 3557 3221; x_wconf 78' lang='lat' dir='ltr'><strong>su,</strong></span> 
     </span>
    </p>
   </div>
   <div class='ocr_carea' id='block_1_93' title="bbox 1988 3259 3562 3331">
    <p class='ocr_par' dir='ltr' id='par_1_93' title="bbox 1988 3259 3562 3331">
     <span class='ocr_line' id='line_1_93' title="bbox 1988 3259 3562 3331; baseline -0.015 -8"><span class='ocrx_word' id='word_1_769' title='bbox 1988 3285 2092 3323; x_wconf 84' lang='lat' dir='ltr'><strong>non</strong></span> <span class='ocrx_word' id='word_1_770' title='bbox 2116 3269 2255 3323; x_wconf 92' lang='lat' dir='ltr'><strong>enim</strong></span> <span class='ocrx_word' id='word_1_771' title='bbox 2277 3267 2470 3321; x_wconf 84' lang='lat' dir='ltr'><strong>diutius</strong></span> <span class='ocrx_word' id='word_1_772' title='bbox 2497 3263 2696 3317; x_wconf 76' lang='lat' dir='ltr'><strong>diﬁ‘erri</strong></span> <span class='ocrx_word' id='word_1_773' title='bbox 2720 3265 2914 3331; x_wconf 69' lang='lat' dir='ltr'><strong>potest,</strong></span> <span class='ocrx_word' id='word_1_774' title='bbox 2937 3272 3055 3308; x_wconf 86' lang='lat' dir='ltr'><strong>cum</strong></span> <span class='ocrx_word' id='word_1_775' title='bbox 3084 3267 3274 3306; x_wconf 90' lang='lat' dir='ltr'><strong>munus</strong></span> <span class='ocrx_word' id='word_1_776' title='bbox 3298 3259 3443 3303; x_wconf 85' lang='lat' dir='ltr'><strong>tuum</strong></span> <span class='ocrx_word' id='word_1_777' title='bbox 3475 3265 3532 3301; x_wconf 83' lang='lat' dir='ltr'><strong>re</strong></span> <span class='ocrx_word' id='word_1_778' title='bbox 3556 3276 3562 3285; x_wconf 96' lang='lat'><strong><em>-</em></strong></span> 
     </span>
    </p>
   </div>
   <div class='ocr_carea' id='block_1_94' title="bbox 1990 3341 3560 3427">
    <p class='ocr_par' dir='ltr' id='par_1_94' title="bbox 1990 3341 3560 3427">
     <span class='ocr_line' id='line_1_94' title="bbox 1990 3341 3560 3427; baseline -0.008 -16"><span class='ocrx_word' id='word_1_779' title='bbox 1990 3359 2227 3427; x_wconf 89' lang='lat' dir='ltr'><strong>linquere</strong></span> <span class='ocrx_word' id='word_1_780' title='bbox 2252 3366 2372 3410; x_wconf 83' lang='lat' dir='ltr'><strong>ante</strong></span> <span class='ocrx_word' id='word_1_781' title='bbox 2397 3357 2564 3408; x_wconf 89' lang='lat' dir='ltr'><strong>altare</strong></span> <span class='ocrx_word' id='word_1_782' title='bbox 2587 3353 2821 3422; x_wconf 84' lang='lat' dir='ltr'><strong>juhcaris</strong></span> <span class='ocrx_word' id='word_1_783' title='bbox 2849 3369 2861 3403; x_wconf 88' lang='lat'>:</span> <span class='ocrx_word' id='word_1_784' title='bbox 2891 3351 2933 3406; x_wconf 91' lang='lat' dir='ltr'><strong>si</strong></span> <span class='ocrx_word' id='word_1_785' title='bbox 2964 3361 3092 3420; x_wconf 80' lang='lat' dir='ltr'><strong>ergo</strong></span> <span class='ocrx_word' id='word_1_786' title='bbox 3120 3342 3186 3403; x_wconf 85' lang='lat' dir='ltr'><strong>de</strong></span> <span class='ocrx_word' id='word_1_787' title='bbox 3214 3341 3452 3407; x_wconf 69' lang='lat' dir='ltr'><strong>absente.</strong></span> <span class='ocrx_word' id='word_1_788' title='bbox 3487 3345 3560 3406; x_wconf 76' lang='lat' dir='ltr'><strong>et,</strong></span> 
     </span>
    </p>
   </div>
   <div class='ocr_carea' id='block_1_95' title="bbox 1989 3435 3561 3516">
    <p class='ocr_par' dir='ltr' id='par_1_95' title="bbox 1989 3435 3561 3516">
     <span class='ocr_line' id='line_1_95' title="bbox 1989 3435 3561 3516; baseline -0.007 -16"><span class='ocrx_word' id='word_1_789' title='bbox 1989 3447 2128 3516; x_wconf 85' lang='lat' dir='ltr'><strong>quod</strong></span> <span class='ocrx_word' id='word_1_790' title='bbox 2161 3448 2271 3500; x_wconf 84' lang='lat' dir='ltr'><strong>ﬁeri</strong></span> <span class='ocrx_word' id='word_1_791' title='bbox 2305 3455 2496 3514; x_wconf 82' lang='lat' dir='ltr'><strong>potest,</strong></span> <span class='ocrx_word' id='word_1_792' title='bbox 2530 3444 2686 3497; x_wconf 88' lang='lat' dir='ltr'><strong>etiam</strong></span> <span class='ocrx_word' id='word_1_793' title='bbox 2719 3451 2861 3495; x_wconf 91' lang='lat' dir='ltr'><strong>trans</strong></span> <span class='ocrx_word' id='word_1_794' title='bbox 2891 3456 3037 3492; x_wconf 86' lang='lat' dir='ltr'><strong>mare</strong></span> <span class='ocrx_word' id='word_1_795' title='bbox 3057 3440 3343 3494; x_wconf 89' lang='lat' dir='ltr'><strong>constituto</strong></span> <span class='ocrx_word' id='word_1_796' title='bbox 3365 3435 3561 3504; x_wconf 84' lang='lat' dir='ltr'><strong>aliquid</strong></span> 
     </span>
    </p>
   </div>
   <div class='ocr_carea' id='block_1_96' title="bbox 1993 3525 3565 3598">
    <p class='ocr_par' dir='ltr' id='par_1_96' title="bbox 1993 3525 3565 3598">
     <span class='ocr_line' id='line_1_96' title="bbox 1993 3525 3565 3598; baseline -0.009 -7"><span class='ocrx_word' id='word_1_797' title='bbox 1993 3539 2097 3592; x_wconf 85' lang='lat' dir='ltr'><strong>tale</strong></span> <span class='ocrx_word' id='word_1_798' title='bbox 2125 3537 2299 3590; x_wconf 85' lang='lat' dir='ltr'><strong>veniat</strong></span> <span class='ocrx_word' id='word_1_799' title='bbox 2327 3537 2378 3589; x_wconf 91' lang='lat' dir='ltr'><strong>in</strong></span> <span class='ocrx_word' id='word_1_800' title='bbox 2409 3542 2665 3598; x_wconf 87' lang='lat' dir='ltr'><strong>mentem,</strong></span> <span class='ocrx_word' id='word_1_801' title='bbox 2687 3530 2973 3586; x_wconf 85' lang='lat' dir='ltr'><strong>absurdum</strong></span> <span class='ocrx_word' id='word_1_802' title='bbox 2995 3539 3079 3585; x_wconf 90' lang='lat' dir='ltr'><strong>cst</strong></span> <span class='ocrx_word' id='word_1_803' title='bbox 3098 3529 3315 3583; x_wconf 90' lang='lat' dir='ltr'><strong>credere</strong></span> <span class='ocrx_word' id='word_1_804' title='bbox 3343 3536 3464 3580; x_wconf 91' lang='lat' dir='ltr'><strong>ante</strong></span> <span class='ocrx_word' id='word_1_805' title='bbox 3489 3525 3565 3578; x_wconf 76' lang='lat' dir='ltr'><strong>al-</strong></span> 
     </span>
    </p>
   </div>
   <div class='ocr_carea' id='block_1_97' title="bbox 1995 3616 3565 3695">
    <p class='ocr_par' dir='ltr' id='par_1_97' title="bbox 1995 3616 3565 3695">
     <span class='ocr_line' id='line_1_97' title="bbox 1995 3616 3565 3695; baseline -0.008 -12"><span class='ocrx_word' id='word_1_806' title='bbox 1995 3641 2106 3684; x_wconf 91' lang='lat' dir='ltr'><strong>tare</strong></span> <span class='ocrx_word' id='word_1_807' title='bbox 2137 3643 2326 3683; x_wconf 89' lang='lat' dir='ltr'><strong>munus</strong></span> <span class='ocrx_word' id='word_1_808' title='bbox 2355 3625 2782 3695; x_wconf 84' lang='lat' dir='ltr'><strong>relinquemlum,</strong></span> <span class='ocrx_word' id='word_1_809' title='bbox 2809 3621 2946 3691; x_wconf 92' lang='lat' dir='ltr'><strong>quod</strong></span> <span class='ocrx_word' id='word_1_810' title='bbox 2977 3633 3094 3688; x_wconf 80' lang='lat' dir='ltr'><strong>post</strong></span> <span class='ocrx_word' id='word_1_811' title='bbox 3125 3630 3295 3674; x_wconf 89' lang='lat' dir='ltr'><strong>terras</strong></span> <span class='ocrx_word' id='word_1_812' title='bbox 3319 3626 3371 3672; x_wconf 92' lang='lat' dir='ltr'><strong>et</strong></span> <span class='ocrx_word' id='word_1_813' title='bbox 3399 3616 3565 3671; x_wconf 85' lang='lat' dir='ltr'><strong>maria</strong></span> 
     </span>
    </p>
   </div>
   <div class='ocr_carea' id='block_1_98' title="bbox 1993 3705 3567 3789">
    <p class='ocr_par' dir='ltr' id='par_1_98' title="bbox 1993 3705 3567 3789">
     <span class='ocr_line' id='line_1_98' title="bbox 1993 3705 3567 3789; baseline -0.01 -16"><span class='ocrx_word' id='word_1_814' title='bbox 1993 3707 2259 3789; x_wconf 82' lang='lat' dir='ltr'><strong>pererrata</strong></span> <span class='ocrx_word' id='word_1_815' title='bbox 2288 3716 2478 3770; x_wconf 81' lang='lat' dir='ltr'><strong>oﬁ‘eras</strong></span> <span class='ocrx_word' id='word_1_816' title='bbox 2504 3715 2629 3768; x_wconf 85' lang='lat' dir='ltr'><strong>Deo.</strong></span> <span class='ocrx_word' id='word_1_817' title='bbox 2660 3713 2725 3766; x_wconf 87' lang='lat' dir='ltr'><strong>Et</strong></span> <span class='ocrx_word' id='word_1_818' title='bbox 2755 3712 2873 3765; x_wconf 85' lang='lat' dir='ltr'><strong>ideo</strong></span> <span class='ocrx_word' id='word_1_819' title='bbox 2902 3723 3122 3779; x_wconf 77' lang='lat' dir='ltr'><strong>prorsus</strong></span> <span class='ocrx_word' id='word_1_820' title='bbox 3159 3709 3295 3761; x_wconf 91' lang='lat' dir='ltr'><strong>intro</strong></span> <span class='ocrx_word' id='word_1_821' title='bbox 3319 3706 3383 3758; x_wconf 86' lang='lat' dir='ltr'><strong>ad</strong></span> <span class='ocrx_word' id='word_1_822' title='bbox 3412 3705 3567 3774; x_wconf 87' lang='lat' dir='ltr'><strong>spiri—</strong></span> 
     </span>
    </p>
   </div>
   <div class='ocr_carea' id='block_1_99' title="bbox 1996 3795 3568 3874">
    <p class='ocr_par' dir='ltr' id='par_1_99' title="bbox 1996 3795 3568 3874">
     <span class='ocr_line' id='line_1_99' title="bbox 1996 3795 3568 3874; baseline -0.009 -11"><span class='ocrx_word' id='word_1_823' title='bbox 1996 3809 2154 3863; x_wconf 89' lang='lat' dir='ltr'><strong>tualia</strong></span> <span class='ocrx_word' id='word_1_824' title='bbox 2183 3806 2428 3874; x_wconf 88' lang='lat' dir='ltr'><strong>refugere</strong></span> <span class='ocrx_word' id='word_1_825' title='bbox 2456 3805 2714 3872; x_wconf 83' lang='lat' dir='ltr'><strong>cogimur,</strong></span> <span class='ocrx_word' id='word_1_826' title='bbox 2741 3811 2801 3856; x_wconf 93' lang='lat' dir='ltr'><strong>ut</strong></span> <span class='ocrx_word' id='word_1_827' title='bbox 2826 3801 2926 3854; x_wconf 92' lang='lat' dir='ltr'><strong>hoc</strong></span> <span class='ocrx_word' id='word_1_828' title='bbox 2953 3801 3094 3869; x_wconf 83' lang='lat' dir='ltr'><strong>quod</strong></span> <span class='ocrx_word' id='word_1_829' title='bbox 3124 3798 3320 3854; x_wconf 90' lang='lat' dir='ltr'><strong>dictum</strong></span> <span class='ocrx_word' id='word_1_830' title='bbox 3342 3805 3423 3852; x_wconf 91' lang='lat' dir='ltr'><strong>est</strong></span> <span class='ocrx_word' id='word_1_831' title='bbox 3452 3795 3568 3849; x_wconf 87' lang='lat' dir='ltr'><strong>sine</strong></span> 
     </span>
    </p>
   </div>
   <div class='ocr_carea' id='block_1_100' title="bbox 1994 3880 3442 3964">
    <p class='ocr_par' dir='ltr' id='par_1_100' title="bbox 1994 3880 3442 3964">
     <span class='ocr_line' id='line_1_100' title="bbox 1994 3880 3442 3964; baseline -0.011 -12"><span class='ocrx_word' id='word_1_832' title='bbox 1994 3897 2316 3952; x_wconf 88' lang='lat' dir='ltr'><strong>absurditate</strong></span> <span class='ocrx_word' id='word_1_833' title='bbox 2344 3894 2507 3964; x_wconf 90' lang='lat' dir='ltr'><strong>possit</strong></span> <span class='ocrx_word' id='word_1_834' title='bbox 2533 3892 2770 3961; x_wconf 88' lang='lat' dir='ltr'><strong>intelligi.</strong></span> <span class='ocrx_word' id='word_1_835' title='bbox 3434 3880 3442 3887; x_wconf 86' lang='grc'><em>’</em></span> 
     </span>
    </p>
   </div>
   <div class='ocr_carea' id='block_1_101' title="bbox 2064 3975 3568 4053">
    <p class='ocr_par' dir='ltr' id='par_1_101' title="bbox 2064 3975 3568 4053">
     <span class='ocr_line' id='line_1_101' title="bbox 2064 3975 3568 4053; baseline -0.011 -9"><span class='ocrx_word' id='word_1_836' title='bbox 2064 3990 2153 4044; x_wconf 70' lang='grc' dir='ltr'><strong>ἳἹ.</strong></span> <span class='ocrx_word' id='word_1_837' title='bbox 2213 3988 2392 4042; x_wconf 87' lang='lat' dir='ltr'><strong>Altarc</strong></span> <span class='ocrx_word' id='word_1_838' title='bbox 2447 3985 2622 4053; x_wconf 89' lang='lat' dir='ltr'><strong>itaque</strong></span> <span class='ocrx_word' id='word_1_839' title='bbox 2667 3981 3011 4053; x_wconf 80' lang='lat' dir='ltr'><strong>spiritualiter</strong></span> <span class='ocrx_word' id='word_1_840' title='bbox 3057 3980 3118 4043; x_wconf 84' lang='lat' dir='ltr'><strong>in</strong></span> <span class='ocrx_word' id='word_1_841' title='bbox 3177 3978 3425 4032; x_wconf 91' lang='lat' dir='ltr'><strong>interiore</strong></span> <span class='ocrx_word' id='word_1_842' title='bbox 3473 3975 3568 4028; x_wconf 91' lang='lat' dir='ltr'><strong>Dei</strong></span> 
     </span>
    </p>
   </div>
   <div class='ocr_carea' id='block_1_102' title="bbox 1999 4067 3568 4152">
    <p class='ocr_par' dir='ltr' id='par_1_102' title="bbox 1999 4067 3568 4152">
     <span class='ocr_line' id='line_1_102' title="bbox 1999 4067 3568 4152; baseline -0.014 -13"><span class='ocrx_word' id='word_1_843' title='bbox 1999 4083 2196 4152; x_wconf 89' lang='lat' dir='ltr'><strong>templo</strong></span> <span class='ocrx_word' id='word_1_844' title='bbox 2220 4081 2384 4148; x_wconf 87' lang='lat' dir='ltr'><strong>ipsam</strong></span> <span class='ocrx_word' id='word_1_845' title='bbox 2428 4078 2581 4131; x_wconf 86' lang='lat' dir='ltr'><strong>ﬁdem</strong></span> <span class='ocrx_word' id='word_1_846' title='bbox 2629 4075 2866 4143; x_wconf 80' lang='lat' dir='ltr'><strong>accipere</strong></span> <span class='ocrx_word' id='word_1_847' title='bbox 2919 4087 3231 4140; x_wconf 87' lang='lat' dir='ltr'><strong>possumus,</strong></span> <span class='ocrx_word' id='word_1_848' title='bbox 3262 4069 3412 4137; x_wconf 90' lang='lat' dir='ltr'><strong>cujus</strong></span> <span class='ocrx_word' id='word_1_849' title='bbox 3459 4067 3568 4134; x_wconf 83' lang='lat' dir='ltr'><strong>sig-</strong></span> 
     </span>
    </p>
   </div>
   <div class='ocr_carea' id='block_1_103' title="bbox 1998 4155 3571 4230">
    <p class='ocr_par' dir='ltr' id='par_1_103' title="bbox 1998 4155 3571 4230">
     <span class='ocr_line' id='line_1_103' title="bbox 1998 4155 3571 4230; baseline -0.013 -2"><span class='ocrx_word' id='word_1_850' title='bbox 1998 4191 2121 4228; x_wconf 91' lang='grc' dir='ltr'>ιιιιιιι</span> <span class='ocrx_word' id='word_1_851' title='bbox 2160 4181 2242 4228; x_wconf 88' lang='lat' dir='ltr'><strong>est</strong></span> <span class='ocrx_word' id='word_1_852' title='bbox 2281 4172 2448 4224; x_wconf 90' lang='lat' dir='ltr'><strong>altare</strong></span> <span class='ocrx_word' id='word_1_853' title='bbox 2480 4167 2700 4220; x_wconf 88' lang='lat' dir='ltr'><strong>visihilc.</strong></span> <span class='ocrx_word' id='word_1_854' title='bbox 2743 4162 3022 4230; x_wconf 84' lang='lat' dir='ltr'><strong>Quodlibet</strong></span> <span class='ocrx_word' id='word_1_855' title='bbox 3064 4163 3202 4215; x_wconf 88' lang='lat' dir='ltr'><strong>enim</strong></span> <span class='ocrx_word' id='word_1_856' title='bbox 3247 4173 3439 4211; x_wconf 86' lang='lat' dir='ltr'><strong>munus</strong></span> <span class='ocrx_word' id='word_1_857' title='bbox 3489 4155 3571 4208; x_wconf 90' lang='lat' dir='ltr'><strong>of-</strong></span> 
     </span>
    </p>
   </div>
   <div class='ocr_carea' id='block_1_104' title="bbox 2000 4245 3569 4323">
    <p class='ocr_par' dir='ltr' id='par_1_104' title="bbox 2000 4245 3569 4323">
     <span class='ocr_line' id='line_1_104' title="bbox 2000 4245 3569 4323; baseline -0.012 -6"><span class='ocrx_word' id='word_1_858' title='bbox 2000 4264 2216 4318; x_wconf 88' lang='lat' dir='ltr'><strong>ferimus</strong></span> <span class='ocrx_word' id='word_1_859' title='bbox 2244 4261 2374 4320; x_wconf 89' lang='lat' dir='ltr'><strong>Deo,</strong></span> <span class='ocrx_word' id='word_1_860' title='bbox 2402 4258 2512 4310; x_wconf 82' lang='lat' dir='ltr'><strong>sive</strong></span> <span class='ocrx_word' id='word_1_861' title='bbox 2538 4255 2896 4323; x_wconf 85' lang='lat' dir='ltr'><strong>prophetiam,</strong></span> <span class='ocrx_word' id='word_1_862' title='bbox 2926 4251 3037 4305; x_wconf 78' lang='lat' dir='ltr'><strong>sive</strong></span> <span class='ocrx_word' id='word_1_863' title='bbox 3074 4249 3367 4304; x_wconf 85' lang='lat' dir='ltr'><strong>doctrinam</strong></span> <span class='ocrx_word' id='word_1_864' title='bbox 3389 4287 3404 4311; x_wconf 92' lang='lat'><strong>,</strong></span> <span class='ocrx_word' id='word_1_865' title='bbox 3456 4245 3569 4300; x_wconf 86' lang='lat' dir='ltr'><strong>sive</strong></span> 
     </span>
    </p>
   </div>
   <div class='ocr_carea' id='block_1_105' title="bbox 2000 4335 3569 4414">
    <p class='ocr_par' dir='ltr' id='par_1_105' title="bbox 2000 4335 3569 4414">
     <span class='ocr_line' id='line_1_105' title="bbox 2000 4335 3569 4414; baseline -0.011 -7"><span class='ocrx_word' id='word_1_866' title='bbox 2000 4354 2292 4407; x_wconf 92' lang='lat' dir='ltr'><strong>orationem</strong></span> <span class='ocrx_word' id='word_1_867' title='bbox 2315 4391 2330 4414; x_wconf 92' lang='lat'><strong>,</strong></span> <span class='ocrx_word' id='word_1_868' title='bbox 2359 4349 2469 4402; x_wconf 85' lang='lat' dir='ltr'><strong>sive</strong></span> <span class='ocrx_word' id='word_1_869' title='bbox 2494 4348 2744 4413; x_wconf 79' lang='lat' dir='ltr'><strong>hymnum</strong></span> <span class='ocrx_word' id='word_1_870' title='bbox 2765 4383 2780 4409; x_wconf 97' lang='lat'><strong>,</strong></span> <span class='ocrx_word' id='word_1_871' title='bbox 2813 4342 2928 4396; x_wconf 77' lang='lat' dir='ltr'><strong>sive</strong></span> <span class='ocrx_word' id='word_1_872' title='bbox 2952 4341 3204 4409; x_wconf 85' lang='lat' dir='ltr'><strong>psalmum</strong></span> <span class='ocrx_word' id='word_1_873' title='bbox 3237 4378 3252 4401; x_wconf 88' lang='lat'><strong>,</strong></span> <span class='ocrx_word' id='word_1_874' title='bbox 3283 4346 3334 4391; x_wconf 93' lang='lat' dir='ltr'><strong>et</strong></span> <span class='ocrx_word' id='word_1_875' title='bbox 3362 4338 3404 4389; x_wconf 92' lang='lat' dir='ltr'><strong>si</strong></span> <span class='ocrx_word' id='word_1_876' title='bbox 3443 4335 3569 4405; x_wconf 89' lang='lat' dir='ltr'><strong>quid</strong></span> 
     </span>
    </p>
   </div>
   <div class='ocr_carea' id='block_1_106' title="bbox 2003 4428 3571 4506">
    <p class='ocr_par' dir='ltr' id='par_1_106' title="bbox 2003 4428 3571 4506">
     <span class='ocr_line' id='line_1_106' title="bbox 2003 4428 3571 4506; baseline -0.01 -10"><span class='ocrx_word' id='word_1_877' title='bbox 2003 4444 2104 4496; x_wconf 88' lang='lat' dir='ltr'><strong>tale</strong></span> <span class='ocrx_word' id='word_1_878' title='bbox 2131 4439 2273 4495; x_wconf 87' lang='lat' dir='ltr'><strong>aliud</strong></span> <span class='ocrx_word' id='word_1_879' title='bbox 2300 4435 2652 4506; x_wconf 88' lang='lat' dir='ltr'><strong>spiritualium</strong></span> <span class='ocrx_word' id='word_1_880' title='bbox 2693 4433 2953 4486; x_wconf 88' lang='lat' dir='ltr'><strong>donorum</strong></span> <span class='ocrx_word' id='word_1_881' title='bbox 2981 4428 3156 4482; x_wconf 88' lang='lat' dir='ltr'><strong>animo</strong></span> <span class='ocrx_word' id='word_1_882' title='bbox 3193 4428 3443 4491; x_wconf 89' lang='lat' dir='ltr'><strong>occurrit,</strong></span> <span class='ocrx_word' id='word_1_883' title='bbox 3479 4441 3571 4480; x_wconf 85' lang='lat' dir='ltr'><strong>ac-</strong></span> 
     </span>
    </p>
   </div>
   <div class='ocr_carea' id='block_1_107' title="bbox 2002 4514 3570 4598">
    <p class='ocr_par' dir='ltr' id='par_1_107' title="bbox 2002 4514 3570 4598">
     <span class='ocr_line' id='line_1_107' title="bbox 2002 4514 3570 4598; baseline -0.011 -12"><span class='ocrx_word' id='word_1_884' title='bbox 2002 4540 2211 4598; x_wconf 87' lang='lat' dir='ltr'><strong>ceptum</strong></span> <span class='ocrx_word' id='word_1_885' title='bbox 2235 4543 2353 4582; x_wconf 90' lang='lat' dir='ltr'><strong>esse</strong></span> <span class='ocrx_word' id='word_1_886' title='bbox 2379 4540 2483 4579; x_wconf 92' lang='lat' dir='ltr'><strong>non</strong></span> <span class='ocrx_word' id='word_1_887' title='bbox 2512 4531 2685 4594; x_wconf 86' lang='lat' dir='ltr'><strong>potest</strong></span> <span class='ocrx_word' id='word_1_888' title='bbox 2716 4522 2844 4583; x_wconf 90' lang='lat' dir='ltr'><strong>Deo,</strong></span> <span class='ocrx_word' id='word_1_889' title='bbox 2872 4521 2970 4573; x_wconf 84' lang='lat' dir='ltr'><strong>nisi</strong></span> <span class='ocrx_word' id='word_1_890' title='bbox 3002 4518 3118 4572; x_wconf 90' lang='lat' dir='ltr'><strong>ﬁdei</strong></span> <span class='ocrx_word' id='word_1_891' title='bbox 3145 4516 3446 4570; x_wconf 89' lang='lat' dir='ltr'><strong>sinceritate</strong></span> <span class='ocrx_word' id='word_1_892' title='bbox 3470 4514 3570 4568; x_wconf 86' lang='lat' dir='ltr'><strong>ful-</strong></span> 
     </span>
    </p>
   </div>
   <div class='ocr_carea' id='block_1_108' title="bbox 2001 4607 3545 4686">
    <p class='ocr_par' dir='ltr' id='par_1_108' title="bbox 2001 4607 3545 4686">
     <span class='ocr_line' id='line_1_108' title="bbox 2001 4607 3545 4686; baseline -0.01 -10"><span class='ocrx_word' id='word_1_893' title='bbox 2001 4623 2194 4686; x_wconf 89' lang='lat' dir='ltr'><strong>ciatttr,</strong></span> <span class='ocrx_word' id='word_1_894' title='bbox 2247 4628 2302 4673; x_wconf 93' lang='lat' dir='ltr'><strong>ct</strong></span> <span class='ocrx_word' id='word_1_895' title='bbox 2343 4617 2390 4671; x_wconf 91' lang='lat' dir='ltr'><strong>ei</strong></span> <span class='ocrx_word' id='word_1_896' title='bbox 2438 4615 2539 4669; x_wconf 79' lang='lat' dir='ltr'><strong>ﬁxe</strong></span> <span class='ocrx_word' id='word_1_897' title='bbox 2577 4624 2734 4683; x_wconf 90' lang='lat' dir='ltr'><strong>atque</strong></span> <span class='ocrx_word' id='word_1_898' title='bbox 2778 4611 3115 4666; x_wconf 87' lang='lat' dir='ltr'><strong>immobiliter</strong></span> <span class='ocrx_word' id='word_1_899' title='bbox 3161 4609 3444 4678; x_wconf 77' lang='lat' dir='ltr'><strong>tanquant’</strong></span> <span class='ocrx_word' id='word_1_900' title='bbox 3474 4607 3545 4660; x_wconf 89' lang='lat' dir='ltr'><strong>im</strong></span> 
     </span>
    </p>
   </div>
   <div class='ocr_carea' id='block_1_109' title="bbox 1999 4699 3573 4784">
    <p class='ocr_par' dir='ltr' id='par_1_109' title="bbox 1999 4699 3573 4784">
     <span class='ocr_line' id='line_1_109' title="bbox 1999 4699 3573 4784; baseline -0.008 -21"><span class='ocrx_word' id='word_1_901' title='bbox 1999 4720 2246 4784; x_wconf 87' lang='lat' dir='ltr'><strong>ponatur,</strong></span> <span class='ocrx_word' id='word_1_902' title='bbox 2294 4718 2354 4762; x_wconf 91' lang='lat' dir='ltr'><strong>ut</strong></span> <span class='ocrx_word' id='word_1_903' title='bbox 2402 4706 2567 4776; x_wconf 92' lang='lat' dir='ltr'><strong>possit</strong></span> <span class='ocrx_word' id='word_1_904' title='bbox 2616 4705 2878 4773; x_wconf 89' lang='lat' dir='ltr'><strong>integrum</strong></span> <span class='ocrx_word' id='word_1_905' title='bbox 2931 4711 3087 4770; x_wconf 91' lang='lat' dir='ltr'><strong>atque</strong></span> <span class='ocrx_word' id='word_1_906' title='bbox 3136 4699 3394 4752; x_wconf 88' lang='lat' dir='ltr'><strong>illibatum</strong></span> <span class='ocrx_word' id='word_1_907' title='bbox 3451 4712 3573 4750; x_wconf 91' lang='lat' dir='ltr'><strong>esse</strong></span> 
     </span>
    </p>
   </div>
   <div class='ocr_carea' id='block_1_110' title="bbox 2001 4787 3571 4874">
    <p class='ocr_par' dir='ltr' id='par_1_110' title="bbox 2001 4787 3571 4874">
     <span class='ocr_line' id='line_1_110' title="bbox 2001 4787 3571 4874; baseline -0.011 -16"><span class='ocrx_word' id='word_1_908' title='bbox 2001 4803 2142 4874; x_wconf 87' lang='lat' dir='ltr'><strong>quod</strong></span> <span class='ocrx_word' id='word_1_909' title='bbox 2187 4801 2471 4870; x_wconf 88' lang='lat' dir='ltr'><strong>loquimur.</strong></span> <span class='ocrx_word' id='word_1_910' title='bbox 2517 4797 2646 4850; x_wconf 87' lang='lat' dir='ltr'><strong>Nam</strong></span> <span class='ocrx_word' id='word_1_911' title='bbox 2698 4793 2846 4847; x_wconf 89' lang='lat' dir='ltr'><strong>multi</strong></span> <span class='ocrx_word' id='word_1_912' title='bbox 2888 4791 3116 4845; x_wconf 66' lang='lat' dir='ltr'><strong>haeretici</strong></span> <span class='ocrx_word' id='word_1_913' title='bbox 3158 4805 3262 4843; x_wconf 91' lang='lat' dir='ltr'><strong>non</strong></span> <span class='ocrx_word' id='word_1_914' title='bbox 3317 4787 3571 4841; x_wconf 82' lang='lat' dir='ltr'><strong>habentes</strong></span> 
     </span>
    </p>
   </div>
   <div class='ocr_carea' id='block_1_111' title="bbox 2001 4875 3573 4955">
    <p class='ocr_par' dir='ltr' id='par_1_111' title="bbox 2001 4875 3573 4955">
     <span class='ocr_line' id='line_1_111' title="bbox 2001 4875 3573 4955; baseline -0.011 -9"><span class='ocrx_word' id='word_1_915' title='bbox 2001 4895 2166 4946; x_wconf 91' lang='lat' dir='ltr'><strong>altare</strong></span> <span class='ocrx_word' id='word_1_916' title='bbox 2192 4933 2208 4955; x_wconf 93' lang='lat'><strong>,</strong></span> <span class='ocrx_word' id='word_1_917' title='bbox 2250 4890 2301 4943; x_wconf 92' lang='lat' dir='ltr'><strong>id</strong></span> <span class='ocrx_word' id='word_1_918' title='bbox 2341 4897 2424 4942; x_wconf 90' lang='lat' dir='ltr'><strong>est</strong></span> <span class='ocrx_word' id='word_1_919' title='bbox 2465 4902 2646 4941; x_wconf 90' lang='lat' dir='ltr'><strong>veram</strong></span> <span class='ocrx_word' id='word_1_920' title='bbox 2675 4883 2870 4948; x_wconf 91' lang='lat' dir='ltr'><strong>ﬁdem,</strong></span> <span class='ocrx_word' id='word_1_921' title='bbox 2919 4879 3270 4948; x_wconf 87' lang='lat' dir='ltr'><strong>blasphemias</strong></span> <span class='ocrx_word' id='word_1_922' title='bbox 3299 4892 3393 4946; x_wconf 91' lang='lat' dir='ltr'><strong>pro</strong></span> <span class='ocrx_word' id='word_1_923' title='bbox 3416 4875 3573 4928; x_wconf 90' lang='lat' dir='ltr'><strong>laude</strong></span> 
     </span>
    </p>
   </div>
   <div class='ocr_carea' id='block_1_112' title="bbox 2002 4965 3572 5046">
    <p class='ocr_par' dir='ltr' id='par_1_112' title="bbox 2002 4965 3572 5046">
     <span class='ocr_line' id='line_1_112' title="bbox 2002 4965 3572 5046; baseline -0.013 -8"><span class='ocrx_word' id='word_1_924' title='bbox 2002 4983 2285 5046; x_wconf 79' lang='lat' dir='ltr'><strong>dixerunt;</strong></span> <span class='ocrx_word' id='word_1_925' title='bbox 2329 4978 2553 5033; x_wconf 86' lang='lat' dir='ltr'><strong>terrenis</strong></span> <span class='ocrx_word' id='word_1_926' title='bbox 2590 4975 2836 5029; x_wconf 86' lang='lat' dir='ltr'><strong>videlicet</strong></span> <span class='ocrx_word' id='word_1_927' title='bbox 2880 4969 3242 5042; x_wconf 81' lang='lat' dir='ltr'><strong>opinionibus-</strong></span> <span class='ocrx_word' id='word_1_928' title='bbox 3269 4965 3532 5037; x_wconf 84' lang='lat' dir='ltr'><strong>aggravati</strong></span> <span class='ocrx_word' id='word_1_929' title='bbox 3557 5005 3572 5026; x_wconf 84' lang='lat'><strong>,</strong></span> 
     </span>
    </p>
   </div>
   <div class='ocr_carea' id='block_1_113' title="bbox 2001 5055 3572 5138">
    <p class='ocr_par' dir='ltr' id='par_1_113' title="bbox 2001 5055 3572 5138">
     <span class='ocr_line' id='line_1_113' title="bbox 2001 5055 3572 5138; baseline -0.012 -11"><span class='ocrx_word' id='word_1_930' title='bbox 2001 5085 2180 5127; x_wconf 84' lang='lat' dir='ltr'><strong>votum</strong></span> <span class='ocrx_word' id='word_1_931' title='bbox 2232 5087 2381 5125; x_wconf 87' lang='lat' dir='ltr'><strong>suum</strong></span> <span class='ocrx_word' id='word_1_932' title='bbox 2427 5079 2673 5138; x_wconf 89' lang='lat' dir='ltr'><strong>tanquam</strong></span> <span class='ocrx_word' id='word_1_933' title='bbox 2720 5066 2768 5117; x_wconf 91' lang='lat' dir='ltr'><strong>in</strong></span> <span class='ocrx_word' id='word_1_934' title='bbox 2819 5077 3012 5116; x_wconf 86' lang='lat' dir='ltr'><strong>terram</strong></span> <span class='ocrx_word' id='word_1_935' title='bbox 3065 5057 3417 5128; x_wconf 85' lang='lat' dir='ltr'><strong>projicicntes.</strong></span> <span class='ocrx_word' id='word_1_936' title='bbox 3468 5055 3572 5110; x_wconf 88' lang='lat' dir='ltr'><strong>Sed</strong></span> 
     </span>
    </p>
   </div>
   <div class='ocr_carea' id='block_1_114' title="bbox 2003 5151 3575 5222">
    <p class='ocr_par' dir='ltr' id='par_1_114' title="bbox 2003 5151 3575 5222">
     <span class='ocr_line' id='line_1_114' title="bbox 2003 5151 3575 5222; baseline -0.014 -1"><span class='ocrx_word' id='word_1_937' title='bbox 2003 5168 2160 5222; x_wconf 90' lang='lat' dir='ltr'><strong>debet</strong></span> <span class='ocrx_word' id='word_1_938' title='bbox 2186 5179 2304 5218; x_wconf 91' lang='lat' dir='ltr'><strong>esse</strong></span> <span class='ocrx_word' id='word_1_939' title='bbox 2329 5178 2455 5215; x_wconf 89' lang='lat' dir='ltr'><strong>sana</strong></span> <span class='ocrx_word' id='word_1_940' title='bbox 2482 5161 2638 5212; x_wconf 90' lang='lat' dir='ltr'><strong>etiam</strong></span> <span class='ocrx_word' id='word_1_941' title='bbox 2669 5153 2938 5210; x_wconf 79' lang='lat' dir='ltr'><strong>offerentis</strong></span> <span class='ocrx_word' id='word_1_942' title='bbox 2966 5152 3207 5206; x_wconf 91' lang='lat' dir='ltr'><strong>intentio.</strong></span> <span class='ocrx_word' id='word_1_943' title='bbox 3239 5151 3300 5202; x_wconf 80' lang='lat' dir='ltr'><strong>Et</strong></span> <span class='ocrx_word' id='word_1_944' title='bbox 3332 5157 3575 5217; x_wconf 81' lang='lat' dir='ltr'><strong>propter-</strong></span> 
     </span>
    </p>
   </div>
   <div class='ocr_carea' id='block_1_115' title="bbox 2005 5241 3574 5320">
    <p class='ocr_par' dir='ltr' id='par_1_115' title="bbox 2005 5241 3574 5320">
     <span class='ocr_line' id='line_1_115' title="bbox 2005 5241 3574 5320; baseline -0.018 -7"><span class='ocrx_word' id='word_1_945' title='bbox 2005 5275 2065 5314; x_wconf 89' lang='lat' dir='ltr'><strong>ea</strong></span> <span class='ocrx_word' id='word_1_946' title='bbox 2091 5273 2210 5311; x_wconf 89' lang='lat' dir='ltr'><strong>cum</strong></span> <span class='ocrx_word' id='word_1_947' title='bbox 2236 5255 2339 5308; x_wconf 81' lang='lat' dir='ltr'><strong>tale</strong></span> <span class='ocrx_word' id='word_1_948' title='bbox 2363 5250 2557 5320; x_wconf 80' lang='lat' dir='ltr'><strong>aliquid</strong></span> <span class='ocrx_word' id='word_1_949' title='bbox 2585 5246 2810 5302; x_wconf 87' lang='lat' dir='ltr'><strong>oblaturi</strong></span> <span class='ocrx_word' id='word_1_950' title='bbox 2858 5260 3040 5296; x_wconf 78' lang='lat' dir='ltr'><strong>sumus</strong></span> <span class='ocrx_word' id='word_1_951' title='bbox 3079 5243 3128 5294; x_wconf 84' lang='lat' dir='ltr'><strong>in</strong></span> <span class='ocrx_word' id='word_1_952' title='bbox 3155 5241 3314 5294; x_wconf 82' lang='lat' dir='ltr'><strong>corde</strong></span> <span class='ocrx_word' id='word_1_953' title='bbox 3355 5247 3537 5290; x_wconf 74' lang='lat' dir='ltr'><strong>nostri)</strong></span> <span class='ocrx_word' id='word_1_954' title='bbox 3558 5277 3574 5300; x_wconf 84' lang='lat'><strong>,</strong></span> 
     </span>
    </p>
   </div>
   <div class='ocr_carea' id='block_1_116' title="bbox 2005 5326 3575 5406">
    <p class='ocr_par' dir='ltr' id='par_1_116' title="bbox 2005 5326 3575 5406">
     <span class='ocr_line' id='line_1_116' title="bbox 2005 5326 3575 5406; baseline -0.017 -1"><span class='ocrx_word' id='word_1_955' title='bbox 2005 5350 2058 5405; x_wconf 92' lang='lat' dir='ltr'><strong>id</strong></span> <span class='ocrx_word' id='word_1_956' title='bbox 2097 5357 2181 5404; x_wconf 91' lang='lat' dir='ltr'><strong>est</strong></span> <span class='ocrx_word' id='word_1_957' title='bbox 2215 5347 2267 5401; x_wconf 86' lang='lat' dir='ltr'><strong>it:</strong></span> <span class='ocrx_word' id='word_1_958' title='bbox 2310 5344 2560 5399; x_wconf 89' lang='lat' dir='ltr'><strong>interiore</strong></span> <span class='ocrx_word' id='word_1_959' title='bbox 2600 5339 2692 5393; x_wconf 89' lang='lat' dir='ltr'><strong>Dei</strong></span> <span class='ocrx_word' id='word_1_960' title='bbox 2719 5337 2947 5406; x_wconf 85' lang='lat' dir='ltr'><strong>templo;</strong></span> <span class='ocrx_word' id='word_1_961' title='bbox 2989 5332 3255 5402; x_wconf 85' lang='lat' dir='ltr'><strong>Templum</strong></span> <span class='ocrx_word' id='word_1_962' title='bbox 3292 5330 3424 5383; x_wconf 86' lang='lat' dir='ltr'><strong>enim</strong></span> <span class='ocrx_word' id='word_1_963' title='bbox 3480 5326 3575 5380; x_wconf 77' lang='lat' dir='ltr'><strong>Dei</strong></span> 
     </span>
    </p>
   </div>
   <div class='ocr_carea' id='block_1_117' title="bbox 2005 5418 3575 5502">
    <p class='ocr_par' dir='ltr' id='par_1_117' title="bbox 2005 5418 3575 5502">
     <span class='ocr_line' id='line_1_117' title="bbox 2005 5418 3575 5502; baseline -0.015 -8"><span class='ocrx_word' id='word_1_964' title='bbox 2005 5448 2233 5495; x_wconf 81' lang='lat' dir='ltr'><strong>sanctum</strong></span> <span class='ocrx_word' id='word_1_965' title='bbox 2253 5445 2345 5498; x_wconf 87' lang='lat' dir='ltr'><strong>est,</strong></span> <span class='ocrx_word' id='word_1_966' title='bbox 2375 5432 2565 5502; x_wconf 88' lang='lat' dir='ltr'><strong>inquit,</strong></span> <span class='ocrx_word' id='word_1_967' title='bbox 2593 5427 2727 5502; x_wconf 81' lang='lat' dir='ltr'><strong>quod</strong></span> <span class='ocrx_word' id='word_1_968' title='bbox 2751 5426 2867 5481; x_wconf 81' lang='lat' dir='ltr'><strong>estis</strong></span> <span class='ocrx_word' id='word_1_969' title='bbox 2895 5442 2980 5479; x_wconf 75' lang='lat' dir='ltr'><strong>eos</strong></span> <span class='ocrx_word' id='word_1_970' title='bbox 3006 5422 3049 5494; x_wconf 85' lang='lat' dir='ltr'><strong>(l</strong></span> <span class='ocrx_word' id='word_1_971' title='bbox 3076 5421 3194 5489; x_wconf 85' lang='lat' dir='ltr'><strong>Cor.</strong></span> <span class='ocrx_word' id='word_1_972' title='bbox 3221 5436 3297 5484; x_wconf 86' lang='lat' dir='ltr'><strong>tu,</strong></span> <span class='ocrx_word' id='word_1_973' title='bbox 3333 5418 3457 5489; x_wconf 84' lang='lat' dir='ltr'><strong>l7);</strong></span> <span class='ocrx_word' id='word_1_974' title='bbox 3499 5426 3575 5485; x_wconf 88' lang='lat' dir='ltr'><strong>et,</strong></span> 
     </span>
    </p>
   </div>
   <div class='ocr_carea' id='block_1_118' title="bbox 2072 5528 3582 5603">
    <p class='ocr_par' dir='ltr' id='par_1_118' title="bbox 2072 5528 3582 5603">
     <span class='ocr_line' id='line_1_118' title="bbox 2072 5528 3582 5603; baseline -0.014 -8"><span class='ocrx_word' id='word_1_975' title='bbox 2072 5549 2089 5580; x_wconf 79' lang='grc' dir='ltr'><strong>ι</strong></span> <span class='ocrx_word' id='word_1_976' title='bbox 2117 5555 2214 5594; x_wconf 79' lang='lat' dir='ltr'><strong>Am.</strong></span> <span class='ocrx_word' id='word_1_977' title='bbox 2239 5549 2313 5592; x_wconf 78' lang='lat' dir='ltr'><strong>Er.</strong></span> <span class='ocrx_word' id='word_1_978' title='bbox 2339 5548 2392 5591; x_wconf 90' lang='lat' dir='ltr'><strong>et</strong></span> <span class='ocrx_word' id='word_1_979' title='bbox 2412 5539 2578 5603; x_wconf 88' lang='lat' dir='ltr'><strong>plures</strong></span> <span class='ocrx_word' id='word_1_980' title='bbox 2611 5545 2736 5603; x_wconf 52' lang='grc' dir='ltr'><strong>Μέθη</strong></span> <span class='ocrx_word' id='word_1_981' title='bbox 2762 5531 3067 5586; x_wconf 81' lang='lat' dir='ltr'><strong>reconciliari</strong></span> <span class='ocrx_word' id='word_1_982' title='bbox 3094 5528 3236 5603; x_wconf 54' lang='lat' dir='ltr'><strong>fratri</strong></span> <span class='ocrx_word' id='word_1_983' title='bbox 3249 5533 3346 5603; x_wconf 57' lang='lat' dir='ltr'><strong>tuo:</strong></span> <span class='ocrx_word' id='word_1_984' title='bbox 3363 5534 3418 5603; x_wconf 44' lang='grc' dir='ltr'><strong>ιιι</strong></span> <span class='ocrx_word' id='word_1_985' title='bbox 3447 5533 3582 5585; x_wconf 82' lang='lat' dir='ltr'><strong>Lov.,</strong></span> 
     </span>
    </p>
   </div>
   <div class='ocr_carea' id='block_1_119' title="bbox 2009 5586 3475 5668">
    <p class='ocr_par' dir='ltr' id='par_1_119' title="bbox 2009 5586 3475 5668">
     <span class='ocr_line' id='line_1_119' title="bbox 2009 5586 3475 5668; baseline 0.007 -9"><span class='ocrx_word' id='word_1_986' title='bbox 2009 5586 2570 5668; x_wconf 61' lang='grc' dir='ltr'><strong>νεεόιέἑὶεῖτέξόιὲέξᾶὶὲἐ</strong></span> <span class='ocrx_word' id='word_1_987' title='bbox 2583 5586 2878 5668; x_wconf 54' lang='lat' dir='ltr'><strong>sumta</strong></span> <span class='ocrx_word' id='word_1_988' title='bbox 2899 5606 3078 5668; x_wconf 65' lang='grc' dir='ltr'><strong>ετεεωτ</strong></span> <span class='ocrx_word' id='word_1_989' title='bbox 3094 5586 3475 5668; x_wconf 47' lang='grc' dir='ltr'><strong>Ϊ4ἑ²Έ9ἕθὲμη</strong></span> 
     </span>
    </p>
   </div>
   <div class='ocr_carea' id='block_1_120' title="bbox 2076 5648 3579 5719">
    <p class='ocr_par' dir='ltr' id='par_1_120' title="bbox 2076 5648 3579 5719">
     <span class='ocr_line' id='line_1_120' title="bbox 2076 5648 3579 5719; baseline -0.012 -3"><span class='ocrx_word' id='word_1_990' title='bbox 2076 5648 2340 5716; x_wconf 60' lang='grc' dir='ltr'><strong>ῗὶἦίῖῖὸῖ</strong></span> <span class='ocrx_word' id='word_1_991' title='bbox 2365 5648 2494 5712; x_wconf 75' lang='lat' dir='ltr'><strong>addit</strong></span> <span class='ocrx_word' id='word_1_992' title='bbox 2509 5648 2691 5719; x_wconf 14' lang='lat' dir='ltr'><strong>,Valtari</strong></span> <span class='ocrx_word' id='word_1_993' title='bbox 2707 5648 2841 5719; x_wconf 59' lang='lat' dir='ltr'><strong>;&quot;qua</strong></span> <span class='ocrx_word' id='word_1_994' title='bbox 2864 5648 2983 5708; x_wconf 74' lang='lat' dir='ltr'><strong>voce</strong></span> <span class='ocrx_word' id='word_1_995' title='bbox 2997 5648 3166 5705; x_wconf 78' lang='lat' dir='ltr'><strong>carent</strong></span> <span class='ocrx_word' id='word_1_996' title='bbox 3185 5648 3349 5702; x_wconf 67' lang='lat' dir='ltr'><strong>ueteri</strong></span> <span class='ocrx_word' id='word_1_997' title='bbox 3371 5648 3579 5702; x_wconf 69' lang='lat' dir='ltr'><strong>culices.</strong></span> 
     </span>
    </p>
   </div>
   <div class='ocr_carea' id='block_1_121' title="bbox 2079 5672 2793 5793">
    <p class='ocr_par' dir='ltr' id='par_1_121' title="bbox 2079 5672 2793 5793">
     <span class='ocr_line' id='line_1_121' title="bbox 2079 5672 2793 5768; baseline -0.014 -51"><span class='ocrx_word' id='word_1_998' title='bbox 2079 5673 2093 5701; x_wconf 80' lang='grc'>²</span> <span class='ocrx_word' id='word_1_999' title='bbox 2117 5672 2200 5716; x_wconf 83' lang='lat' dir='ltr'><strong>ttic</strong></span> <span class='ocrx_word' id='word_1_1000' title='bbox 2233 5673 2340 5714; x_wconf 89' lang='lat' dir='ltr'><strong>Lov.</strong></span> <span class='ocrx_word' id='word_1_1001' title='bbox 2365 5672 2523 5719; x_wconf 79' lang='lat' dir='ltr'><strong>addit,</strong></span> <span class='ocrx_word' id='word_1_1002' title='bbox 2547 5672 2725 5718; x_wconf 78' lang='lat' dir='ltr'><strong>anan;</strong></span> <span class='ocrx_word' id='word_1_1003' title='bbox 2746 5672 2793 5768; x_wconf 62' lang='lat'><strong>2|</strong></span> 
     </span>
     <span class='ocr_line' id='line_1_122' title="bbox 2079 5721 2793 5793; baseline -0.01 -16"><span class='ocrx_word' id='word_1_1004' title='bbox 2079 5731 2150 5793; x_wconf 79' lang='grc' dir='ltr'>(ιι)</span> <span class='ocrx_word' id='word_1_1005' title='bbox 2174 5735 2189 5776; x_wconf 94' lang='lat' dir='ltr'><strong>t</strong></span> <span class='ocrx_word' id='word_1_1006' title='bbox 2213 5732 2413 5776; x_wconf 76' lang='lat' dir='ltr'><strong>ttetract.</strong></span> <span class='ocrx_word' id='word_1_1007' title='bbox 2441 5736 2543 5787; x_wconf 85' lang='lat' dir='ltr'><strong>cap.</strong></span> <span class='ocrx_word' id='word_1_1008' title='bbox 2572 5721 2647 5782; x_wconf 83' lang='grc'><strong>19,</strong></span> <span class='ocrx_word' id='word_1_1009' title='bbox 2671 5734 2721 5774; x_wconf 84' lang='grc' dir='ltr'>ιι.</span> <span class='ocrx_word' id='word_1_1010' title='bbox 2779 5755 2793 5770; x_wconf 94' lang='grc'><strong>.</strong></span> 
     </span>
    </p>
   </div>
  </div>
