4076 6464
332 359 467 416 1245

323 477 400 527 sis
416 471 486 527 ad
508 483 588 529 se.
609 475 665 522 et
681 463 770 536 qui
799 462 914 533 plus
932 458 1126 532 gaudet
1148 459 1217 514 de
1242 472 1351 513 uno
1377 455 1662 527 pteuitcnte
1677 494 1692 520 ,
1732 468 1889 524 quam

322 562 392 616 de
417 554 698 626 nonaginta
725 568 911 608 novem
936 550 1092 620 justis
1130 548 1279 621 (Luc.
1313 563 1402 611 xv,
1444 543 1518 618 7).
1559 545 1714 599 Carni
1765 558 1892 598 vero

323 651 493 706 multo
519 648 694 702 minus
720 644 875 699 video
898 640 1165 713 quomodo
1191 638 1433 693 benevoli
1473 637 1555 691 vel
1600 634 1893 690 concordes

320 739 406 794 vel
433 736 831 793 consentientes
857 746 977 787 esse
999 731 1297 799 jubeamur.
1320 727 1481 793 Magis
1521 725 1665 780 enim
1707 739 1894 793 pecca-

321 839 466 884 tores
494 834 673 880 amant
708 838 921 878 carnem
952 835 1098 874 suam
1120 858 1137 884 ,
1176 826 1231 873 et
1257 815 1583 871 concordant
1606 828 1727 867 cum
1770 813 1889 879 illa,

318 928 376 973 et
402 916 740 972 consentiunt
758 913 811 969 ei
842 930 855 967 :
884 911 972 982 qui
998 925 1125 964 vero
1152 923 1268 963 eam
1291 907 1527 961 servituti
1566 904 1889 972 subjiciunt,

323 1025 427 1063 non
462 1008 560 1077 ipsi
588 1007 636 1061 ei
662 1004 1035 1067 consentiunt,
1069 999 1161 1056 sed
1190 1014 1308 1054 eam
1333 998 1435 1053 sibi
1472 997 1775 1052 consentire
1802 1011 1894 1051 co-

316 1106 479 1243 gug;
508 1184 755 1239 Fortasse
779 1195 906 1251 ergo
921 1180 1168 1250 juhemur
1204 1178 1314 1232 Deo
1350 1176 1686 1240 consentire,
1719 1183 1773 1229 et
1820 1174 1901 1227 illi»

318 1294 437 1334 esse
466 1275 728 1340 benevoli,
764 1283 822 1328 ut
860 1273 910 1327 ei
956 1270 1378 1331 reconcilientur,
1415 1284 1447 1321 a
1481 1283 1586 1337 quo
1628 1266 1895 1336 peccando

318 1368 494 1423 aversi
523 1378 707 1419 sumus
729 1404 744 1428 ,
778 1370 837 1416 ut
859 1360 1197 1416 adversarius
1223 1367 1404 1412 noster
1422 1357 1524 1410 dici
1558 1355 1742 1423 possit.
1764 1354 1892 1419 Qui-

318 1458 421 1512 bus
457 1457 601 1510 enim
627 1454 859 1517 resistit,
883 1459 1029 1507 recte
1076 1450 1268 1504 dicitur
1293 1463 1476 1503 eorum
1521 1446 1890 1500 adversarius:

318 1548 463 1603 Deus
492 1548 633 1603 enim
660 1544 885 1615 superbis
904 1543 1084 1597 resistit
1106 1583 1121 1606 ,
1154 1539 1420 1595 humilibus
1451 1548 1617 1592 autem
1646 1538 1734 1590 dat
1779 1554 1898 1607 gra-

318 1641 443 1692 tiam
470 1637 670 1707 (Jacobi
700 1652 772 1700 tv,
803 1636 857 1705 6)
884 1651 899 1697 ;
930 1643 1013 1697 et,
1040 1632 1251 1686 Initium
1297 1633 1459 1685 omnis
1500 1630 1688 1701 peccati
1723 1647 1897 1699 super-

319 1731 403 1783 bia
415 1745 437 1801 ;
464 1730 664 1782 initium
684 1736 851 1780 autem
873 1725 1120 1796 superbia:
1141 1724 1357 1777 hominis
1375 1763 1390 1789 ,
1417 1731 1705 1791 apostatare
1728 1738 1760 1774 a
1788 1721 1895 1775 Deo

319 1820 508 1888 (Eccli.
534 1836 593 1884 χ,
623 1820 710 1879 15,
746 1818 835 1889 ﬂ)
860 1833 877 1873 :
907 1826 961 1873 et
984 1816 1265 1883 Apostolus
1289 1815 1451 1879 dicit,
1495 1815 1557 1870 Si
1600 1816 1737 1868 enim
1782 1830 1897 1867 cum

316 1912 512 1964 inimici
538 1926 785 1974 essemus,
836 1908 1145 1961 reconciliati
1181 1923 1354 1959 sumus
1388 1905 1514 1959 .Deo
1558 1922 1647 1974 per
1689 1915 1897 1959 mortem

318 2002 443 2056 Filzi
468 2003 600 2073 ejus,
630 2001 785 2053 multo
808 2000 967 2067 magis
994 1997 1300 2052 reconciliati
1336 1997 1461 2051 salvi
1499 1996 1683 2050 erimus
1708 1998 1762 2050 in
1794 1998 1892 2050 vita

315 2094 480 2164 ipsius
510 2093 683 2162 (Rom.
706 2107 756 2155 v,
789 2089 901 2157 10).
934 2089 1013 2143 Ex
1049 2104 1154 2157 quo
1182 2087 1398 2154 intelligi
1448 2094 1657 2155 potest,
1699 2087 1894 2139 nullam

317 2195 568 2238 naturam
590 2182 780 2235 malam
819 2180 1084 2235 inimicam
1113 2179 1223 2231 Deo
1260 2193 1379 2232 esse
1399 2218 1415 2242 ,
1464 2177 1897 2246 quandoquidem

320 2274 419 2342 ipsi
442 2272 860 2327 reconciliantur
884 2270 972 2339 qui
1004 2268 1201 2322 inimici
1234 2266 1464 2322 fuerunt.
1498 2266 1748 2335 Quisquis
1772 2283 1898 2336 ergo

316 2362 372 2417 in
402 2362 507 2416 hac
541 2362 643 2426 via,
673 2361 723 2414 id
752 2368 835 2414 est
871 2361 922 2412 iu
953 2361 1050 2412 hac
1076 2359 1213 2421 vita,
1241 2372 1346 2410 non
1387 2357 1543 2410 fuerit
1588 2357 1901 2410 reconcilia-

321 2465 409 2509 tus
434 2456 546 2508 Deo
571 2468 666 2522 per
692 2460 915 2505 mortem
945 2450 1060 2503 Filii
1079 2450 1216 2517 ejus,
1251 2447 1669 2514 tradeturjudici
1699 2448 1896 2512 abillo;

316 2546 442 2614 quia
476 2542 630 2596 Pater
649 2558 749 2594 non
765 2541 963 2610 judicat
989 2554 1317 2609 quemquam,
1346 2535 1433 2589 sed
1462 2551 1609 2588 omne
1643 2535 1899 2604 judicium

318 2635 458 2689 dedit
490 2632 624 2685 Filio
654 2647 673 2685 :
712 2638 868 2699 atque
913 2629 983 2682 ita
1026 2635 1217 2681 cmtera
1263 2640 1381 2695 qum
1422 2626 1473 2679 in
1521 2626 1621 2678 hoc
1672 2625 1901 2693 capitulo

318 2725 520 2794 scripta
547 2730 668 2775 sunt
684 2727 1094 2789 consequuntur.
1117 2717 1183 2772 de
1209 2716 1399 2786 quibus
1410 2715 1517 2784 jam
1541 2716 1899 2781 tractavimus.

321 2816 503 2872 Unum
533 2814 702 2868 solum
743 2811 993 2881 estquod
1038 2810 1158 2864 huic
1200 2808 1491 2863 intellectui
1536 2806 1900 2862 difﬁcultatem

319 2909 466 2973 facit,
498 2905 762 2976 quomodo
793 2905 958 2974 possit
984 2912 1127 2957 recte
1155 2902 1258 2955 dici
1288 2902 1337 2954 in
1370 2900 1452 2954 via
1492 2914 1590 2953 nos
1617 2914 1738 2953 esse
1780 2914 1901 2952 cum

322 3002 457 3068 Deo,
490 3000 535 3053 si
559 3001 658 3053 hoc
683 2998 801 3052 loco
831 2997 942 3065 ipse
967 2992 1303 3064 accipiendas
1328 2999 1412 3047 est
1434 2990 1771 3046 adversarius
1808 2991 1905 3043 im-

320 3094 555 3161 piorum,
586 3091 671 3144 cui
693 3090 944 3159 jubemur
969 3088 1076 3143 cito
1106 3085 1438 3140 reconciliari
1461 3099 1475 3135 :
1500 3084 1598 3137 nisi
1624 3084 1758 3137 forte
1782 3083 1902 3152 quia

321 3184 435 3252 ipse
463 3183 655 3250 ubique
674 3189 775 3243 est.
805 3194 901 3234 nos
920 3179 1077 3233 etiam
1099 3192 1219 3230 cum
1251 3176 1302 3230 in
1331 3175 1429 3230 hac
1458 3176 1538 3227 via
1557 3189 1760 3240 sumus,
1783 3189 1901 3227 cum

319 3275 413 3328 illo
445 3275 624 3343 utique
649 3287 854 3327 sumus.
883 3270 942 3326 Si
981 3270 1121 3323 enim
1160 3269 1427 3321 ascendero
1479 3268 1532 3320 in
1567 3267 1747 3322 cretum
1773 3308 1788 3330 ,
1819 3268 1903 3321 in-

318 3365 455 3433 quit,
490 3372 541 3415 tu
562 3362 627 3414 ibi
648 3377 734 3423 es;
754 3362 798 3414 si
825 3359 1121 3413 descendere
1149 3359 1203 3411 in
1230 3358 1515 3427 infernum,
1546 3356 1667 3409 ades
1699 3373 1717 3421 ;
1744 3356 1786 3409 si
1819 3372 1903 3408 re-

319 3456 510 3523 cipiam
537 3469 725 3524 pennas
752 3468 886 3504 meas
903 3452 955 3503 in
981 3450 1255 3511 directum,
1306 3456 1353 3502 et
1390 3447 1623 3501 habitabo
1652 3447 1704 3500 in
1735 3447 1903 3500 novis-

318 3549 449 3601 sima
473 3548 488 3578 ί
518 3546 708 3608 maris;
745 3543 925 3596 etenim
965 3542 1087 3595 illuc
1113 3557 1290 3594 manus
1328 3549 1414 3591 tua
1448 3539 1658 3593 deducet
1704 3554 1781 3590 me
1801 3578 1817 3602 ,
1855 3546 1903 3590 et

319 3635 588 3695 continebit
614 3650 693 3688 me
720 3633 925 3687 dextera
952 3642 1037 3684 tua
1065 3630 1235 3699 (Psal.
1262 3644 1502 3684 cxxxvm
1524 3669 1539 3695 ,
1578 3628 1756 3696 8-l0).
1801 3628 1905 3680 Ant

319 3727 364 3783 si
398 3742 504 3780 non
540 3726 713 3801 placet
742 3723 930 3791 impios
958 3720 1062 3775 diei
1109 3734 1228 3773 esse
1256 3733 1376 3773 cum
1417 3718 1558 3781 Deo,
1602 3731 1901 3786 quanquam

321 3832 585 3888 nusquam
632 3830 737 3869 non
763 3823 960 3884 ιιι-ξιξεῑο
992 3813 1061 3866 sit
1092 3812 1259 3875 Deus;
1307 3808 1748 3879 quemadmodum
1797 3825 1902 3862 non

319 3907 552 3963 dicimus
565 3918 738 3959 caecos
752 3917 870 3957 esse
886 3917 1006 3956 cum
1034 3902 1169 3965 luce,
1189 3898 1399 3954 tametsi
1416 3899 1597 3952 oculos
1613 3912 1797 3955 eorum
1816 3898 1904 3951 lux

320 3995 730 4059 circumfundat;
751 4008 913 4047 unum
937 3992 1201 4061 reliquum
1222 3998 1323 4050 est.
1352 3998 1409 4042 ut
1436 3989 1521 4042 hic
1543 3988 1902 4042 adversarium

322 4094 647 4158 prmceptum
669 4084 782 4147 Dei,
805 4082 1174 4151 intelligamus.
1193 4079 1327 4145 Quid
1346 4078 1485 4133 enim
1509 4077 1584 4131 sic
1597 4077 1905 4132 adversatur

322 4195 549 4250 peccare
570 4176 864 4230 volentibus
881 4189 1037 4245 quam
1057 4183 1379 4241 prmceptum
1398 4169 1511 4231 Dei,
1534 4168 1583 4222 id
1601 4168 1773 4223 estlex
1792 4168 1905 4235 ejus

321 4284 376 4328 et
400 4272 670 4340 Scriptura
700 4268 894 4330 divina,
913 4282 1030 4336 qua:
1053 4266 1172 4319 data
1195 4273 1276 4318 est
1304 4263 1455 4318 nobis
1472 4263 1533 4315 ad
1562 4261 1697 4316 hanc
1719 4263 1901 4327 vitam,

324 4373 379 4416 ut
403 4364 474 4418 sit
503 4361 776 4417 nobiscum
807 4358 859 4412 in
887 4358 968 4411 via
988 4399 1002 4421 ,
1036 4356 1121 4411 cui
1152 4372 1258 4409 nou
1288 4364 1497 4424 Oportet
1516 4354 1902 4419 contradicere,

324 4471 392 4510 ne
414 4468 512 4509 nos
530 4452 697 4507 tradat
715 4449 897 4520 iudici;
922 4448 1014 4502 sed
1033 4448 1081 4501 ci
1100 4454 1310 4516 oportet
1330 4445 1632 4498 Consentire
1644 4444 1774 4498 cito?
1791 4444 1903 4497 Non

322 4547 465 4601 enim
496 4546 773 4615 quisquam
800 4541 947 4596 novit
972 4539 1183 4610 quando
1202 4538 1270 4592 de
1297 4536 1395 4590 hac
1420 4537 1524 4589 vita
1568 4545 1739 4589 exeat.
1777 4534 1906 4601 Quis

322 4648 498 4694 autem
526 4637 787 4692 consentit
816 4634 1104 4702 Scriptura:
1126 4631 1317 4683 divina:
1344 4670 1359 4692 ,
1391 4628 1491 4681 nisi
1516 4627 1606 4696 qui
1650 4626 1776 4695 legit
1819 4626 1904 4680 vel

322 4729 595 4802 auditpic,
628 4726 871 4781 deferens
910 4738 958 4777 et
1002 4720 1214 4774 culmen
1257 4716 1584 4770 auctoritatis
1609 4756 1623 4778 ,
1665 4725 1721 4767 nt
1763 4713 1905 4785 quod

325 4818 589 4887 intelligit,
618 4830 720 4868 non
747 4822 961 4882 propter
990 4816 1090 4865 hoc
1112 4807 1300 4879 :oderit
1339 4805 1478 4876 quod
1511 4805 1741 4874 peccatis
1795 4806 1904 4859 suis

325 4908 594 4968 adversari
650 4904 848 4967 sentit;
901 4901 994 4956 sed
1048 4899 1215 4969 magis
1268 4897 1452 4966 diligat
1513 4895 1903 4965 correptionem

326 5022 498 5069 suam,
526 5012 579 5058 ct
607 4999 836 5072 gaudeat
862 4995 1001 5068 quod
1033 4994 1230 5048 morbis
1258 4992 1389 5055 suis,
1421 4983 1593 5045 donec
1631 4998 1902 5052 sanentur,

300 5166 303 5167 ν
328 5115 431 5155 non
463 5097 731 5168 parcitur:
761 5090 901 5162 quod
931 5103 1058 5143 vero
1085 5093 1176 5145 aut
1214 5084 1497 5140 obscurum
1524 5122 1538 5145 ,
1591 5089 1682 5134 aut
1722 5080 1905 5133 absur-

327 5191 452 5245 dum
485 5189 560 5244 illi
602 5192 788 5250 sonat,
838 5197 943 5236 non
994 5177 1115 5235 inde
1158 5175 1390 5229 concitet
1428 5171 1905 5227 contradictionum

327 5280 640 5343 certamina,
673 5274 764 5330 sed
791 5281 908 5327 oret
935 5280 991 5325 ut
1026 5268 1314 5337 intelligat;
1352 5263 1775 5320 benevolentiam
1826 5271 1905 5318 ta-

329 5389 451 5429 men
503 5379 558 5426 et
604 5366 956 5423 reverentiam
1007 5370 1165 5416 tanta:
1217 5357 1513 5415 auctoritati
1552 5353 1905 5411 exhibendam

331 5479 449 5519 esse
472 5457 804 5517 meminerit?
830 5455 937 5511 Sed
968 5454 1086 5524 quis
1121 5452 1223 5506 hoc
1245 5451 1389 5517 facit,
1421 5449 1523 5503 nisi
1561 5446 1801 5518 quisquis
1839 5445 1907 5502 ad

331 5564 707 5611 testamentum
757 5549 923 5621 patris
955 5544 1300 5620 aperiendum
1349 5551 1404 5598 et
1444 5538 1904 5611 cognoscendum,

393 5687 408 5719 ι
430 5690 617 5734 Απι.ει·.
641 5689 694 5733 et
713 5689 844 5739 Lov.,
857 5678 907 5729 in
926 5675 1193 5729 novissimo.
1212 5681 1386 5739 Atlitss.
1406 5685 1595 5739 necnon
1612 5672 1761 5725 editio
1772 5678 1904 5735 ιω..

327 5747 379 5804 in
398 5745 649 5805 notissime
663 5757 679 5805 :
691 5734 1058 5810 juxta’grzecum
1077 5746 1209 5803 LXX.
1228 5736 1298 5795 eis
1321 5744 1371 5791 ta
1384 5734 1596 5793 “citata.

1698 338 1892 394 LIBIZR
1934 336 2198 397 PRIMUS.

3432 348 3567 407 1246

1999 469 2103 507 non
2127 456 2291 509 litium
2321 456 2652 513 minitatione
2679 457 2918 522 acerbus,
2945 457 3038 513 sed
3061 457 3252 529 pietate
3292 462 3436 517 initis
3469 478 3568 518 ac-

1996 544 2254 598 cesserit?
2288 544 2431 599 Beati
2475 562 2605 617 ergo
2642 549 2822 614 mites;
2853 550 3086 619 quoniam
3132 551 3231 620 ipsi
3274 551 3565 608 Itcreditate

1996 634 2317 702 possidebunt
2341 644 2545 689 terram.
2575 636 2858 691 Videamus
2879 640 3174 708 sequentia.

2069 723 2298 780 CAPUT
2324 725 2600 781 XlL—53.
2619 727 2843 781 Audistis
2866 730 2985 799 quia
3021 731 3204 782 dictum
3228 737 3300 784 est
3324 731 3568 799 antiquis,

2000 812 2119 868 Non
2149 816 2487 871 mtechaberis.
2520 817 2629 887 Ego
2652 828 2819 871 autem
2837 819 2947 872 dico
2974 820 3130 883 vobis,
3148 826 3267 890 quia
3288 821 3451 874 omnis
3479 822 3565 890 qui

1996 905 2173 959 viderit
2199 906 2458 961 mulierem
2482 908 2550 960 ad
2575 910 3023 978 concupiscendum
3046 926 3176 977 eam,
3202 912 3316 981 jam
3341 913 3566 966 moecha-

1997 1002 2076 1047 tus
2104 1003 2176 1047 est
2201 1011 2312 1048 eam
2336 996 2388 1049 in
2429 998 2579 1051 corde
2598 1014 2707 1051 suo.
2732 998 2943 1053 Justitia
2965 1015 3096 1069 ergo
3122 1001 3296 1055 minor
3320 1012 3432 1067 est,
3461 1018 3567 1055 non

1997 1085 2251 1141 moecbari
2273 1102 2550 1157 corporum
2577 1092 2946 1160 conjunctione
2969 1093 3198 1161 :justitia
3247 1109 3374 1150 vero
3402 1097 3572 1162 major

1998 1177 2146 1247 regni
2170 1178 2283 1244 Dei,
2303 1195 2405 1232 non
2430 1180 2685 1236 mmehari
2713 1183 2764 1236 in
2791 1183 2972 1238 corde.
2989 1184 3237 1254 Quisquis
3261 1194 3439 1241 autem
3465 1203 3573 1241 non

1997 1266 2296 1322 mmehatur
2319 1269 2371 1322 in
2396 1270 2586 1337 corde,
2616 1273 2781 1326 multo
2812 1274 3014 1328 facilius
3056 1276 3289 1329 custodit
3329 1292 3398 1331 ne
3436 1292 3571 1331 mae--

1998 1356 2186 1411 chetur
2226 1358 2278 1412 in
2330 1374 2573 1430 corpore.
2610 1361 2744 1417 lllud
2785 1378 2913 1433 ergo
2964 1365 3298 1420 conﬁrmavit
3339 1366 3428 1436 qui
3470 1365 3574 1421 hoc

2000 1447 2286 1516 praecepit:
2317 1465 2420 1503 non
2468 1451 2612 1505 enim
2659 1453 2803 1507 venit
2840 1453 3033 1523 Legem
3079 1455 3309 1521 solvere,
3342 1455 3435 1511 sed
3477 1457 3579 1510 ini-

1998 1535 2164 1603 plere.
2194 1535 2336 1592 Sane
2361 1540 2804 1595 considerandum
2849 1553 2931 1596 est
2956 1543 3097 1613 quod
3126 1559 3230 1598 non
3257 1545 3421 1611 dixit,
3456 1544 3579 1598 0m-

1999 1623 2078 1677 nis
2102 1625 2189 1693 qui
2218 1628 2578 1695 concupiverit
2599 1630 2906 1695 mulierem;
2936 1631 3050 1696 sed,
3078 1632 3165 1696 qui
3197 1633 3375 1687 viderit
3401 1634 3577 1687 mulie-

1999 1730 2103 1768 rem
2127 1717 2194 1768 ad
2229 1720 2680 1782 concupiscendum
2722 1738 2832 1776 eam
2853 1764 2868 1789 ,
2898 1722 2949 1777 id
2971 1732 3089 1790 est,
3121 1724 3222 1778 hoc
3261 1724 3365 1780 ﬁne
3393 1735 3447 1781 et
3476 1726 3578 1781 hoc

1998 1805 2177 1858 animo
2215 1808 2498 1863 attenderit
2524 1820 2578 1863 ut
2604 1825 2721 1866 eam
2761 1814 3136 1884 concupiscat:
3165 1816 3304 1885 quod
3327 1816 3436 1885 jam
3468 1832 3576 1872 non

2000 1904 2082 1950 est
2111 1897 2310 1953 titillari
2337 1899 2687 1956 delectatione
2706 1903 2901 1967 carnis,
2930 1903 3024 1958 sed
3049 1904 3206 1974 plene
3240 1906 3256 1937 ι
3277 1907 3579 1961 consentire

2002 1986 2239 2053 libidini;
2267 1990 2336 2043 ita
2365 1998 2422 2043 ut
2449 2006 2551 2044 non
2582 1992 2877 2047 refrenetur
2904 1994 3116 2049 illicitas
3148 1997 3410 2065 appetitus
3430 2038 3446 2063 ,
3480 1995 3576 2051 sed

2001 2077 2045 2130 si
2071 2076 2290 2132 facultas
2330 2079 2451 2133 data
2474 2080 2651 2144 fuerit,
2679 2082 2918 2136 satietur.

2074 2169 2163 2222 5i.
2185 2168 2317 2223 Nam
2348 2169 2446 2222 tria
2477 2178 2603 2224 sunt
2637 2171 2829 2239 quibus
2855 2172 3103 2241 impletur
3123 2180 3397 2241 peccatum
3419 2190 3435 2239 ;
3457 2188 3582 2243 sug-

2001 2259 2261 2327 gestione,
2281 2260 2651 2327 delectatione,
2676 2271 2729 2316 et
2751 2263 3122 2339 consensione.
3151 2263 3448 2331 Suggestio,
3467 2265 3583 2318 sive

2002 2365 2099 2420 per
2141 2351 2449 2405 memoriam
2499 2353 2575 2419 ﬁt,
2629 2353 2741 2406 sive
2789 2368 2883 2422 per
2923 2354 3164 2422 corporis
3204 2369 3419 2416 sensus,
3459 2370 3582 2408 cum

2003 2439 2198 2507 aliquid
2251 2440 2533 2506 videmus,
2587 2440 2671 2494 vel
2720 2442 2993 2504 audimus,
3041 2441 3125 2495 vel
3171 2441 3467 2504 olfacimus.
3499 2442 3582 2496 vel

2002 2538 2295 2598 gustamus.
2324 2530 2407 2584 vel
2439 2530 2721 2599 tangimus.
2750 2530 2867 2597 Quo
2893 2531 2936 2583 si
2971 2530 3070 2585 frui
3102 2530 3460 2591 delectaverit.
3490 2530 3584 2584 de-

2007 2622 2220 2676 lectatio
2248 2622 2425 2676 illicita
2455 2621 2767 2678 refrenanda
2795 2632 2897 2677 est.
2926 2621 3085 2676 Velut
3124 2637 3244 2676 cum
3280 2621 3584 2691 jejunatnus

2005 2720 2059 2766 et
2088 2714 2214 2767 visis
2242 2713 2374 2767 cibis
2415 2713 2571 2782 palati
2621 2714 2888 2782 appetitus
2936 2714 3197 2783 assurgit,
3232 2729 3335 2765 non
3377 2712 3436 2765 ﬁt
3481 2712 3586 2765 nisi

2006 2802 2357 2857 delectatione
2385 2820 2397 2855 :
2422 2801 2514 2857 sed
2561 2802 2683 2857 huic
2727 2814 2903 2857 tamen
2941 2818 3045 2856 non
3089 2802 3481 2864 consentimus,
3524 2810 3586 2855 et

2007 2909 2123 2947 eam
2168 2895 2189 2925 ⁸
2230 2893 2552 2947 dominantis
2591 2894 2813 2949 rationis
2847 2893 2967 2961 jure
3014 2893 3351 2948 cohibentes.
3402 2892 3456 2947 Si
3494 2907 3589 2945 au-

2009 2992 2113 3036 tem
2160 2982 2440 3036 consensio
2482 2982 2614 3036 facta
2664 2981 2851 3049 fuerit,
2880 2981 3096 3050 plenum
3142 2983 3413 3051 peccatum
3442 2981 3582 3039 erit.

2009 3082 2189 3127 notum
2225 3074 2331 3125 Deo
2358 3073 2407 3125 in
2436 3073 2595 3127 corde
2623 3082 2826 3135 nostro,
2852 3071 3061 3126 etiamsi
3108 3070 3251 3125 facto
3284 3086 3388 3124 non
3430 3071 3589 3124 inno-

2009 3171 2174 3217 teseat
2215 3161 2532 3216 hominibus.
2579 3163 2652 3216 Ita
2690 3177 2818 3231 ergo
2846 3171 2968 3216 sunt
3002 3162 3086 3215 isti
3122 3161 3338 3230 gradus,
3366 3161 3518 3230 quasi
3556 3175 3588 3217 (ι

2009 3263 2256 3323 serpente
2295 3254 2565 3323 suggestio
2606 3253 2716 3317 ﬁat,
2768 3252 2819 3307 id
2860 3261 2963 3317 est,
3014 3252 3217 3306 lubrico
3258 3261 3313 3305 et
3347 3251 3588 3316 volubili,

2011 3343 2110 3396 hoc
2157 3350 2239 3396 est
2285 3343 2558 3411 temporali
2596 3341 2919 3409 corporum'
2963 3350 3145 3407 motu;
3175 3342 3297 3411 quia
3326 3351 3381 3395 et
3407 3342 3451 3395 si
3487 3356 3591 3410 qua

2010 3433 2128 3485 talia
2162 3420 2535 3499 phantasmata
2603 3432 2748 3486 intus
2816 3442 3095 3486 versantur
3157 3433 3209 3486 in
3256 3433 3472 3495 anima.
3522 3432 3591 3486 de

2008 3537 2229 3590 corpore
2277 3520 2568 3576 forinsecus
2613 3532 2778 3575 tracta
2819 3530 2975 3585 sunt;
3004 3530 3059 3577 et
3088 3522 3130 3575 si
3188 3523 3307 3597 quis
3349 3524 3591 3579 occultus

2009 3625 2203 3685 praeter
2245 3615 2375 3668 istos
2398 3615 2630 3684 quinque
2660 3628 2849 3667 sensus
2878 3625 3054 3668 motus
3092 3614 3331 3681 corporis
3356 3615 3590 3670 animam

2012 3708 2175 3775 tangit
2195 3745 2209 3769 ,
2237 3713 2319 3758 cst
2352 3706 2510 3758 etiam
2542 3705 2655 3772 ipse
2687 3703 2992 3773 temporalis
3017 3711 3071 3757 et
3097 3702 3363 3766 lubricus;
3393 3709 3450 3756 et
3473 3701 3596 3759 ideo

2008 3807 2206 3866 quanto
2234 3796 2468 3850 illabitur
2497 3795 2755 3848 occultius
2789 3804 2845 3847 ut
2873 3794 3243 3862 cogitationem
3286 3794 3593 3862 contingat,

2012 3894 2159 3941 tamo
2192 3886 2595 3940 convenientius
2635 3884 2867 3953 serpenti
2913 3893 3265 3953 comparatur.
3307 3883 3431 3938 Tria
3468 3897 3601 3951 ergo

2011 3977 2160 4043 hmc,
2190 3987 2244 4029 ut
2274 3976 2451 4031 dicere
2495 3989 2784 4043 emperam,
2814 3973 3007 4027 similia
3051 3981 3174 4027 sunt
3217 3972 3291 4025 illi
3327 3980 3492 4041 gesta:
3517 3972 3594 4029 rei

2008 4085 2127 4139 qum
2166 4068 2215 4120 iu
2246 4067 2436 4120 Genesi
2475 4066 2670 4134 scripta
2716 4073 2820 4129 est,
2852 4074 2911 4117 ut
2957 4064 3106 4133 quasi
3150 4078 3181 4117 a
3221 4071 3469 4132 serpente
3506 4059 3601 4125 flat

2009 4159 2277 4227 suggestio
2304 4167 2356 4210 et
2383 4157 2622 4226 qumtlatn
2660 4156 2867 4218 suasio;
2916 4154 2967 4208 in
2994 4156 3228 4224 appetitu
3267 4162 3442 4207 autem
3475 4165 3595 4205 cara

2011 4251 2150 4317 nali,
2180 4259 2426 4319 tauquam
2469 4248 2520 4302 in
2570 4248 2675 4300 Eva
2696 4288 2711 4312 ,
2744 4244 3066 4309 delectatio;
3113 4244 3165 4297 in
3198 4243 3399 4296 ratione
3427 4255 3555 4295 vero
3578 4279 3597 4305 .

2013 4352 2261 4410 tanquam
2312 4342 2361 4393 in
2409 4339 2564 4403 viro,
2594 4335 3130 4403 consensiozquibus
3180 4332 3435 4402 peractis,
3477 4340 3599 4387 tau.

2010 4446 2168 4501 quam
2189 4430 2257 4485 de
2280 4428 2545 4498 paradiso,
2563 4427 2663 4480 hoc
2689 4434 2792 4501 est,
2824 4424 2893 4479 de
2918 4424 3219 4478 beatissima
3245 4421 3601 4490 lucejnstitim

2013 4500 2063 4575 in
2093 4530 2315 4576 mortem
2358 4519 2517 4571 homo
2542 4500 2827 4586 expellitur
2868 4513 3020 4586 (Gen.
3064 4530 3152 4578 tu,
3193 4513 3280 4584 1);
3306 4512 3605 4582 justissima.

2011 4614 2247 4667 omnino.
2274 4610 2389 4666 Neu
2418 4611 2561 4665 enim
2582 4610 2723 4679 cogit
2749 4608 2838 4678 qui
2865 4607 3072 4661 suadet.
3099 4606 3166 4661 Et
3191 4621 3379 4660 omnes
3399 4612 3604 4666 natura)

2013 4705 2063 4758 in
2090 4703 2277 4759 ordine
2301 4718 2398 4756 suo
2419 4701 2668 4772 gradibus
2693 4700 2809 4754 suis
2838 4699 3075 4768 pulchra:
3105 4708 3228 4751 sunt
3251 4716 3264 4751 :
3295 4696 3388 4751 sed
3416 4696 3484 4750 de
3507 4711 3599 4753 su-

2015 4795 2304 4866 perioribus
2331 4795 2381 4847 in
2410 4794 2601 4863 quibus
2638 4791 2916 4845 rationalis
2953 4791 3163 4844 animus
3191 4789 3465 4841 ordinatus
3493 4794 3599 4854 est,

2012 4888 2076 4942 ad
2105 4886 2359 4941 inferiora
2393 4900 2497 4937 non
2524 4892 2607 4938 est
2636 4880 3038 4940 declinandum.
3065 4879 3175 4934 Nec
3199 4878 3476 4947 quisquam
3500 4875 3602 4934 hoc

2015 4978 2186 5031 facere
2216 4976 2455 5046 cogitur;
2484 4982 2539 5027 et
2582 4972 2704 5027 ideo
2730 4972 2773 5025 si
2805 4970 3021 5035 fecerit,
3048 4968 3186 5037 justa
3226 4966 3317 5019 Dei
3353 4967 3467 5033 lege
3499 4980 3597 5032 pti-

2015 5066 2192 5123 nitur‘
2213 5085 2225 5120 :
2247 5082 2349 5119 non
2377 5065 2517 5123 enim
2546 5063 2646 5117 hoc
2670 5061 2953 5117 committit
2978 5059 3192 5113 invitus.
3212 5056 3589 5109 Verumtamen

2013 5158 2294 5214 delectatio
2334 5166 2457 5210 ante
2508 5150 2984 5209 consuetudinem“
3020 5149 3104 5202 vel
3158 5147 3300 5201 nulla
3350 5155 3462 5209 est,
3510 5142 3597 5203 vel

2016 5260 2121 5305 tam
2160 5246 2334 5305 tenuis
2374 5255 2431 5300 ut
2474 5259 2638 5315 prope
2678 5242 2823 5296 nulla
2864 5242 2932 5295 sit
2970 5258 2984 5294 :
3027 5241 3111 5294 cui
3154 5240 3456 5295 consentire
3485 5250 3604 5291 [ιδεμ

2080 5360 2418 5427 Numinibus
2441 5370 2593 5427 prope
2612 5364 2738 5427 Mss»
2761 5353 2927 5427 rtem:
3034 5412 3053 5427 .

2076 5425 2097 5456 ²
2115 5422 2231 5471 editi
2249 5429 2359 5469 mar.
2386 5412 2586 5477 et'Lov.,
2612 5412 2805 5477 caeteris
2824 5415 2956 5465 libris
2974 5412 3402 5476 refragantibus,si
3416 5419 3542 5459 eam.

2078 5476 2795 5543 ιω.(1εοθω,σονροταιίωηο
2911 5543 2923 5545 ς
3097 5534 3109 5545 .
3193 5534 3205 5545 .
3269 5540 3281 5545 -

2077 5546 2099 5577 δ
2120 5532 2313 5617 sie-uss.
2336 5549 2387 5591 et
2407 5532 2517 5591 alar.
2539 5532 2598 5589 λ(
2613 5548 2712 5588 Am.
2737 5546 2812 5588 Er.
2839 5545 2891 5589 et
2910 5543 3043 5599 Lov.,
3066 5534 3168 5588 sine
3174 5534 3311 5597 justa
3334 5532 3605 5597 demutans

2016 5613 2314 5717 λιιι.
2328 5672 2402 5735 ῆν.
2422 5670 2474 5713 et
2485 5672 2611 5725 Mss,
2629 5675 2727 5713 uno
2749 5668 2933 5715 tantum
2952 5666 3178 5724 excepto.
3196 5664 3252 5709 Α(
3272 5663 3384 5706 Mar.
3403 5660 3455 5705 et
3470 5660 3605 5714 tum,

2016 5736 2127 5787 ante
2150 5738 2514 5783 cans-etmaneat.
