4042 6358
517 243 650 356 mi

513 427 676 480 gnum
703 417 976 480 peccatum
998 417 1100 476 est,
1123 423 1245 464 cum
1275 409 1456 464 illicita
1476 417 1578 463 est.
1601 407 1732 462 Cum
1754 415 1932 461 autem
1957 404 2102 475 quis-

512 517 619 572 que
657 502 1019 565 consenserit,
1056 501 1340 555 committit
1385 509 1660 569 peccatum
1713 499 1766 553 in
1812 495 1997 552 corde.
2045 495 2102 550 Si

517 604 693 646 autem
733 594 892 648 etiam
923 593 975 646 in
995 589 1198 647 factum
1228 593 1576 661 processerit,
1606 591 1814 644 videtur
1841 588 2019 643 satiari
2047 597 2103 643 et

513 684 778 754 exStingui
807 684 1065 753 cupiditas
1093 700 1109 735 :
1140 681 1232 737 sed
1263 693 1442 752 postea
1471 699 1592 737 cum
1611 685 1876 753 suggestio
1900 682 2102 751 repeti-

517 785 622 840 tur,
655 777 827 842 major
855 775 1164 829 accenditur
1188 774 1507 837 delectatio;
1547 789 1666 843 qua:
1711 783 1886 827 tamen
1926 771 2100 826 adhuc

517 869 685 920 multo
712 867 883 920 minor
907 874 990 920 est
1013 882 1170 935 quam
1199 867 1286 921 illa
1323 883 1444 936 qua:
1471 865 1698 920 assiduis
1719 865 1869 918 factis
1891 865 1944 918 in
1968 880 2100 918 con-

514 961 850 1014 suetudinem
895 961 1071 1014 vertit.
1107 959 1254 1014 llanc
1294 960 1438 1013 enim
1481 959 1695 1012 vincere
1733 957 2100 1012 difficillimum

513 1060 598 1105 est
621 1068 634 1103 :
657 1061 710 1104 ct
735 1059 910 1105 tamen
939 1051 1097 1108 etiam
1128 1051 1294 1119 ipsam
1315 1049 1772 1110 consuetudinem,
1803 1049 1848 1102 si
1875 1064 1935 1104 se
1958 1048 2102 1118 quis-

519 1157 626 1210 que
653 1157 757 1196 non
787 1142 1034 1207 deserat,
1059 1150 1114 1196 et
1140 1141 1484 1196 ehristianant
1528 1140 1772 1194 militiam
1799 1155 1904 1193 non
1934 1139 2105 1195 refor—

515 1233 710 1297 midet,
759 1235 848 1288 illo
876 1234 1012 1289 duce
1039 1245 1198 1304 atque
1225 1233 1469 1301 adjutorc
1508 1233 1815 1300 superabit;
1847 1246 1911 1286 ac
1941 1232 2020 1287 sic
2049 1233 2101 1286 in

517 1325 794 1394 pristinam
839 1341 1022 1394 pacem
1047 1326 1062 1356 ¹
1093 1335 1252 1394 atque
1297 1324 1541 1377 ordinem
1586 1333 1638 1376 et
1682 1323 1761 1375 vir
1789 1321 2023 1386 Christo,
2050 1333 2104 1376 et

516 1415 710 1470 mulier
734 1415 848 1470 viro
871 1416 1149 1486 subjicitur
1181 1415 1222 1488 (I
1245 1415 1361 1470 Cor.
1393 1433 1466 1480 xi,
1497 1417 1550 1477 5,
1582 1425 1628 1470 et
1654 1414 1849 1488 Epltes.
1873 1432 1928 1481 v,
1949 1414 2064 1487 25).

590 1507 682 1562 55.
715 1507 866 1562 Sicut
893 1522 1022 1577 ergo
1053 1509 1219 1562 tribtts
1245 1507 1496 1577 gradibus
1520 1509 1584 1561 ad
1615 1517 1884 1577 peccatum
1913 1523 2103 1577 pervc-

517 1597 690 1658 nitur.
735 1600 1115 1668 suggestione,
1162 1600 1548 1664 delectatione,
1597 1601 1988 1665 consensione;
2033 1603 2104 1655 ita

518 1690 686 1759 ipsius
712 1696 912 1760 peccati
941 1702 1050 1746 tres
1075 1700 1200 1746 sunt
1223 1692 1556 1757 differentiai,
1577 1693 1628 1745 in
1653 1693 1834 1756 corde,
1864 1693 1913 1745 itt
1942 1691 2102 1759 facto,

479 1792 481 1794 ’
519 1781 574 1836 in
601 1783 1010 1845 consuetudine,
1055 1793 1302 1852 tanquam
1337 1795 1444 1836 tres
1471 1793 1700 1836 mortes:
1730 1799 1829 1836 una
1858 1782 2008 1852 quasi
2053 1784 2104 1838 itt

517 1873 700 1936 domo,
723 1874 773 1926 id
804 1883 886 1928 est
908 1890 1029 1928 cum
1053 1875 1105 1927 ιιι
1139 1875 1302 1929 Corde
1321 1876 1655 1928 consentitur
1681 1875 1913 1940 libidini;
1941 1875 2106 1929 altera

516 1963 626 2033 iam
654 1966 861 2034 prolata
888 1966 1034 2035 quasi
1067 1976 1214 2019 extra
1248 1975 1490 2036 portam,
1523 1983 1642 2019 cum
1673 1966 1722 2019 in
1763 1967 1955 2020 factum
1985 1984 2108 2036 pro-

521 2057 667 2110 cedit
707 2059 982 2122 assensio;
1019 2058 1206 2121 tertia,
1249 2075 1370 2112 cum
1423 2062 1471 2113 vi
1511 2061 1912 2114 consuetudinis
1953 2061 2108 2116 mala:

525 2153 778 2212 tanquam
805 2146 943 2200 mole
975 2157 1184 2201 terrena
1215 2149 1470 2216 premitur
1495 2149 1734 2214 animus,
1762 2151 1912 2219 quasi
1943 2151 1994 2204 itt
2023 2167 2111 2207 se-

525 2235 712 2304 pulcro
737 2235 848 2304 jam
873 2245 1083 2304 potens.
1115 2238 1244 2305 Quae
1273 2240 1370 2291 tria
1413 2253 1606 2306 genera
1643 2249 1973 2294 mortuorum
2009 2242 2110 2295 Do-

523 2323 729 2378 minqu
760 2328 1143 2392 resuscitasse,
1183 2330 1422 2398 quisquis
1459 2331 1798 2398 Evangelium
1831 2331 1986 2401 legit,
2022 2347 2114 2402 ag-

523 2417 715 2470 noscit.
742 2415 807 2470 Et
831 2419 1054 2472 fortasse
1079 2420 1386 2474 considerat
1406 2438 1546 2490 quas
1562 2422 1889 2477 diflercntias
1920 2424 2114 2479 habeat

522 2507 683 2560 etiam
727 2509 837 2574 ipsa
870 2524 971 2562 vox
999 2511 1362 2564 re~n<citantis
1382 2554 1398 2577 ,
1426 2528 1546 2566 cum
1575 2515 1699 2568 alibi
1742 2515 1900 2580 dicit,
1928 2515 2112 2570 Puella

522 2614 674 2668 surge
703 2597 916 2666 (Matth.
951 2617 1000 2654 Ix
1019 2643 1030 2662 .
1059 2600 1150 2668 95)
1174 2618 1188 2664 ;
1220 2603 1376 2665 alibi,
1407 2603 1615 2656 Juvcuis
1633 2647 1645 2659 .
1681 2605 1770 2658 tibi
1794 2606 1935 2668 dico,
1963 2624 2114 2676 surge

525 2685 678 2754 (Luc.
707 2705 801 2754 vn,
853 2690 976 2761 l4);
1008 2693 1170 2757 alibi,
1220 2692 1488 2762 Infremuit
1528 2695 1747 2763 spiritu,
1789 2706 1834 2749 et
1862 2698 2030 2766 fierit,
2063 2709 2110 2752 et

526 2793 703 2831 rursus
729 2779 964 2846 fremuit,
993 2790 1046 2834 ct
1088 2792 1207 2850 post
1243 2783 1436 2837 deinde
1475 2801 1593 2839 voce
1633 2803 1817 2858 magna
1853 2789 2110 2856 clamavit,

527 2863 726 2921 Lazare
745 2870 852 2921 veni
869 2870 1006 2938 foras
1025 2870 1197 2942 (Joau.
1225 2888 1300 2938 xI,
1328 2875 1541 2943 55-44).

601 2959 692 3012 56.
721 2960 1076 3030 Quapropter,
1106 2964 1320 3018 nomine
1363 2966 1738 3020 tnmcltantinm
1766 2969 1854 3038 qui
1886 2971 1986 3025 hoc
2023 2987 2112 3024 ca-

530 3047 696 3117 pitulo
715 3061 1223 3118 commemorantur,
1247 3069 1456 3108 onmem
1483 3058 1750 3111 carnalem
1778 3072 1830 3113 ct
1859 3060 2108 3116 libidino-

532 3152 646 3190 sam
672 3141 1152 3208 concupiscentiam
1173 3152 1385 3212 oportet
1415 3146 1653 3217 itttelligi.
1677 3149 1809 3204 Cum
1833 3152 1972 3205 enim
2004 3163 2108 3208 tant

495 3227 744 3282 .assidue
789 3229 1136 3285 idolola'riatn
1180 3233 1450 3302 Scriptura
1494 3237 1894 3295 fornicationem
1931 3243 2107 3312 dicat,

533 3317 729 3372 Paulus
755 3331 928 3374 autem
955 3324 1229 3390 apostolus
1255 3327 1524 3381 avaritiam
1555 3329 1866 3386 idololatria:
1897 3336 2110 3390 nomine

529 3408 762 3475 appellet
790 3407 1008 3477 (Coloss.
1036 3427 1127 3477 ιιι,
1155 3415 1217 3478 5,
1250 3426 1296 3468 et
1322 3415 1506 3485 lfpltes.
1538 3434 1592 3481 v,
1624 3419 1727 3491 5);
1759 3423 1878 3491 quis
1907 3425 2111 3480 dubitet

529 3511 743 3550 omnem
783 3501 974 3554 malam
1020 3507 1503 3574 eoncupisccntiam
1534 3521 1678 3566 recte
1708 3512 2108 3572 fornicationem

534 3592 750 3654 vocari,
782 3595 994 3661 quando
1038 3598 1212 3651 anima
1266 3601 1502 3669 neglecta
1539 3605 1814 3672 superiore
1855 3608 1970 3679 lege
2009 3627 2110 3679 qua

531 3680 754 3747 regitur,
788 3683 1099 3741 inferiorum
1131 3700 1434 3743 naturarum
1459 3694 1594 3757 turpi
1633 3696 1900 3766 voluptate
1921 3741 1932 3760 .
1961 3704 2112 3770 quasi

531 3777 780 3828 mercede
803 3817 816 3839 ,
861 3781 1138 3846 prostituta
1187 3785 1584 3853 corrumpitur?
1615 3785 1681 3842 Et
1728 3790 1846 3845 ideo
1875 3793 2115 3862 quisquis

532 3866 800 3916 carnalem
831 3867 1239 3924 delectationem
1267 3873 1524 3929 adiit-rsus
1550 3887 1748 3932 rectam
1781 3881 2111 3937 voluntatem

529 3965 686 4004 suam
712 3955 966 4009 rebellare
991 3960 1154 4012 sentit
1179 3975 1272 4026 per
1291 3966 1725 4020 consuetudinem
1752 3980 2112 4038 peccatorum,

534 4043 687 4112 cujus
718 4045 1029 4102 iudomitte'
1070 4051 1317 4106 violentia
1362 4057 1586 4110 trahitur
1624 4059 1674 4111 in
1722 4063 2113 4129 captivitatem,

534 4137 737 4190 recolat
761 4149 1014 4207 quantum
1045 4153 1220 4212 potest
1244 4147 1453 4214 qualem
1484 4164 1664 4216 pacem
1694 4155 1959 4220 pet-cando
1987 4158 2119 4210 ami-

535 4227 688 4292 Serit,
721 4239 773 4283 et
800 4231 1095 4296 exclamet,
1125 4232 1318 4304 Infelix
1346 4255 1436 4307 rgo
1465 4239 1634 4305 homo,
1661 4245 1772 4304 quis
1795 4261 1871 4295 me
1891 4246 2116 4300 liberabit

518 4316 600 4369 de
626 4333 837 4388 corpore
861 4323 1035 4375 utortis
1064 4326 1258 4389 huius?
1288 4326 1464 4381 Gratia
1495 4329 1590 4383 Dei
1615 4348 1704 4400 per
1738 4333 1912 4388 .Icsum
1938 4335 2116 4390 Chris-

536 4420 644 4462 tum
673 4411 851 4482 (llom.
881 4429 955 4468 vn
978 4455 994 4480 ,
1025 4414 1114 4481 24,
1141 4417 1262 4488 25).
1307 4420 1381 4474 lla
1423 4425 1563 4477 enim
1602 4441 1720 4478 cum
1767 4443 1823 4480 δι·
1856 4429 2114 4484 infelicem

532 4504 839 4569 exclamat,
887 4505 1120 4575 lugendo
1167 4509 1410 4579 implorat
1451 4516 1804 4571 consolator-is
1839 4521 2113 4576 anxiliunt.

533 4592 641 4646 Nec.
671 4609 863 4662 paruis
907 4610 987 4651 est
1031 4601 1095 4652 ad
1141 4601 1515 4660 ln-atitudinrtn
1558 4625 1839 4676 accessus,
1885 4616 2118 4681 cognitio

533 4684 858 4741 infelicitatis
900 4704 1010 4742 sua:
1036 4709 1048 4743 :
1077 4701 1130 4746 et
1169 4693 1317 4760 ideo,
1353 4696 1494 4750 Beati
1513 4702 1672 4753 etiam
1705 4704 1966 4772 lugentes;
1989 4723 2117 4774 quo-

536 4775 671 4826 uiam
701 4777 801 4843 ipsi
825 4781 1233 4836 ceitsolabuatur.

607 4868 832 4924 CAPUT
877 4870 1010 4925 Xlll.
1038 4904 1109 4913 —
1129 4876 1214 4929 57.
1253 4877 1449 4933 Deinde
1475 4884 1732 4952 sequitur,
1762 4896 1814 4940 et
1849 4888 1976 4941 dicit
2007 4907 2020 4943 :
2055 4890 2118 4943 Si

533 4967 702 5010 autem
746 4963 919 5015 oculus
949 4973 1066 5017 tuus
1106 4966 1280 5020 dexter
1307 4972 1614 5025 scandalizat
1639 4986 1701 5036 te.
1741 4994 1861 5030 erue
1885 4997 2027 5044 eum,
2069 4992 2115 5034 et

536 5050 728 5116 projice
775 5053 862 5107 abs
885 5067 930 5107 te
949 5073 968 5108 :
989 5059 1188 5122 expedit
1236 5061 1366 5112 enim
1391 5062 1479 5115 tibi
1507 5074 1558 5116 ut
1584 5078 1755 5130 pereat
1781 5086 1930 5122 unum
1961 5089 2117 5124 mem-

529 5140 732 5195 brorum
761 5157 956 5197 tuoruut
974 5189 988 5211 ,
1011 5165 1158 5218 quam
1187 5161 1341 5204 totum
1368 5171 1549 5223 corpus
1580 5168 1716 5211 tuum
1745 5172 1823 5212 eat
1853 5163 1903 5214 iu
1923 5165 2081 5232 gelteu
2099 5196 2112 5207 -

527 5246 670 5284 nam.
705 5233 799 5288 llic
821 5252 946 5290 vero
967 5254 1154 5309 magna
1183 5258 1318 5312 opus
1347 5256 1429 5299 cst
1459 5247 1764 5304 fortitudine
1785 5253 1850 5306 ad
1875 5259 2110 5312 membra

529 5325 887 5390 pra-ridenda.
921 5329 1184 5400 Quidquid
1215 5336 1356 5388 enim
1393 5347 1476 5391 est
1510 5339 1649 5408 quod
1693 5341 1956 5412 significat
1985 5363 2111 5400 ocu-

525 5412 636 5481 ιω,
665 5415 782 5472 sine
810 5417 970 5472 dubio
1001 5421 1102 5476 tale
1151 5431 1232 5479 est
1277 5427 1418 5496 quod
1467 5427 1809 5489 vehementer
1856 5435 2109 5507 diligitur.

523 5573 733 5684 m‘nttm.
751 5582 821 5624 Pr.
848 5585 899 5627 et
917 5585 1041 5639 Lov.,
1061 5587 1351 5644 ροιεειτιιειιι.
1368 5592 1496 5642 διεδ..
1518 5590 1857 5644 conscn.‘iente
1881 5602 2010 5660 titan,
2026 5608 2114 5661 pa-

587 5670 681 5745 rin
702 5697 874 5750 decent
899 5709 1023 5765 Mss,
1047 5702 1293 5758 indomita.

1349 294 1438 351 DE
1473 292 1791 352 SERMONE
1831 288 2064 349 DOMlNl
2101 286 2168 346 1N
2207 288 2458 361 MONTE,
2490 296 2546 352 S.
2585 297 2948 360 AUGUSTINI

3633 301 3774 366 £248

2205 407 2355 462 Solet
2397 409 2539 463 enim
2587 423 2640 467 et
2691 417 2759 469 ab
2804 418 2883 471 eis
2921 417 3008 485 qui
3060 412 3408 471 viltemeuter
3457 417 3643 472 volunt
3683 434 3787 474 es.

2205 498 2436 566 primere
2483 500 2818 557 dilectionem
2844 517 3016 568 suam,
3065 505 3135 559 ita
3163 503 3302 572 dici,
3348 505 3520 575 Diligo
3558 522 3683 562 cum
3725 521 3783 564 ιιι

2205 589 2387 643 oculos
2411 606 2580 653 meos.
2609 607 2700 649 aut
2717 595 2875 650 etiam
2902 596 3021 665 plus
3041 610 3199 665 quam
3227 595 3412 650 oculos
3437 612 3607 652 meos.
3631 598 3784 663 Quod

2204 690 2379 735 autem
2400 681 2636 737 additum
2661 692 2761 746 est,
2788 688 2980 752 dexter,
3007 691 3234 743 fortasse
3261 687 3328 742 ad
3351 689 3649 759 augendam
3677 691 3781 744 vim

2204 770 2506 828 dilectionis
2543 774 2702 829 valet.
2732 775 3043 846 Quanquam
3091 779 3235 832 enim
3273 777 3342 832 ad
3379 779 3668 834 videndum
3698 781 3782 834 isti

2205 861 2344 914 oculi
2385 863 2622 931 corporis
2659 867 3012 921 communiter
3049 866 3410 932 intendantur,
3438 879 3494 922 et
3529 869 3578 924 si
3623 870 3786 924 ambo

2205 951 2564 1021 intendantur,
2596 956 2872 1026 mqualitcr
2911 959 3145 1026 possint;
3191 959 3418 1026 amplius
3457 971 3635 1015 tamen
3682 961 3789 1015 for-

2207 1043 2409 1098 midant
2429 1045 2670 1102 homines
2691 1047 2936 1102 dcxtrutu
2963 1051 3226 1105 amittere.
3253 1050 3323 1106 Ut
3349 1053 3446 1107 iste
3465 1053 3536 1107 sit
3558 1068 3756 1107 sensus
3773 1039 3798 1109 ς’

2206 1135 2469 1206 Quidquid
2514 1139 2641 1193 illud
2695 1149 2779 1194 est
2827 1141 2967 1210 quod
3013 1142 3082 1196 ita
3125 1142 3322 1213 diligis,
3365 1152 3421 1198 ut
3458 1159 3554 1214 pro
3597 1144 3788 1198 dextro

2207 1229 2361 1283 oculo
2389 1229 2602 1292 habeas.
2633 1231 2677 1286 si
2707 1233 3030 1287 scandalizat
3054 1242 3127 1297 te,
3156 1233 3208 1288 id
3234 1243 3317 1289 est
3337 1276 3352 1299 ,
3391 1235 3439 1290 si
3484 1235 3576 1289 tibi
3622 1235 3788 1304 impe-

2205 1321 2445 1377 dimento
2472 1333 2556 1378 est
2596 1323 2662 1377 ad
2708 1340 2888 1378 veram
2927 1325 3305 1381 beatitudinem
3331 1367 3348 1391 ,
3376 1341 3504 1381 erue
3530 1327 3660 1380 illud
3680 1369 3696 1391 ,
3733 1337 3788 1381 et

2209 1413 2408 1483 projice
2436 1415 2532 1469 abs
2556 1425 2626 1469 te.
2658 1414 2886 1484 Expedit
2911 1417 3052 1471 enim
3080 1417 3177 1472 tibi
3199 1426 3255 1472 ut
3284 1427 3464 1486 pereat
3492 1433 3655 1471 unum
3685 1417 3784 1470 ho-

2209 1520 2346 1566 rum.
2368 1519 2486 1574 quze
2509 1504 2576 1558 ita
2603 1505 2778 1576 diligis
2800 1515 2856 1560 ut
2871 1516 3118 1575 tanquam
3143 1510 3380 1560 membra
3402 1505 3495 1560 tibi
3518 1507 3777 1574 ltzercant,

2209 1611 2368 1664 quam
2402 1605 2566 1649 totutn
2592 1610 2786 1665 corpus
2814 1605 2961 1650 tutttn
2988 1606 3076 1651 eat
3097 1597 3148 1650 in
3181 1597 3498 1668 gehennam.

2281 1685 2369 1740 58.
2399 1686 2502 1740 Sed
2545 1686 2795 1756 quoniam
2827 1687 3063 1757 sequitur
3085 1687 3156 1743 de
3183 1703 3340 1742 manu
3369 1688 3610 1754 dextera,
3635 1697 3690 1744 et
3717 1689 3789 1743 si-

2212 1777 2410 1830 militer
2451 1777 2664 1842 dicitur,
2699 1777 2762 1832 Si
2795 1778 3001 1832 dextera
3041 1795 3222 1833 manus
3249 1789 3336 1831 tua
3371 1779 3686 1832 scandalizat
3713 1789 3789 1844 te,

2211 1869 2410 1922 abscide
2444 1885 2555 1922 eam
2577 1909 2590 1933 ,
2641 1880 2688 1924 et
2733 1871 2925 1941 projice
2969 1869 3058 1924 abs
3101 1880 3148 1924 te
3175 1887 3189 1923 :
3216 1871 3416 1941 expedit
3462 1873 3594 1925 enim
3628 1872 3716 1924 tibi
3741 1885 3791 1925 ut

2214 1970 2383 2029 pereat
2409 1977 2566 2013 unum
2594 1961 2927 2017 membrorum
2970 1974 3198 2028 tuorum,
3225 1979 3377 2034 quam
3417 1973 3574 2016 ιοιιυιι
3612 1981 3792 2032 corpus

2214 2060 2355 2102 tuum
2385 2061 2462 2103 eat
2489 2051 2541 2103 in
2566 2052 2877 2122 gehennam;
2905 2054 3047 2123 cogit
3068 2069 3309 2124 quaerere
3334 2053 3644 2124 diligentius
3667 2054 3789 2122 quid

2213 2141 2408 2197 dixerit
2429 2143 2662 2198 oculum.
2690 2143 2745 2198 In
2767 2160 2869 2214 qua
2913 2147 3206 2216 quaestione
3236 2147 3364 2202 nihil
3392 2147 3524 2201 mihi
3563 2149 3795 2202 occurrit

2213 2236 2614 2306 congruentius,
2639 2252 2795 2306 quam
2821 2238 3222 2295 dilectissimum
3251 2241 3514 2304 amicum;
3548 2256 3668 2293 nant
3698 2239 3796 2294 hoc

2215 2334 2297 2381 est
2323 2326 2505 2396 utique
2524 2325 2664 2396 quod
2691 2328 2986 2383 membrum
3014 2338 3158 2384 recte
3188 2345 3469 2400 possumus
3503 2329 3792 2398 appellare,

2215 2417 2356 2486 quod
2395 2415 2743 2471 vehementer
2782 2417 3091 2488 diligimus:
3123 2427 3179 2473 et
3217 2423 3356 2473 hunc
3396 2421 3793 2485 coasiliariutu;

2216 2507 2338 2575 quia
2365 2508 2549 2561 oculus
2577 2518 2678 2574 est,
2707 2517 2953 2578 tanquam
2981 2509 3350 2563 demonstrans
3379 2511 3510 2568 iter:
3548 2522 3604 2564 ct
3631 2512 3681 2564 in
3711 2527 3795 2564 re-

2216 2599 2317 2652 bus
2355 2599 2582 2672 divinis,
2615 2602 2735 2669 quia
2776 2601 2963 2656 dexter
2989 2612 3071 2656 est
3094 2621 3106 2656 :
3132 2613 3187 2656 ιιι
3216 2604 3432 2658 sinister
3469 2605 3540 2659 sit
3577 2605 3799 2659 dilectus

2217 2689 2432 2759 quidem
2461 2691 2816 2757 consiliarius,
2848 2692 2939 2746 sed
2973 2695 3022 2745 in
3065 2685 3225 2747 rebus
3255 2694 3499 2759 terrenis,
3528 2694 3593 2747 ad
3619 2710 3800 2749 mices-

2219 2783 2429 2837 sitatem
2469 2784 2710 2852 corporis
2739 2784 3151 2853 pertinentibus;
3183 2785 3251 2839 de
3283 2801 3388 2854 quo
3411 2785 3800 2841 scandalizatus

2216 2874 2540 2944 superﬂuum
2584 2886 2698 2929 erat
2739 2876 2939 2942 dicere,
2989 2876 3421 2946 quandoquidem
3469 2894 3572 2932 nec
3616 2878 3806 2932 dextro

2219 2967 2544 3034 parcendum
2591 2969 2678 3022 sit.
2725 2967 2780 3021 In
2827 2969 2987 3023 rebus
3032 2979 3209 3023 autent
3250 2970 3444 3024 divinis
3470 2971 3803 3025 consiliarius

2221 3059 2587 3112 scandalizans
2614 3069 2713 3123 est,
2746 3059 2790 3112 si
2831 3060 2881 3113 itt
2907 3061 3135 3129 aliquant
3181 3061 3529 3130 perniciosam
3561 3057 3800 3116 haeresim

2222 3150 2436 3203 nomine
2475 3150 2743 3220 religionis
2783 3161 2941 3220 atque
2987 3151 3242 3205 doctrina:
3283 3161 3506 3206 conatur
3531 3152 3800 3207 inducere.

2183 3258 2186 3260 ‘
2219 3239 2361 3310 Ergo
2391 3249 2445 3295 et
2465 3241 2680 3296 dextera
2712 3259 2900 3296 manus
2929 3244 3218 3312 accipiatur
3245 3243 3472 3298 dilectus
3511 3244 3726 3312 atljntor
3753 3253 3803 3298 t-t

2220 3331 2462 3386 minister
2487 3332 2538 3385 itt
2567 3331 2762 3386 divinis
2802 3334 3051 3402 operibus
3083 3351 3095 3387 :
3128 3351 3247 3387 nam
3274 3333 3722 3404 quemadmodum
3751 3334 3802 3388 iu

2220 3423 2376 3476 oculo
2417 3424 2818 3491 contemplatio,
2850 3425 2926 3477 sic
2970 3424 3020 3477 in
3053 3441 3209 3478 manu
3259 3434 3402 3479 recte
3439 3425 3580 3478 actio
3611 3425 3804 3478 intelli-

2218 3515 2394 3582 gitur;
2427 3523 2482 3566 ιιι
2507 3514 2722 3568 sinistra
2755 3529 2943 3567 manus
2971 3516 3290 3584 intelligatur
3318 3517 3368 3568 iit
3395 3516 3651 3584 operibus
3688 3532 3804 3586 qua:

2221 3607 2345 3661 huic
2370 3609 2491 3660 vita:
2529 3617 2582 3661 ct
2625 3608 2836 3676 corpori
2864 3616 2989 3660 sunt
3028 3609 3347 3661 ttecess:tria.

2289 3699 2515 3755 CAPUT
2554 3698 2695 3754 XIV.
2731 3730 2797 3740 —
2837 3699 2906 3752 59
2968 3699 3166 3751 Dictum
3204 3711 3275 3752 est
3311 3709 3516 3763 autem,
3567 3701 3804 3766 Quicum-

2220 3807 2314 3859 que
2342 3790 2585 3842 dimiserit
2623 3807 2832 3843 uxorem
2874 3807 3050 3853 suam,
3094 3790 3174 3843 det
3211 3791 3288 3844 illi
3330 3789 3549 3843 libellum
3590 3793 3802 3862 repudii.

2223 3883 2347 3937 [late
2370 3882 2570 3949 jnslitia
2597 3883 2772 3935 minor
2795 3892 2876 3935 est
2900 3882 3308 3945 Pharisworum,
3330 3884 3412 3935 cui
3440 3899 3543 3936 ιιοιι
3574 3895 3659 3938 est
3681 3885 3805 3938 con-

2224 3973 2440 4027 trarinnt
2471 3974 2608 4044 quod
2649 3975 2900 4026 [lotninus
2933 3974 3056 4027 dicit
3079 4015 3093 4033 ,
3149 3971 3260 4044 Ego
3297 3984 3460 4026 autent
3497 3975 3612 4028 dico
3650 3978 3802 4042 vobis,

2225 4066 2535 4135 Quicumque
2559 4064 2721 4117 dimisi
2738 4065 2800 4116 rit
2829 4081 3036 4117 uxorem
3061 4081 3203 4118 suam
3230 4076 3435 4134 excepta
3463 4067 3805 4136 fornicationis

2223 4174 2395 4216 causa,
2421 4157 2539 4226 facit
2565 4173 2673 4209 eam
2700 4156 2969 4219 mter/tari;
2997 4167 3042 4208 ct
3061 4156 3148 4226 qui
3166 4156 3379 4210 solutam
3405 4174 3435 4208 a
3457 4159 3562 4210 riro
3585 4159 3802 4224 duxerit,

2223 4249 2514 4299 utoscltatur.
2546 4248 2658 4300 Non
2686 4247 2826 4300 enim
2857 4248 2943 4314 qui
2973 4248 3223 4315 przrcepit
3247 4248 3357 4301 dari
3388 4249 3624 4302 libellum
3653 4267 3804 4318 repu-

2221 4336 2324 4399 dii,
2359 4337 2458 4391 hoc
2487 4338 2736 4407 pra'cepit
2758 4379 2771 4398 ,
2806 4347 2856 4390 Ill
2890 4354 3021 4390 uxor
3049 4338 3342 4392 tlimiltatur
3364 4357 3376 4391 :
3400 4340 3517 4404 sed,
3540 4341 3639 4404 Qui
3661 4343 3804 4394 diuti-

2220 4429 2372 4494 serit,
2409 4429 2573 4500 inquit
2595 4470 2609 4492 ,
2642 4430 2723 4482 det
2751 4428 2828 4482 illi
2866 4429 3087 4483 libellton
3116 4431 3350 4500 repudii;
3382 4443 3437 4484 ut
3480 4433 3800 4488 iracundiam

2223 4521 2557 4575 temerariam
2588 4520 2910 4590 projicicntis
2938 4537 3155 4574 uxorem
3195 4522 3356 4577 libelli
3388 4525 3640 4592 cogitatio
3674 4535 3801 4579 tem—

2225 4624 2451 4681 peraret.
2483 4612 2584 4681 Qui
2612 4629 2739 4683 ergo
2775 4613 3070 4667 dimittendi
3112 4631 3312 4668 moram
3342 4616 3586 4684 qtncsivit
3605 4659 3620 4682 ,
3647 4617 3802 4687 signi-

2225 4704 2399 4758 ficavit
2448 4717 2699 4774 qttantum
2754 4703 2923 4774 potuit
2973 4705 3121 4760 duris
3173 4705 3506 4770 hominibus,
3559 4723 3621 4763 se
3672 4708 3803 4762 nolle

2221 4795 2521 4850 disciditnn.
2562 4797 2630 4851 Et
2659 4797 2776 4850 ideo
2807 4798 2918 4866 ipse
2948 4798 3202 4852 Dominus
3226 4799 3328 4852 alio
3356 4800 3469 4854 loco
3495 4800 3562 4854 de
3591 4801 3695 4855 hoc
3727 4803 3804 4856 in-

2224 4897 2520 4956 terrogatus
2541 4930 2554 4952 ,
2588 4889 2655 4941 ita
2688 4889 2959 4956 respondit
2990 4907 3003 4943 :
3040 4889 3150 4942 Iloc
3186 4889 3387 4960 Moyses
3430 4901 3638 4961 prapter
3665 4893 3804 4944 duri-

2221 4977 2340 5029 tiam
2371 4988 2583 5031 vestram
2620 4978 2736 5048 fecit
2777 4978 2988 5047 (Matth.
3019 4996 3105 5033 xix
3127 5021 3141 5044 ,
3172 4980 3247 5051 8).
3280 4981 3630 5045 Quantmnvis
3668 4983 3802 5036 enim

2220 5070 2387 5124 durus
2409 5081 2548 5124 esset
2567 5071 2656 5138 qui
2680 5070 2837 5125 vcllct
2856 5071 3125 5125 dimittere
3146 5087 3385 5137 uxorem,
3409 5087 3530 5125 cum
3553 5074 3804 5142 cogitaret

2221 5163 2401 5217 libello
2438 5165 2641 5232 repudii
2676 5164 2799 5218 dato
2834 5163 2944 5234 jam
2971 5165 3085 5219 sine
3110 5165 3344 5235 periculo
3376 5181 3493 5219 cam
3522 5181 3684 5236 posse
3717 5184 3804 5218 nn-

2222 5255 2349 5308 bere
2373 5254 2558 5320 alteri,
2589 5255 2740 5310 facile
2767 5256 3086 5326 placaretur.
3135 5257 3389 5311 Dominus
3426 5273 3556 5327 ergo
3583 5257 3649 5311 ad
3682 5257 3802 5311 illud

2219 5343 2641 5401 conflrmandnm
2681 5355 2738 5400 ut
2778 5363 2881 5401 non
2922 5347 3078 5403 facile
3117 5363 3251 5401 uxor
3282 5346 3611 5414 dimittatur,
3641 5348 3800 5404 solam

2218 5452 2432 5494 causam
2461 5437 2822 5491 fornicationis
2847 5439 3052 5508 excepit
3081 5457 3094 5494 :
3120 5449 3344 5494 carteras
3369 5453 3495 5494 vero
3523 5439 3800 5494 universas

2219 5527 2524 5593 molestias,
2561 5529 2604 5582 si
2650 5543 2769 5597 qua:
2812 5528 2948 5585 forte
2989 5531 3318 5598 exstiterint,
3361 5530 3515 5600 jubet
3562 5545 3661 5600 pro
3705 5529 3799 5583 fide

2217 5619 2479 5690 coniugali
2509 5628 2564 5675 et
2600 5635 2696 5689 pro
2728 5620 2972 5677 castitate
3013 5620 3220 5677 fortiter
3259 5621 3544 5687 sustineri;
3585 5629 3641 5676 et
3668 5634 3796 5676 mte-

2219 5711 2378 5767 cbnm
2402 5711 2531 5768 dicit
2557 5712 2717 5769 etiam
2741 5713 2911 5770 virum
2951 5711 3042 5786 qui
3071 5728 3188 5772 eam
3214 5713 3462 5781 duxerit,
3489 5727 3609 5786 qua:
3632 5711 3794 5768 soluts
