4042 6358
258 361 388 420 ιειθ

255 494 334 537 est
351 497 379 533 a
402 479 530 532 viro.
558 473 720 544 Cujus
744 474 815 528 rei
838 475 1108 544 apostolus
1131 471 1325 526 Paulus
1348 473 1627 526 terminum
1651 484 1830 526 osten-

258 572 347 635 dit,
374 569 494 640 quia
522 566 722 620 tamdiu
751 564 1138 618 observandum
1166 563 1310 624 dicit,
1340 564 1588 633 quamdiu
1613 564 1694 617 vir
1717 564 1831 633 ejus

255 664 378 717 vivit
402 680 415 714 :
439 661 524 712 illo
545 666 719 711 autem
744 668 973 715 mortuo.
998 657 1086 709 dat
1109 656 1338 709 nubendi
1364 658 1628 710 licentiam
1654 656 1828 728 (Itoni.

254 769 337 812 vu,
362 751 415 810 2,
444 749 518 818 5).
553 747 697 801 llane
725 748 866 800 cnim
892 748 1051 801 etiam
1082 748 1194 815 ipse
1222 748 1454 816 regulam
1483 752 1670 811 tenuit,
1697 758 1750 801 ct
1777 748 1827 800 in

251 860 309 897 ca
349 858 448 894 non
484 855 634 893 suum
671 840 984 902 consilium,
1027 840 1162 892 sicut
1200 839 1252 892 in
1291 839 1558 893 nonnullis
1589 840 1825 905 monitis,

250 931 339 987 sed
375 939 691 1000 przcceptnm
726 928 936 981 Domini
973 928 1207 996 jubentis
1245 928 1508 991 ostendit,
1554 945 1673 983 cum
1713 929 1824 982 ait:

254 1022 336 1076 Eis
363 1031 522 1073 autent
551 1020 636 1086 qui
666 1031 782 1072 sunt
819 1020 870 1072 in
906 1020 1140 1089 conjugio
1180 1020 1439 1088 prtccipio,
1461 1036 1561 1072 non
1600 1036 1710 1087 rgo,
1740 1020 1829 1072 sed

254 1114 504 1175 flmninus,
531 1111 790 1164 mulierem
814 1128 844 1162 a
868 1112 972 1164 viro
993 1126 1092 1163 non
1113 1110 1367 1164 discedere
1386 1127 1404 1175 ;
1424 1111 1559 1179 quod
1578 1112 1620 1164 si
1642 1113 1826 1165 disces-

247 1205 375 1266 serit,
409 1219 609 1257 manere
632 1206 915 1273 innuptam,
946 1211 1029 1255 aut
1057 1204 1162 1255 viro
1188 1220 1279 1255 suo
1300 1204 1614 1256 reconciliari
1643 1219 1661 1257 :
1685 1214 1728 1256 et
1755 1205 1828 1257 rir

247 1316 445 1352 uxorem
474 1316 574 1351 non
601 1298 819 1351 dimittat
850 1296 902 1369 (Ι
929 1296 1047 1351 Cor.
1070 1312 1163 1360 vn,
1193 1297 1280 1361 10,
1312 1297 1418 1367 Η).
1449 1297 1639 1362 Credo,
1668 1297 1823 1352 simili

249 1388 407 1442 forma
430 1430 443 1453 ,
478 1398 533 1441 ut
560 1388 606 1441 si
630 1389 889 1441 dimiserit
920 1403 1022 1439 non
1053 1386 1213 1439 ducat
1240 1386 1395 1439 aliam
1418 1428 1432 1450 ,
1464 1395 1553 1438 aut
1583 1389 1824 1440 reconci-

246 1480 395 1533 lietur
425 1480 595 1533 uxori.
643 1479 783 1533 Fieri
827 1479 968 1533 cuitu
1015 1487 1189 1546 potest
1234 1487 1291 1530 ut
1330 1478 1559 1531 dimittat
1602 1494 1825 1533 morem

243 1584 393 1623 causa
441 1568 834 1631 fornicationis,
884 1583 1041 1636 quam
1095 1568 1348 1621 Dominus
1391 1577 1664 1636 exceptam
1706 1584 1825 1623 esse

241 1661 417 1714 voluit.
446 1660 696 1714 Jamvero
718 1660 760 1714 si
784 1674 882 1713 nec
904 1659 979 1711 illi
1008 1658 1207 1712 nubere
1230 1658 1540 1712 conceditur
1566 1659 1687 1711 vivo
1712 1661 1825 1713 viro

241 1767 268 1805 a
294 1767 395 1821 quo
422 1752 663 1817 recessit,
694 1765 865 1820 neque
893 1750 1013 1804 huic
1038 1750 1259 1803 alteram
1287 1749 1481 1802 ducere
1515 1750 1630 1802 viva
1659 1765 1823 1805 usuro

239 1860 387 1913 quam
414 1844 649 1909 dimisit;
682 1844 850 1897 multo
878 1843 1050 1896 minus
1085 1840 1165 1895 fas
1206 1851 1286 1895 est
1331 1841 1509 1895 illicita
1546 1856 1663 1895 cum
1702 1843 1822 1911 qui-

241 1936 459 1992 huslibet
505 1947 688 2007 stupra
730 1937 1083 1991 committere.
1134 1935 1373 1988 Beatiora
1415 1949 1541 1988 sane
1579 1935 1820 2004 coujngia

234 2028 508 2096 judicanda
537 2038 696 2088 sunt.
729 2043 847 2098 qua:
875 2027 985 2081 sive
1015 2026 1135 2079 filiis
1165 2026 1460 2094 procreatis
1479 2067 1494 2090 ,
1523 2025 1634 2079 sive
1660 2026 1820 2079 etiam

237 2118 330 2172 ista
362 2129 570 2173 terrena
612 2118 759 2188 prole
795 2126 1097 2185 contempta
1119 2156 1136 2183 ,
1179 2116 1559 2169 continentiam
1597 2116 1736 2170 inter
1763 2130 1821 2169 se

237 2211 343 2277 pari
382 2225 646 2264 consensu
684 2224 898 2263 scrvare
939 2208 1205 2277 potuerint
1233 2224 1244 2260 :
1270 2206 1390 2276 quia
1430 2221 1601 2276 neque
1638 2217 1818 2260 contra

236 2301 354 2354 illud
387 2313 709 2371 pra'ccpttuu
752 2300 808 2353 fit
830 2341 842 2363 ,
875 2316 979 2368 quo
1023 2299 1277 2352 Dominus
1315 2298 1505 2350 dimitti
1541 2298 1820 2365 conjugem

235 2401 399 2457 vetat;
433 2409 537 2447 non
570 2392 712 2445 enim
740 2390 976 2449 dimittit,
1007 2389 1095 2457 qui
1128 2403 1247 2441 cum
1279 2401 1340 2439 ea
1370 2401 1476 2440 non
1511 2386 1817 2449 carnaliter,

235 2481 323 2536 sed
344 2483 687 2552 spiritualiter
707 2480 832 2534 vivit
857 2498 869 2532 :
893 2489 946 2532 et
967 2478 1093 2531 illud
1116 2486 1377 2541 servatur,
1400 2476 1540 2545 quod
1565 2492 1661 2544 per
1681 2477 1822 2545 Apo-

234 2575 422 2630 stolum
460 2577 700 2639 dicitur,
753 2572 1023 2643 Reliquum
1066 2578 1137 2624 est
1179 2579 1234 2622 ut
1280 2569 1365 2638 qui
1407 2568 1589 2621 habent
1618 2584 1816 2634 uxores,

232 2667 370 2734 quasi
395 2684 493 2721 non
521 2667 760 2721 habentes
783 2665 883 2718 sint
915 2661 1074 2733 (Ibid.
1101 2659 1215 2730 29).

300 2758 522 2814 CAPUT
552 2757 667 2811 XV.
692 2785 763 2795 —-
784 2755 871 2810 ΔΟ.
900 2753 1031 2807 Illud
1055 2752 1221 2821 magis
1241 2750 1374 2804 solet
1400 2749 1685 2803 sollicitare
1705 2748 1822 2803 ani-

234 2863 375 2902 mum
394 2849 754 2918 parvulorum,
771 2847 859 2916 qtti
884 2854 1059 2899 tamen
1084 2843 1373 2897 secundum
1396 2853 1660 2913 prazcepta
1674 2841 1821 2895 Chri-

233 2941 294 2993 sti
320 2941 427 3010 jam
456 2942 634 2996 vivere
657 2939 918 3010 gestiunt,
950 2935 1090 3006 quod
1121 2935 1225 2989 alio
1262 2936 1379 2987 loco
1415 2935 1529 3003 ipse
1565 2933 1819 2988 Dominus

232 3031 359 3085 dicit
382 3073 397 3099 ,
425 3032 663 3102 Quisquis
681 3030 809 3084 venit
830 3029 897 3081 ad
918 3044 1015 3092 me,
1042 3035 1088 3079 et
1114 3042 1212 3079 non
1235 3024 1340 3078 odit
1367 3035 1561 3095 patrem
1580 3041 1748 3089 suum,
1772 3033 1820 3077 et

230 3133 468 3192 matrem,
496 3134 543 3178 et
572 3139 806 3186 uxorem,
838 3129 883 3173 et
911 3119 1044 3189 ﬁlios
1063 3158 1078 3183 ,
1108 3127 1153 3171 et
1173 3121 1389 3187 fratres,
1422 3126 1468 3168 et
1493 3131 1706 3180 sorores,
1735 3116 1817 3168 in-

231 3229 380 3283 super
408 3225 453 3268 et
479 3215 701 3268 animam
724 3228 867 3266 suam
886 3251 901 3275 ,
931 3227 1032 3263 non
1059 3218 1217 3278 potest
1249 3223 1388 3259 meus
1412 3222 1517 3260 esse
1541 3206 1819 3275 discipulus

232 3302 381 3371 (Luc.
412 3320 519 3370 xw,
546 3302 658 3375 26).
694 3301 868 3356 V'ideri
899 3300 1038 3354 enim
1072 3306 1245 3367 potest
1280 3298 1605 3351 contrarium
1645 3296 1819 3349 minus

230 3392 669 3463 iutelligentibus,
690 3391 832 3462 quod
855 3390 940 3444 hic
957 3398 1098 3443 vetat
1115 3388 1307 3443 dimitti
1331 3402 1577 3452 uxorem,
1595 3394 1817 3455 excepta

229 3498 386 3540 causa
414 3485 799 3548 fornicationis,
825 3484 948 3538 alibi
978 3498 1106 3536 vero
1134 3481 1449 3549 discipulum
1478 3495 1633 3533 suum
1661 3488 1818 3548 negat

229 3590 349 3631 esse
378 3591 535 3646 posse
562 3591 877 3647 quemquam
919 3574 1007 3642 qui
1046 3589 1149 3626 non
1191 3572 1365 3625 oderit
1394 3585 1631 3624 uxorem.
1664 3570 1817 3638 Quod

230 3665 272 3718 si
298 3678 515 3738 propter
547 3667 882 3723 concubitum
911 3665 1111 3719 diceret
1130 3706 1144 3729 ,
1179 3679 1284 3717 non
1312 3663 1469 3718 etiam
1498 3672 1734 3732 patrem,
1764 3671 1818 3718 et

232 3769 451 3814 matrem
470 3802 485 3825 ,
518 3768 572 3814 ct
599 3757 788 3812 fratres
817 3759 866 3810 iu
893 3756 1080 3811 eadem
1106 3755 1407 3809 conditione
1436 3766 1675 3824 poneret.
1709 3753 1815 3809 Sed

229 3861 385 3915 quam
417 3864 604 3905 verum
634 3856 715 3902 est
742 3846 880 3917 quod
913 3862 1119 3917 regnum
1149 3846 1387 3898 caelorum
1412 3846 1508 3897 vim
1536 3846 1742 3913 patitur,
1770 3856 1818 3899 et

230 3939 315 4006 qui
335 3941 435 3994 vim
459 3942 673 4012 faciunt,
700 3940 943 4008 diripiunt
968 3938 1096 3991 illud
1124 3935 1333 4007 (Matth.
1357 3952 1429 4000 xl,
1461 3936 1546 4008 12)
1569 3939 1581 3991 !
1612 3940 1815 4003 Quanta

230 4032 370 4087 enim
398 4034 449 4087 vi
476 4048 610 4103 opus
635 4041 717 4087 est
737 4074 752 4098 ,
786 4041 842 4085 ut
884 4032 1042 4084 homo
1066 4029 1248 4098 diligat
1278 4014 1539 4093 inimicos,
1568 4036 1622 4083 et
1644 4030 1817 4085 oderit

230 4132 428 4189 patrem
451 4167 471 4192 ,
500 4133 550 4178 et
578 4132 797 4177 matrem
820 4164 834 4186 ,
862 4129 917 4176 et
944 4134 1161 4174 uxorem
1184 4159 1199 4183 ,
1229 4129 1282 4173 et
1309 4118 1441 4173 filios
1462 4160 1477 4185 ,
1507 4128 1562 4173 et
1586 4118 1811 4175 fratres!

230 4208 520 4286 Utrumque
544 4214 687 4269 enim
708 4213 880 4281 jubet,
907 4212 995 4282 qui
1022 4210 1088 4265 ad
1117 4225 1333 4281 regnum
1359 4211 1613 4266 cmlorum
1639 4220 1809 4266 voeat.

229 4300 295 4355 Et
313 4305 581 4374 quomodo
604 4305 717 4359 hzcc
739 4320 844 4357 non
869 4304 972 4357 sint
995 4302 1258 4356 contraria
1283 4303 1419 4355 inter
1438 4318 1515 4366 se,
1542 4302 1658 4372 ipso
1677 4301 1814 4358 duce

229 4398 510 4453 ostendere
550 4397 703 4452 facile
741 4406 825 4451 est
852 4413 866 4461 ;
895 4395 990 4451 sed
1030 4410 1091 4450 ea
1129 4395 1393 4450 intellecta
1424 4395 1645 4466 implere
1669 4396 1814 4449 difli-

229 4484 327 4540 cile
354 4505 367 4541 :
394 4506 693 4560 quanquam
721 4499 775 4544 et
802 4490 902 4544 hoc
929 4488 1116 4543 eodem
1160 4489 1273 4557 ipso
1306 4489 1587 4556 adjuvantc
1626 4489 1814 4542 facilli-

229 4590 393 4631 mum.
434 4580 673 4649 Regnum
721 4580 864 4634 enim
910 4584 1168 4631 atternum
1211 4591 1315 4644 quo
1349 4576 1637 4645 discipulus
1665 4592 1809 4643 suos,

227 4683 358 4737 quos
384 4674 542 4727 etiam
574 4672 765 4724 fratres
792 4669 1043 4739 appellat,
1080 4683 1270 4722 vocare
1296 4667 1541 4736 dignatus
1570 4676 1672 4734 est,
1706 4683 1812 4723 non

230 4758 385 4818 habet
404 4762 705 4834 lmjusmodi
728 4760 1146 4815 necessitudines
1167 4759 1508 4829 temporales.
1535 4758 1654 4814 Non
1670 4762 1811 4816 cnim

228 4862 296 4905 est
320 4854 533 4909 Judazus
551 4895 566 4919 ,
598 4868 754 4924 neque
782 4850 987 4906 Caecus
1006 4891 1020 4916 ,
1053 4867 1211 4920 neque
1238 4850 1489 4904 masculus
1509 4893 1524 4915 ,
1554 4867 1710 4921 neque
1733 4855 1812 4922 fe-

228 4945 393 5014 mina,
424 4963 581 5017 neque
604 4961 792 5010 servus,
826 4959 982 5014 neque
1010 4942 1169 5007 liber;
1197 4941 1285 4995 sed
1310 4941 1479 4995 omnia
1502 4950 1547 4994 et
1573 4943 1625 4995 in
1650 4944 1813 4995 omni-

229 5034 317 5089 bus
342 5037 570 5093 Christus
600 5035 793 5107 (Galat.
822 5052 909 5099 ιιι,
934 5034 1004 5089 28
1023 5076 1038 5100 ,
1068 5043 1114 5088 et
1136 5031 1328 5088 Coloss.
1352 5049 1437 5099 tu,
1468 5034 1577 5104 ll).
1609 5034 1675 5087 Et
1700 5035 1812 5103 ipse

230 5126 484 5188 Dominus
512 5130 639 5186 dicit
671 5148 686 5188 :
730 5128 796 5183 In
835 5127 1197 5183 resurrectione
1240 5127 1373 5180 enim
1412 5143 1568 5196 neque
1603 5128 1809 5191 nubent,

229 5236 382 5293 neque
407 5241 588 5280 uxores
613 5225 831 5286 ducent;
855 5221 943 5276 sed
964 5229 1105 5275 erunt
1128 5219 1252 5272 sicut
1278 5217 1456 5290 Angeli
1482 5217 1576 5272 Dei
1600 5220 1652 5272 in
1675 5220 1814 5273 caelis

231 5310 438 5382 (Matth.
464 5332 593 5381 xxu,
617 5314 730 5385 '50).
758 5311 978 5383 Oportet
1003 5326 1131 5379 ergo
1158 5308 1477 5389 utquisquis
1502 5309 1643 5363 illius
1664 5310 1812 5378 regni

229 5407 386 5465 Vitam
410 5412 519 5482 jam
550 5409 637 5463 hic
664 5407 904 5463 meditari
933 5405 1177 5469 voluerit,
1210 5402 1381 5457 oderit
1410 5417 1514 5455 non
1547 5402 1689 5470 ipsos
1717 5401 1814 5455 bo-

231 5499 431 5571 mines,
468 5503 562 5558 sed
605 5502 735 5557 istas
774 5498 1190 5555 necessitudines
1230 5495 1581 5565 temporales,
1622 5494 1812 5564 quibus

231 5586 330 5647 ista
358 5612 476 5665 qua:
507 5594 791 5649 transitura
819 5600 900 5647 est
924 5590 1031 5644 vita
1056 5589 1293 5654 fulcitur,
1325 5603 1443 5657 qua:
1467 5586 1734 5642 nascendo
1760 5596 1815 5641 et

233 5684 505 5742 moriendo
526 5685 829 5756 peragitur:
853 5680 994 5753 quod
1020 5680 1112 5751 qui
1132 5695 1237 5735 nou
1258 5678 1389 5745 odit,
1418 5678 1650 5734 nondum
1670 5689 1815 5736 amat

224 5767 373 5833 mam
407 5778 569 5836 vitam
612 5777 699 5834 ubi
744 5776 885 5832 nulla
930 5773 1033 5829 erit
1073 5772 1307 5830 conditio
1356 5772 1609 5830 nascendi
1654 5782 1814 5845 atque

1585 355 1785 411 LIBER
1829 355 2101 413 Pitlea.

3388 378 3519 437 nso

1943 473 2222 537 moriendi,
2253 491 2370 545 quzc
2399 478 2607 547 copulat
2636 489 2842 538 terrena
2872 485 3132 557 conjugis.
3200 539 3205 544 .

2008 566 2097 619 ιιι.
2131 566 2310 636 Itaque
2338 569 2382 622 si
2408 571 2637 639 aliquem
2667 574 2800 630 bene
2825 575 3189 645 christiatmm,
3219 583 3310 651 qui
3339 592 3514 642 tamen

1938 653 2092 709 habet
2124 673 2372 724 uxorem,
2403 667 2640 729 quamvis
2671 680 2790 718 cum
2819 681 2878 719 ca
2906 668 3077 725 adlmc
3117 672 3250 726 lilios
3273 688 3509 744 generet,

1938 745 2279 817 interrogem,
2311 758 2486 805 utrum
2516 753 2566 805 in
2594 754 2684 819 illo
2709 771 2871 824 regno
2896 757 3093 815 habere
3112 762 3238 817 velit
3258 782 3512 832 uxorem;

1936 852 2142 890 memor
2186 849 2363 908 uttquc
2410 845 2787 910 promissorum
2833 849 2925 903 Dei
2964 862 3019 905 ct
3056 853 3175 908 vitm
3214 855 3385 920 illius,
3427 861 3515 914 ubi
3552 918 3557 923 ,

1934 928 2276 1011 eorruptibile
2323 931 2422 985 hoc
2467 932 2646 989 induet
2692 937 3174 1009 incorruptionem,
3207 955 3261 1000 et
3289 952 3513 1004 mortale

1937 1017 2036 1072 hoc
2067 1019 2249 1074 induet
2274 1021 2721 1079 immortalitatem
2757 1028 2806 1097 (Ι
2832 1029 2948 1082 Cor.
2977 1047 3064 1097 xv,
3106 1035 3207 1097 53,
3247 1037 3375 1105 54);
3404 1039 3512 1107 jam

1934 1124 2127 1178 magno
2155 1112 2236 1165 vel
2264 1122 2408 1167 certe
2434 1116 2610 1185 aliquo
2646 1133 2828 1191 amore
2862 1136 3151 1193 suspensus
3169 1169 3184 1192 ,
3216 1143 3335 1182 cum
3363 1148 3515 1187 exsc-

1933 1204 2169 1256 eratioue
2199 1206 2557 1273 respondebit,
2593 1223 2653 1262 sc
2679 1210 3023 1269 vehementer
3050 1216 3099 1270 id
3127 1219 3285 1275 nolle.
3315 1221 3516 1278 “UI‘SHS

1933 1293 1976 1345 si
2006 1294 2357 1365 interrogem,
2390 1307 2565 1351 utrum
2597 1314 2817 1355 uxorem
2847 1318 2994 1358 suam
3026 1316 3142 1374 post
3167 1316 3515 1366 resurrectio-

1933 1399 2054 1437 nem
2084 1398 2298 1454 accepta
2328 1390 2562 1457 angelica
2596 1390 2958 1448 immutatione
2982 1396 2997 1426 ¹
3024 1413 3142 1466 qua:
3172 1402 3367 1454 sanctis
3394 1419 3516 1472 pro—

1928 1475 2184 1547 niittitur,
2217 1491 2396 1531 secum
2440 1479 2507 1532 ibi
2545 1480 2724 1536 vivere
2764 1482 2919 1549 velit;
2954 1495 3057 1540 tam
3087 1488 3429 1546 vehementer
3458 1510 3517 1549 se

1931 1565 1981 1618 id
2011 1566 2145 1621 velle
2185 1584 2342 1636 quam
2376 1570 2501 1624 illud
2538 1572 2676 1626 nolle
2718 1577 3074 1643 respondebit.
3118 1580 3206 1636 Sic
3253 1584 3517 1644 invenitur

1931 1658 2098 1714 bonus
2129 1662 2449 1716 christianus
2490 1664 2713 1735 diligere
2754 1668 2803 1720 iu
2846 1685 2945 1722 una
2989 1669 3179 1725 fetniua
3218 1686 3516 1733 creaturam

1932 1751 2055 1816 Dei,
2091 1769 2248 1824 quam
2293 1754 2568 1811 reformari
2612 1767 2666 1812 et
2708 1762 2949 1815 renovari
2992 1763 3293 1831 desiderat;
3338 1769 3518 1826 odisse

1929 1852 2106 1897 autem
2137 1845 2563 1912 conjunctioncm
2595 1850 3087 1922 copulationctnque
3115 1859 3514 1924 corruptibilem

1928 1943 2086 2005 atque
2114 1938 2389 1991 mortalem
2422 1957 2435 1993 :
2469 1939 2571 1994 hoc
2601 1954 2714 2008 est,
2749 1942 2972 2013 diligere
3013 1946 3063 2000 in
3093 1963 3153 2001 ea
3183 1950 3322 2017 quod
3354 1951 3516 2007 homo

1926 2034 2010 2079 est
2029 2066 2044 2091 ,
2074 2027 2249 2082 odisse
2274 2029 2413 2098 quod
2446 2047 2578 2084 uxor
2602 2040 2702 2085 est.
2734 2034 2805 2087 lta
2833 2036 2991 2089 etiam
3020 2036 3189 2107 diligit
3222 2040 3512 2106 inimicum.

1928 2130 2032 2170 n0u
2061 2118 2111 2170 iu
2146 2129 2398 2187 quantum
2433 2122 2676 2175 inimicus
2704 2133 2784 2177 cst
2805 2164 2820 2188 ,
2849 2126 2942 2179 sed
2983 2127 3033 2180 in
3070 2138 3321 2197 quantum
3355 2133 3517 2187 homo

1927 2217 2042 2270 est;
2076 2214 2133 2259 ut
2159 2207 2258 2261 hoc
2283 2209 2332 2261 ei
2364 2210 2491 2264 velit
2518 2212 2797 2280 provenire
2823 2214 2963 2282 quod
2990 2216 3121 2282 sibi,
3151 2217 3202 2271 id
3228 2228 3337 2284 est,
3366 2231 3424 2275 ιιι
3446 2221 3516 2281 ad

1927 2311 2146 2365 regnum
2178 2299 2438 2353 cowlorum
2481 2310 2751 2356 correctus
2793 2314 3182 2375 reuovatusque
3224 2311 3514 2376 perveniat.

1929 2385 2038 2439 lloc
2076 2395 2130 2440 ct
2166 2387 2233 2440 de
2264 2398 2410 2456 patre
2444 2390 2589 2444 etde
2619 2401 2789 2445 matre
2817 2402 2869 2445 et
2895 2396 3104 2448 ctnteris
3134 2397 3354 2452 vinculis
3393 2414 3517 2454 san-

1925 2478 2098 2546 guinis
2128 2479 2525 2549 intelligendum
2555 2490 2667 2543 est,
2697 2490 2752 2535 ut
2780 2482 2830 2536 in
2857 2484 2937 2537 eis
2962 2485 3233 2540 oderimus
3260 2488 3399 2557 quod
3424 2505 3516 2559 ge-

1926 2585 2027 2623 nus
2053 2570 2340 2624 humanum
2366 2574 2635 2627 nascendo
2657 2584 2710 2628 ct
2737 2576 3013 2631 moriendo
3038 2580 3282 2633 sortitum
3307 2590 3389 2635 cst
3415 2579 3513 2655 (a),

1924 2660 2208 2723 diligamus
2236 2671 2412 2716 autem
2444 2663 2583 2732 ψιοά
2626 2664 2901 2719 nobiscum
2933 2675 3107 2736 potest
3134 2669 3199 2722 ad
3233 2670 3318 2723 illa
3352 2688 3515 2743 regna

1928 2752 2141 2820 perduci
2166 2794 2180 2818 ,
2209 2753 2295 2806 ubi
2325 2769 2483 2807 nemo
2508 2755 2654 2818 dicit,
2692 2756 2845 2810 Pater
2874 2773 3059 2823 meus;
3088 2759 3180 2813 Sed
3208 2776 3396 2815 onmes
3421 2764 3514 2819 uni

1926 2841 2035 2895 Deo
2056 2884 2069 2904 ,
2113 2841 2267 2896 Pater
2302 2853 2469 2898 noster
2505 2860 2524 2897 :
2555 2860 2654 2899 nec
2673 2886 2687 2908 ,
2716 2846 2881 2901 Mater
2919 2864 3068 2913 mea;
3099 2852 3191 2904 sed
3222 2867 3407 2907 omnes
3437 2855 3513 2909 illi

1924 2932 2241 2997 Jerusalem,
2266 2934 2429 2987 Mater
2452 2947 2628 2989 nostra
2654 2954 2666 2988 :
2692 2953 2787 2991 nec
2807 2937 2992 2992 Frater
3013 2955 3189 3004 meus;
3213 2942 3306 2997 sed
3326 2959 3515 3000 omnes

1925 3024 1993 3078 de
2017 3025 2296 3088 omnibus,
2329 3024 2515 3080 Frater
2542 3039 2722 3081 noster
2754 3046 2766 3082 :
2793 3030 3095 3100 conjugium
3122 3048 3248 3085 vero
3276 3049 3396 3087 cum
3424 3035 3515 3089 illo

1925 3116 2080 3169 simul
2117 3117 2269 3171 nobis
2314 3118 2363 3170 in
2409 3133 2572 3172 unum
2618 3118 2845 3173 redactis
2866 3161 2880 3184 ,
2911 3123 3059 3190 quasi
3091 3123 3247 3178 unius
3274 3125 3515 3195 conjugis

1926 3207 2045 3272 erit,
2077 3208 2165 3277 qui
2198 3224 2295 3262 nos
2322 3208 2388 3263 dc
2412 3210 2783 3278 prostitutione
2813 3210 2965 3280 hujus
2993 3214 3170 3267 saeculi
3202 3215 3282 3268 sui
3303 3218 3516 3286 sangui-

1926 3299 2008 3351 nis
2033 3299 2288 3353 effusione
2317 3300 2577 3354 liberavit.
2607 3300 2838 3357 Necesse
2872 3312 2956 3358 est
2992 3319 3121 3373 ergo
3161 3315 3218 3360 ut
3251 3307 3425 3361 oderit
3449 3325 3514 3364 ea

1923 3406 2041 3459 qua:
2084 3399 2362 3445 transeunt
2402 3392 2697 3462 discipulus
2730 3391 2959 3457 Christi,
2995 3395 3045 3449 iu
3079 3397 3141 3450 iis
3170 3412 3304 3466 quos
3331 3414 3512 3454 secum

1922 3482 1987 3535 ad
2017 3483 2296 3537 cnvenire
2334 3483 2638 3551 desiderat,
2678 3502 2798 3556 quae
2839 3501 3052 3557 semper
3094 3491 3416 3555 manebunt;
3458 3502 3515 3549 et

1923 3581 2070 3625 tanto
2091 3573 2260 3643 magis
2281 3572 2397 3628 lucc
2419 3574 2470 3628 in
2494 3575 2571 3629 eis
2588 3575 2779 3641 oderit,
2802 3587 2999 3646 quanto
3020 3580 3186 3649 magis
3208 3595 3302 3635 eos
3320 3581 3510 3652 diligit.

1994 3664 2084 3717 42.
2133 3664 2316 3719 Potest
2354 3666 2509 3735 igitur
2536 3666 2856 3723 christianus
2892 3684 3011 3723 cum
3039 3672 3261 3743 conjuge
3289 3689 3515 3730 concor-

1922 3753 2059 3810 diter
2092 3757 2305 3822 vivere;
2335 3758 2448 3812 sive
2476 3757 2820 3828 indigentiam
2849 3763 3117 3817 carnalem
3145 3780 3264 3819 cum
3293 3781 3354 3820 ea
3378 3782 3509 3837 sup-

1924 3846 2103 3917 plens,
2131 3847 2271 3917 quod
2295 3848 2588 3904 secundum
2616 3851 2854 3914 veniam,
2883 3868 2988 3907 non
3014 3855 3305 3911 secundum
3336 3858 3503 3928 impe-

1922 3938 2059 3992 rium
2082 3940 2103 3970 ⁸
2130 3940 2258 3994 dicit
2294 3940 2616 4008 Apostolus;
2657 3942 2768 3997 sive
2798 3942 3024 3998 filiorum
3056 3949 3509 4016 propagatimtem,

1922 4029 2062 4099 quod
2092 4029 2201 4100 jam
2245 4031 2506 4086 nonnullo
2534 4031 2700 4102 gradu
2724 4043 2901 4103 poest
2925 4049 3047 4091 esse
3073 4035 3373 4101 laudabile;
3401 4039 3513 4096 sive

1923 4120 2207 4176 fraternam
2235 4124 2568 4188 societatem,
2598 4125 2713 4179 sine
2742 4125 2847 4178 ulla
2872 4140 3155 4195 corporum
3180 4130 3516 4185 commixtio-

1923 4230 2011 4279 ne,
2046 4213 2248 4269 babens
2272 4230 2492 4269 uxorem
2521 4225 2772 4283 tanquam
2800 4230 2903 4268 non
2928 4215 3151 4281 habens,
3177 4216 3317 4286 quod
3347 4228 3429 4275 est
3459 4221 3511 4275 iu

1924 4306 2169 4375 conjugio
2192 4305 2613 4360 Christianorum
2638 4304 3140 4359 excellentissimum
3167 4315 3325 4377 atque
3349 4310 3515 4365 subli-

1922 4415 2008 4453 me
2037 4417 2050 4451 :
2080 4408 2137 4451 ut
2166 4406 2344 4452 tamen
2382 4395 2555 4451 oderit
2584 4396 2634 4450 in
2662 4411 2726 4450 ea
2754 4412 2946 4451 nomen
2978 4400 3284 4467 temporalis
3320 4416 3511 4457 neces-

1922 4490 2092 4543 sitatis
2129 4488 2183 4554 ³,
2227 4497 2282 4542 et
2328 4488 2513 4556 diligat
2562 4502 2711 4556 spem
2764 4489 3100 4556 sempiterna:
3148 4489 3507 4546 beatitudinis.

1919 4578 2141 4634 Odimus
2166 4577 2307 4632 enim
2334 4576 2449 4631 sine
2473 4576 2654 4641 dubio,
2678 4576 2818 4647 quod
2843 4585 2989 4633 certe
3015 4588 3068 4631 ut
3095 4579 3379 4649 aliquando
3405 4597 3509 4638 non

1920 4670 1989 4724 sit
2016 4677 2296 4738 optamus,
2329 4667 2465 4721 sicut
2495 4666 2649 4721 istam
2693 4666 2861 4736 ipsam
2902 4670 3179 4737 prmsculis
3217 4671 3396 4726 saeculi
3432 4673 3513 4727 vi-

1921 4768 2027 4813 tam
2047 4800 2061 4824 ,
2091 4773 2247 4829 quam
2287 4758 2634 4827 temporalem
2665 4757 2709 4812 si
2738 4772 2842 4811 non
2868 4758 3198 4825 odissemus,
3229 4777 3335 4815 non
3364 4762 3509 4817 desi-

1918 4853 2229 4907 deraremus
2270 4850 2533 4913 futuram,
2580 4865 2700 4919 quae
2728 4865 2834 4906 non
2865 4859 2951 4906 est
2988 4853 3215 4921 tempori
3259 4853 3507 4908 obnoxia.

1920 4943 2027 4998 Pro
2054 4943 2154 4995 hac
2178 4941 2319 4996 enim
2349 4941 2454 4995 vita
2484 4941 2653 5011 posita
2680 4952 2761 4996 est
2780 4941 2980 5007 anima,
3004 4941 3071 4996 de
3093 4956 3194 5011 qua
3220 4943 3289 4997 ibi
3312 4943 3508 4998 dictum

1919 5044 2021 5101 est,
2054 5034 2152 5100 Qui
2178 5050 2279 5087 non
2304 5033 2464 5087 oderit
2491 5032 2696 5104 insuper
2722 5042 2770 5087 et
2794 5033 3019 5086 animum
3041 5050 3206 5098 suam,
3230 5052 3329 5088 non
3351 5047 3512 5105 potest

1919 5142 2025 5179 esse
2054 5141 2191 5178 meus
2220 5125 2500 5196 discipulus
2530 5123 2679 5196 (an.
2703 5139 2812 5189 stv,
2852 5124 2933 5194 6).
2965 5124 3095 5179 lluic
3126 5142 3357 5196 namque
3388 5130 3508 5183 vita:

1918 5219 2069 5273 cibus
2098 5228 2181 5274 est
2212 5219 2544 5274 necessarius
2581 5218 2684 5273 iste
2716 5218 3077 5289 corruptibilis
3097 5261 3111 5283 ,
3149 5220 3217 5276 de
3253 5238 3359 5293 quo
3395 5223 3511 5293 ipse

1984 5352 2000 5383 ι
2027 5351 2226 5418 sicciss.
2253 5356 2305 5399 ct
2329 5348 2464 5409 editi,
2504 5357 2684 5411 praeter
2705 5355 2816 5399 star.
2855 5357 2908 5400 et
2941 5352 3171 5414 Lov.,qui
3195 5351 3395 5413 habent,
3419 5351 3510 5403 im-

1917 5411 2220 5463 mortalitate.

1982 5478 2001 5505 ³
2025 5480 2074 5521 tn
2095 5473 2318 5521 omnibus
2339 5480 2575 5529 Mss.,non
2596 5472 2857 5522 secundum
2880 5471 3106 5523 debitum.

1984 5536 2003 5567 ³
2029 5544 2127 5583 Am.
2148 5540 2219 5581 Fr.
2247 5540 2297 5581 et
2316 5540 2445 5589 Ima,
2470 5532 2622 5583 oderit
2642 5533 2689 5583 in
2701 5547 2756 5584 ea
2779 5548 2940 5585 omnes
2957 5534 3237 5594 temporales
3254 5536 3510 5588 necessita-

1919 5602 2005 5666 tes.
2034 5603 2237 5666 Αιιιιδε.,
2259 5593 2415 5666 oderit
2437 5594 2487 5644 in
2525 5608 2584 5644 ea
2812 5596 3415 5666 temporalisnecessitatis.
3441 5603 3512 5666 sic

1922 5660 2202 5769 ptjpmotar.
2229 5657 2312 5705 ubi
2336 5670 2421 5718 pro
2443 5657 2753 5723 necessitatis,
2774 5657 3038 5722 legetidtun
3063 5659 3270 5720 videtur,
3305 5660 3509 5713 necessi-

1943 5735 1970 5769 u
2010 5733 2117 5769 aus.
3030 5764 3033 5767 .

1918 5728 2117 5772 tadum.
3030 5764 3033 5767 .

1980 5782 2054 5843 ta)
2088 5788 2475 5843 tttctract.,cap.
2507 5780 2579 5841 l9,
2616 5795 2662 5829 ιι.
2688 5781 2735 5832 3.
