4076 6462
490 389 624 447 ιξδι

489 504 747 562 Dominus
766 499 911 564 dicit,
931 496 1115 553 Nonne
1134 494 1302 547 anima
1324 494 1440 564 plus
1462 502 1701 560 estquam
1724 504 1835 543 esca
1856 485 2070 557 (Matth.

490 613 562 661 vr,
583 596 717 665 25)?
744 593 795 647 id
821 601 931 656 est,
960 588 1072 641 hinc
1112 586 1217 638 vita
1255 584 1339 639 cui
1360 581 1682 637 necessaria
1722 588 1803 633 est
1836 590 1977 631 esca.
2007 574 2077 628 Et

489 687 633 758 quod
662 686 822 747 dicit,
857 692 910 735 ut
943 680 1171 733 animam
1208 689 1357 728 suam
1410 680 1569 741 ponat
1608 686 1702 739 pro
1740 667 1928 721 ovibus
1963 664 2076 718 suis

494 776 672 849 (Joan.
715 792 775 836 χ,
809 772 933 842 15);
967 771 1100 822 hanc
1131 766 1310 834 utique
1338 763 1500 816 vitam
1529 760 1689 824 dicit,
1732 772 1851 813 eum
1890 772 1950 811 se
1978 769 2076 824 pro

494 867 647 922 uobis
678 863 987 918 moriturum
1017 871 1136 912 esse
1165 853 1488 925 pronuntiat.

560 953 784 1012 CAPUT
805 949 1117 1006 XVl.-—45.
1138 944 1389 1000 Exoritur
1406 943 1489 995 hic
1507 942 1672 994 altera
1690 936 1933 1011 qumstio,
1952 949 2073 989 cum

491 1047 747 1103 Dominus
763 1057 919 1096 causa
942 1037 1303 1093 fornicationis
1323 1032 1595 1105 permittat
1618 1028 1807 1083 dimitti
1830 1040 2071 1087 uxorem,

492 1145 752 1206 quatenus
779 1132 880 1186 hoc
918 1131 1035 1184 loco
1063 1125 1401 1195 intelligenda
1436 1124 1505 1176 sit
1542 1118 1820 1174 fornicatio
1853 1134 1867 1171 :
1899 1125 2073 1169 utrum

492 1239 766 1296 quousque
788 1221 1086 1289 intelligunt
1112 1231 1319 1278 omnes,
1350 1214 1401 1268 id
1424 1222 1525 1278 est,
1556 1222 1612 1266 ut
1632 1226 1749 1264 eam
1773 1207 2078 1262 fornicatio-

492 1330 613 1370 nem
640 1313 920 1368 credamus
943 1310 1136 1363 dictam
1160 1322 1279 1377 quae
1306 1306 1356 1359 in
1385 1302 1581 1372 stupris
1605 1300 1980 1363 committitur;
2007 1312 2076 1351 an

492 1402 935 1476 quemadmodum
960 1401 1249 1469 Scriptura:
1282 1397 1454 1450 solent
1484 1394 1885 1448 fornicationem
1917 1404 2075 1444 voca-

490 1512 571 1563 re,
600 1497 736 1549 sicut
759 1508 915 1561 supra
937 1491 1134 1545 dictum
1156 1497 1257 1553 est,
1286 1501 1497 1540 omnem
1526 1483 1758 1537 illicitam
1782 1481 2079 1548 corruptio-

492 1603 614 1643 nem
634 1630 649 1653 ,
680 1588 817 1642 sicut
843 1594 927 1640 est
962 1580 1254 1636 idololatria
1293 1580 1376 1633 vel
1407 1577 1623 1631 avaritia
1645 1617 1659 1637 ,
1691 1584 1745 1629 et
1781 1590 1847 1628 ex
1877 1588 1941 1627 eo
1966 1572 2075 1640 iam

490 1678 667 1732 omnis
690 1673 1039 1743 trauSgrcssio
1060 1672 1188 1740 legis
1212 1676 1425 1739 prepter
1446 1667 1677 1721 illicitam
1699 1662 2078 1731 concupiscen-

492 1770 617 1823 tiam
636 1767 736 1838 (ω).
751 1768 852 1822 Sed
874 1764 1215 1820 consulamus
1234 1761 1564 1831 Apostolum,
1585 1774 1649 1812 ne
1664 1756 1859 1826 aliquid
1879 1766 2079 1809 temere

488 1857 727 1912 dicamus
754 1873 769 1908 :
801 1855 898 1908 llis
927 1855 1010 1924 qui
1042 1860 1155 1907 sunt
1193 1853 1246 1904 in
1279 1850 1547 1921 conjugio,
1581 1846 1782 1917 inquit,
1817 1845 2074 1917 prwcipio,

491 1966 593 2002 non
637 1964 747 2019 ego,
771 1948 858 2001 sed
901 1947 1180 2008 Dominus,
1218 1959 1425 1998 uxorem
1462 1959 1493 1994 α
1530 1942 1636 1994 uiro
1667 1956 1767 1992 non
1794 1938 2078 2000 discedere;

491 2038 625 2109 quod
651 2039 693 2091 si
717 2038 1029 2098 discesserit,
1062 2050 1262 2088 manere
1299 2034 1564 2100 innuptam
1583 2072 1597 2095 ,
1627 2040 1713 2082 aut
1739 2029 1844 2081 viro
1875 2042 1965 2080 suo
1994 2043 2077 2080 re-

491 2128 774 2182 conciliari.
806 2127 985 2181 Potest
1014 2125 1155 2178 enim
1188 2123 1299 2175 fieri
1328 2129 1389 2175 ut
1421 2120 1659 2173 discedat
1691 2133 1754 2172 ea
1788 2132 1946 2170 causa
1975 2130 2079 2185 qua

494 2217 751 2273 Dominus
776 2215 1049 2285 permittit.
1083 2216 1187 2266 Aut
1214 2213 1258 2265 si
1294 2212 1503 2265 femina:
1543 2210 1663 2262 licet
1698 2208 1866 2262 virum
1898 2205 2079 2259 dimit-

494 2318 609 2363 tere
635 2308 791 2362 etiam
830 2315 1020 2375 praeter
1053 2318 1265 2357 causam
1298 2299 1691 2360 fornicationis,
1722 2304 1776 2350 ct
1813 2312 1918 2350 non
1959 2295 2081 2349 licet

493 2399 643 2463 viro;
665 2396 793 2466 quid
814 2395 1251 2464 respondebimus
1271 2391 1338 2445 de
1360 2391 1460 2444 hoc
1479 2388 1618 2459 quod
1640 2388 1773 2442 dixit
1794 2387 2075 2455 posterius,

492 2488 562 2543 Et
581 2490 655 2541 vir
678 2503 883 2540 uxorem
909 2502 970 2538 ne
993 2483 1250 2537 dimittat?
1276 2482 1450 2549 Quare
1475 2495 1581 2533 non
1608 2477 1829 2542 addidit,
1859 2486 2080 2545 excepta

493 2596 653 2636 causa
709 2577 1105 2638 fornicationis,
1157 2574 1296 2644 quod
1343 2573 1598 2626 Dominus
1646 2568 1938 2640 permittit;
1980 2567 2080 2620 nisi

492 2671 614 2741 quia
660 2669 885 2723 similem
934 2666 1156 2720 formam
1206 2663 1317 2717 vult
1367 2662 1620 2731 intelligi,
1652 2670 1710 2715 ut
1745 2660 1790 2713 si
1820 2659 2083 2713 dimiserit

492 2762 658 2836 (quod
698 2776 857 2815 causa
898 2757 1262 2812 fornicationis
1304 2752 1680 2824 permittitur),
1719 2758 1931 2804 maneat
1965 2751 2082 2805 sine

492 2870 679 2919 uxore,
710 2864 797 2907 aut
825 2852 1197 2906 reconcilietur
1221 2848 1408 2902 uxori?
1436 2846 1549 2901 Non
1572 2846 1714 2899 enim
1739 2844 1876 2898 male
1897 2858 2084 2897 recon-

491 2948 765 3002 ciliaretur
804 2943 885 2997 vir
925 2944 999 2997 illi
1046 2941 1288 3003 mulieri,
1321 2954 1478 3009 quam
1509 2951 1628 2991 cum
1660 2935 1894 3005 lapidare
1924 2948 2082 2987 nemo

490 3056 653 3095 ausus
683 3046 853 3100 esset,
882 3036 1013 3089 dixit
1036 3035 1084 3089 ci
1114 3034 1366 3088 Dominus
1391 3048 1404 3084 :
1443 3028 1615 3094 Vade,
1643 3038 1687 3082 et
1711 3027 1822 3080 vide
1851 3026 2082 3096 deinceps

494 3149 558 3186 ne
611 3146 783 3199 pecces
816 3127 835 3200 (
865 3125 951 3180 Id.
991 3142 1110 3190 \‘lll,
1142 3124 1250 3195 11).
1274 3124 1405 3190 Quia
1433 3131 1482 3176 et
1511 3120 1599 3190 qui
1625 3119 1783 3184 dicit,
1816 3118 1935 3172 Non
1960 3118 2084 3172 licet

492 3223 762 3279 dimittere
791 3234 1016 3275 uxorem
1037 3260 1052 3285 ,
1086 3219 1184 3272 nisi
1214 3232 1370 3271 causa
1403 3213 1794 3278 fornicationis;
1821 3211 1963 3282 cogit
1992 3226 2081 3266 re-

495 3317 665 3370 tinere
693 3325 949 3374 uxorem,
989 3309 1032 3363 si
1060 3322 1216 3361 causa
1256 3303 1617 3360 fornicationis
1656 3318 1763 3357 non
1803 3302 1993 3360 fuerit;
2035 3302 2081 3355 si

493 3416 669 3461 autem
700 3404 877 3468 fuerit,
909 3417 1014 3456 non
1035 3400 1174 3469 Cogit
1197 3398 1484 3462 dimittere,
1512 3394 1604 3449 sed
1629 3392 1921 3463 permittit:
1945 3391 2083 3446 sicut

493 3498 705 3564 dicitur,
738 3495 855 3551 Non
886 3495 1041 3548 liceat
1065 3490 1275 3545 mulieri
1303 3490 1501 3543 nubere
1521 3486 1706 3551 alteri,
1740 3485 1839 3539 nisi
1870 3491 2082 3538 mortuo

495 3590 644 3653 viro;
676 3589 719 3643 si
750 3596 873 3642 ante
899 3584 1000 3639 viri
1035 3591 1259 3637 mortem
1290 3579 1562 3649 nupserit,
1605 3592 1696 3632 rea
1732 3584 1815 3630 est
1844 3591 1857 3627 :
1889 3574 1934 3629 si
1964 3582 2083 3644 post

492 3681 593 3735 viri
634 3688 858 3733 mortem
900 3691 1007 3730 non
1049 3671 1319 3741 nupserit,
1366 3686 1471 3723 non
1512 3676 1595 3722 est
1636 3681 1762 3731 rea;
1806 3680 1910 3719 non
1939 3665 2080 3719 enim

490 3773 639 3842 iussa
665 3779 746 3824 est
771 3769 994 3833 nubere,
1025 3764 1118 3819 sed
1143 3762 1418 3833 permissa.
1446 3758 1500 3813 Si
1527 3773 1654 3829 ergo
1682 3773 1778 3827 par
1804 3756 1971 3811 forma
1999 3764 2082 3810 est

495 3867 550 3920 in
578 3864 680 3916 isto
704 3864 823 3930 jure
848 3856 1077 3929 coniugii
1110 3857 1249 3909 inter
1278 3854 1445 3906 virum
1480 3859 1534 3905 et
1574 3850 1848 3903 mulierem
1868 3889 1883 3904 .
1916 3862 2083 3916 usque

494 3956 631 4010 adeo
651 3963 707 4007 ut
728 3970 829 4006 non
850 3961 1053 4006 tantum
1076 3949 1142 4003 de
1163 3946 1380 4009 femina,
1405 3943 1543 3998 idem
1562 3941 1849 4010 Apostolus
1867 3940 2079 4003 dixerit,

494 4044 686 4100 Mulier
717 4059 817 4096 non
845 4041 991 4093 habet
1026 4046 1320 4110 potestatem
1347 4034 1426 4088 sui
1454 4033 1709 4099 corporis,
1737 4029 1826 4084 sed
1849 4030 1961 4095 uir;
1987 4028 2082 4083 sed

492 4137 654 4192 etiam
683 4134 749 4188 de
780 4132 873 4187 illo
901 4148 1004 4185 non
1042 4128 1267 4184 tacuerit
1299 4125 1516 4190 dicens,
1547 4121 1791 4179 Similiter
1820 4132 1867 4176 et
1902 4122 1978 4174 vir
2002 4121 2083 4175 sui

494 4227 721 4297 corporis
743 4232 1033 4295 potestatem
1056 4238 1156 4275 non
1179 4219 1346 4284 habet,
1370 4216 1457 4271 sed
1478 4216 1699 4278 mulier;
1723 4212 1768 4268 si
1789 4227 1917 4282 ergo
1935 4212 2084 4266 simi-

494 4321 561 4374 lis
582 4319 749 4372 forma
767 4324 871 4381 est,
896 4329 999 4368 non
1021 4318 1234 4383 oportet
1258 4308 1477 4376 intelligi
1498 4306 1660 4359 licere
1681 4302 1889 4358 mulieri
1911 4303 2083 4356 virum

493 4410 783 4472 dimittere,
813 4405 915 4460 nisi
942 4417 1099 4458 causa
1128 4398 1517 4462 fornicationis,
1542 4395 1680 4450 sicut
1706 4402 1762 4449 et
1788 4393 1924 4447 viro.

564 4502 654 4556 M.
682 4496 1137 4555 Considerandum
1168 4502 1248 4547 est
1276 4494 1452 4561 itaque
1477 4497 1736 4559 quatenus
1767 4484 2081 4541 fornicatio-

495 4609 620 4649 nem
669 4592 960 4658 intelligcre
1006 4587 1328 4648 debeamus,
1360 4594 1415 4637 et
1466 4578 1859 4643 consulendus,
1887 4586 1944 4631 ut
1968 4591 2083 4631 cm-

498 4698 774 4756 pernmus,
814 4678 1121 4749 Apostolus.
1155 4674 1406 4744 Sequitur
1430 4672 1573 4727 enim
1608 4679 1662 4725 et
1688 4669 1855 4735 dicit,
1878 4667 2084 4723 Ctvteris

494 4787 661 4830 autem
686 4791 775 4845 ego
803 4772 935 4837 dico,
964 4787 1063 4823 non
1086 4767 1352 4822 Dominus.
1376 4765 1473 4820 llic
1504 4764 1676 4834 primo
1694 4761 1977 4817 videndum
2003 4770 2084 4815 est

495 4867 687 4938 quibus
705 4864 936 4929 ueteris;
958 4861 1169 4916 dicebat
1190 4860 1331 4915 enim
1360 4857 1609 4927 superius
1628 4870 1695 4910 ex
1722 4853 1929 4909 Domini
1960 4860 2084 4923 per-

497 4975 626 5013 sona
654 4958 717 5012 iis
744 4956 833 5026 qui
859 4961 983 5008 sunt
1022 4953 1074 5006 in
1103 4950 1378 5019 coniugio,
1422 4962 1563 5001 nunc
1590 4959 1720 5000 vero
1741 4959 1805 4999 ex
1835 4958 1928 4999 sua
1961 4958 2082 5012 per-

499 5062 627 5103 sona
667 5045 872 5101 ca-teris
898 5043 1065 5097 dicit:
1093 5054 1220 5110 ergo
1248 5039 1473 5093 fortasse
1502 5036 1567 5090 iis
1604 5035 1696 5105 qui
1736 5049 1841 5089 non
1869 5043 1991 5087 sunt
2028 5032 2086 5090 in

504 5137 753 5207 coniugio
782 5134 907 5189 :sed
935 5149 1037 5188 non
1066 5132 1167 5185 hoc
1201 5129 1458 5199 sequitur.
1492 5127 1567 5181 ita
1597 5127 1738 5179 enim
1767 5123 2033 5193 subiungit
2066 5140 2081 5178 :

497 5231 559 5284 Si
580 5229 692 5298 quis
718 5227 878 5296 frater
917 5222 1063 5276 habet
1085 5237 1295 5275 uxorem
1319 5218 1606 5288 inﬁdelem,
1642 5225 1689 5270 et
1710 5215 1819 5269 Itan:
1843 5213 2083 5267 consentit

495 5322 721 5378 habitare
753 5334 866 5372 cum
889 5316 1001 5382 illo,
1032 5331 1132 5367 non
1157 5314 1372 5366 dimittat
1394 5310 1558 5365 illaut.
1599 5309 1735 5377 Ergo
1760 5306 1918 5360 etiam
1944 5317 2085 5358 nunc

498 5415 563 5467 iis
588 5410 717 5465 dicit
736 5408 825 5478 qni
848 5416 973 5461 sunt
1001 5406 1051 5458 in
1074 5402 1343 5474 coniugio.
1374 5400 1508 5467 Quid
1537 5399 1637 5454 sibi
1661 5412 1788 5467 ergo
1807 5396 1917 5450 vult
1943 5394 2085 5464 quod

495 5508 589 5569 ait,
615 5502 807 5558 ueteris
829 5515 849 5555 :
873 5499 973 5555 nisi
1003 5498 1127 5569 quia
1154 5497 1396 5566 superius
1424 5494 1503 5549 eis
1526 5492 1857 5564 loquebatur,
1887 5490 1977 5560 qui
2007 5488 2085 5543 sic

497 5599 728 5669 copulati
756 5604 943 5663 erant,
984 5604 1042 5649 ut
1072 5593 1267 5664 pariter
1300 5592 1355 5646 in
1383 5590 1486 5644 fide
1509 5588 1709 5644 Christi
1738 5592 1950 5650 essent;
1981 5598 2082 5638 ca:-

500 5700 619 5744 tem
646 5706 771 5744 vero
801 5702 942 5742 nunc
977 5686 1106 5742 dicit
1126 5726 1139 5749 ,
1168 5683 1220 5739 id
1244 5694 1325 5739 est
1349 5682 1428 5739 eis
1451 5680 1539 5753 qui
1567 5680 1642 5739 sic
1669 5678 1901 5751 copulati
1928 5684 2081 5745 sunt,

564 5799 638 5860 (ὁ)
671 5806 688 5849 ι
721 5806 923 5851 ιιθιηει.
948 5810 1051 5848 ω).
1079 5799 1158 5853 tu.
1179 5807 1227 5844 ιι.
1252 5793 1305 5844 ϐ.

1267 377 1356 432 DE
1395 371 1717 432 SERMONE
1759 365 1992 425 DOMINI
2028 364 2093 421 ΓΝ
2130 362 2385 426 MONTE.
2422 365 2480 421 S.
2520 357 2889 419 AUGUSTINI

3630 362 3778 422 £252

2180 490 2240 537 ut
2270 497 2377 536 non
2407 481 2569 536 ambo
2594 481 2779 536 fideles
2810 480 2955 535 sint?
2981 480 3087 536 Sed
3113 482 3239 552 quid
3268 484 3349 539 eis
3370 482 3541 539 dicit?
3571 483 3631 539 Si
3658 483 3781 553 quis

2182 578 2341 643 frater
2363 574 2510 627 habet
2532 589 2742 627 uxorem
2768 572 3044 639 inﬁdelem,
3072 584 3120 627 et
3144 574 3252 628 ha'c
3271 575 3515 628 consentit
3541 574 3781 627 habitare

2178 682 2292 719 tum
2320 665 2432 729 illo,
2454 682 2552 719 non
2581 664 2799 717 dimittat
2826 664 2969 717 illam
3000 681 3019 719 :
3045 674 3090 718 et
3122 666 3167 717 si
3191 683 3289 734 qua
3314 666 3496 719 mulier
3521 664 3667 717 habet
3693 664 3774 716 ei—

2178 775 2293 811 rum
2322 758 2579 826 inﬁdelem
2601 798 2614 819 ,
2646 767 2694 810 et
2732 758 2813 810 hic
2839 758 3079 811 consentit
3108 758 3334 812 habitare
3370 774 3485 811 cum
3518 758 3638 821 illa,
3672 772 3775 808 non

2179 848 2397 902 dimittat
2428 851 2609 901 virum.
2644 848 2705 903 Si
2734 861 2861 918 ergo
2896 862 3000 901 non
3031 849 3269 917 praecipit
3300 864 3365 903 ex
3401 846 3607 901 Domini
3646 862 3744 916 per

2178 952 2330 1002 sona,
2362 938 2456 993 sed
2483 955 2546 993 ex
2587 954 2680 993 sua
2710 952 2933 1007 persona
2969 948 3182 1001 monet,
3213 938 3281 991 ita
3312 948 3394 991 est
3419 937 3518 991 hoc
3545 938 3771 993 bonum.

2179 1030 2298 1083 utsi
2320 1030 2438 1098 quis
2459 1030 2614 1083 aliter
2634 1028 2839 1093 fecerit,
2866 1045 2970 1081 non
2997 1028 3062 1081 sit
3091 1029 3339 1097 praecepti
3366 1037 3722 1097 transgressi:
3754 1043 3771 1080 :

2179 1117 2318 1171 sicut
2344 1119 2411 1172 de
2439 1116 2730 1188 virginibus
2758 1118 2915 1187 paulo
2958 1128 3075 1186 post
3104 1118 3265 1185 dicit,
3310 1129 3630 1187 praeceptum
3665 1118 3777 1169 Do-

2180 1208 2311 1261 mini
2340 1224 2399 1263 sc
2430 1225 2532 1263 non
2564 1210 2782 1273 habere,
2810 1208 3088 1263 coosilium
3127 1219 3301 1262 autem
3328 1209 3489 1272 dare;
3520 1217 3680 1276 atque
3703 1208 3775 1260 ita

2179 1299 2359 1353 laudat
2385 1300 2758 1369 virginitatem,
2791 1308 2845 1352 ιιι
2867 1299 3085 1367 arripiat
3113 1314 3233 1353 eam
3260 1298 3350 1368 qui
3382 1299 3625 1361 voluerit,
3660 1313 3768 1350 non

2181 1398 2355 1444 tamen
2400 1400 2454 1445 ut
2497 1391 2541 1444 si
2578 1405 2681 1442 non
2721 1389 2943 1451 fecerit,
2979 1399 3161 1442 contra
3210 1397 3531 1458 prmceptum
3582 1387 3777 1441 fecisse

2175 1481 2466 1551 iudicetur.
2499 1482 2653 1536 Aliud
2697 1482 2839 1536 enim
2885 1488 2968 1534 est
3005 1480 3145 1549 quod
3172 1480 3419 1548 iubetur,
3460 1479 3600 1533 aliud
3630 1478 3775 1548 quod

2184 1582 2455 1637 monetur,
2478 1572 2619 1625 aliud
2649 1572 2787 1640 quod
2812 1571 3118 1640 ignoscitur.
3140 1570 3366 1624 .lnbctur
3390 1570 3578 1623 mulier
3601 1583 3631 1621 a
3658 1569 3777 1622 viro

2182 1678 2289 1715 non
2320 1662 2629 1725 discedere;
2661 1661 2800 1730 quod
2824 1662 2867 1713 si
2899 1660 3225 1726 discesserit,
3252 1674 3469 1713 manere
3498 1659 3777 1728 innuptam

2181 1763 2276 1808 aut
2303 1756 2416 1807 viro
2441 1770 2539 1807 suo
2561 1753 2890 1807 reconciliari
2921 1770 2933 1803 :
2961 1752 3116 1805 aliter
3140 1766 3266 1821 ergo
3291 1767 3395 1805 non
3426 1751 3546 1803 licet
3573 1747 3774 1807 facere.

2186 1843 2432 1899 Monetur
2459 1854 2635 1898 autem
2675 1845 2753 1896 vir
2785 1843 2973 1903 fidelis.
3001 1842 3046 1895 si
3074 1842 3231 1896 habet
3259 1856 3478 1895 uxorem
3508 1839 3780 1895 infidelem

2184 1936 2608 1990 consentientem
2638 1949 2817 1987 secmn
2855 1933 3127 1995 habitare,
3168 1948 3271 1985 non
3300 1946 3418 1985 eam
3460 1931 3733 1986 dimittere
3760 1947 3777 1983 :

2182 2026 2310 2081 licet
2337 2042 2466 2097 ergo
2491 2035 2544 2080 ct
2571 2026 2874 2088 dimittere;
2907 2024 3026 2094 quia
3068 2039 3171 2077 non
3203 2033 3287 2078 est
3316 2034 3637 2093 pra-ceptum
3671 2023 3781 2076 Do-

2184 2118 2337 2182 mini,
2370 2135 2438 2173 ne
2468 2119 2719 2182 dimittat,
2757 2117 2850 2170 sed
2876 2117 3156 2170 consilietur
3187 2115 3463 2185 Apostoli:
3496 2116 3630 2168 sicut
3664 2128 3783 2168 ιηοο

2184 2218 2347 2262 nctur
2373 2209 2520 2277 virgo
2548 2224 2653 2261 non
2686 2207 2921 2269 nubere;
2965 2207 3059 2261 sed
3095 2206 3137 2258 si
3182 2206 3450 2274 nupserit,
3494 2203 3781 2259 consilium

2186 2298 2399 2368 quidem
2431 2313 2536 2352 non
2585 2297 2817 2362 tenebit,
2850 2296 2943 2351 sed
2986 2308 3171 2350 ctmtra
3204 2304 3525 2364 prmceptum
3567 2311 3673 2348 non
3704 2294 3782 2349 fa-

2184 2388 2311 2442 ciet.
2342 2387 2637 2457 lgnoscitur
2661 2405 2781 2442 cutn
2809 2387 3018 2451 dicitur,
3049 2386 3160 2439 Hoc
3188 2396 3351 2439 autent
3367 2386 3479 2438 dico
3504 2384 3783 2438 secundum

2185 2482 2407 2548 veniam,
2437 2496 2537 2534 non
2563 2483 2835 2534 secundum
2864 2480 3149 2543 imperiam.
3187 2480 3551 2547 Quapropter,
3580 2477 3625 2532 si
3658 2478 3785 2532 licet

2189 2582 2248 2627 ut
2269 2572 2567 2627 dimittatur
2591 2572 2782 2641 coniux
2815 2570 3063 2636 infidelis,
3088 2570 3327 2639 quamvis
3354 2569 3541 2624 melius
3570 2569 3642 2623 sit
3671 2583 3783 2624 non

2188 2662 2491 2729 dimittere,
2519 2671 2575 2716 et
2607 2672 2782 2715 tamen
2824 2678 2927 2714 non
2974 2662 3096 2715 licet
3124 2659 3412 2715 secundum
3459 2669 3784 2729 praeceptum

2188 2753 2394 2807 Domini
2422 2764 2477 2808 ut
2502 2753 2802 2807 dimittatur
2836 2752 3030 2821 coniux
3062 2752 3162 2805 nisi
3202 2767 3360 2807 eausa
3390 2750 3781 2816 fornicationis,

2184 2844 2461 2900 fornicatio
2490 2855 2573 2900 est
2594 2845 2756 2899 etiam
2782 2846 2892 2913 ipsa
2920 2844 3223 2899 infidelitas.

2254 2936 2345 2989 45.
2369 2935 2504 3003 Quid
2542 2936 2684 2990 enim
2718 2944 2770 2988 tu
2810 2933 2946 2988 dicis
2968 2975 2983 2999 ,
3016 2932 3309 3001 Apostolc?
3338 2929 3494 2986 Certe
3520 2938 3579 2986 ut
3605 2931 3689 2985 vir
3716 2932 3785 2985 fi-

2185 3022 2319 3077 delis
2352 3024 2775 3079 consentientem
2807 3038 2986 3077 secum
3017 3022 3257 3076 habitare
3286 3021 3561 3077 mulierem
3588 3020 3785 3075 infide-

2186 3113 2289 3168 lem
2320 3130 2425 3168 non
2452 3115 2705 3169 dimittat.
2736 3113 2830 3178 Ita,
2860 3112 3048 3182 inquit.
3078 3112 3211 3167 Cum
3243 3126 3371 3182 ergo
3400 3112 3499 3166 hoc
3528 3119 3581 3165 et
3612 3111 3786 3165 Domi-

2184 3218 2285 3258 nus
2312 3205 2603 3274 prmcipiat,
2638 3220 2705 3258 ne
2732 3204 2963 3257 dimittat
2993 3204 3072 3257 vir
3106 3218 3347 3266 uxorem,
3374 3204 3474 3256 nisi
3496 3217 3654 3257 causa
3676 3201 3786 3256 for-

2185 3294 2500 3357 nicationis,
2538 3309 2704 3363 quare
2733 3293 2819 3347 hic
2857 3293 3009 3356 dicis,
3044 3292 3151 3363 Ego
3179 3292 3317 3355 dico,
3351 3309 3451 3346 non
3490 3290 3787 3346 Dominus!

2184 3387 2316 3454 Quia
2339 3387 2544 3442 scilicet
2584 3386 2876 3441 idololatria
2905 3400 3062 3455 quam
3092 3394 3385 3454 sequuntur
3411 3385 3655 3440 infideles
3674 3424 3690 3448 ,
3728 3393 3786 3441 et

2184 3477 2435 3547 qumlibet
2456 3477 2614 3531 noxia
2635 3476 2965 3547 superstitio,
2992 3475 3268 3530 fornicatio
3289 3484 3390 3530 est.
3418 3475 3669 3529 Dominus
3689 3490 3787 3528 an-

2186 3573 2290 3621 tem
2316 3566 2559 3636 permisit
2589 3581 2748 3621 causa
2776 3566 3138 3620 fornicationis
3168 3580 3394 3620 uxorem
3424 3564 3618 3618 dimitti
3646 3583 3659 3618 :
3688 3563 3783 3620 sed

2185 3658 2309 3727 quia
2344 3658 2602 3728 permisit,
2646 3672 2751 3712 non
2774 3657 2965 3727 jussit,
2992 3657 3139 3712 dedit
3169 3656 3342 3711 locum
3376 3656 3635 3726 Apostolo
3660 3670 3782 3711 mo-

2186 3748 2367 3811 nendi,
2415 3757 2473 3802 ut
2509 3748 2597 3818 qui
2632 3748 2858 3802 voluerit
2898 3762 3004 3801 non
3050 3747 3280 3801 dimittat
3325 3762 3549 3800 uxorem
3590 3745 3784 3801 infide-

2185 3840 2312 3907 lem,
2340 3854 2446 3909 quo
2472 3839 2551 3894 sic
2580 3838 2805 3893 fortasse
2832 3839 3000 3908 possit
3030 3836 3145 3893 ﬁeri
3186 3836 3377 3891 fidelis.
3418 3835 3783 3906 Sanctiﬁcatus

2185 3941 2257 3985 est
2296 3933 2447 3996 enim,
2473 3932 2662 3998 inquit,
2690 3931 2765 3984 vir
2801 3929 3022 3998 inﬁdelis
3049 3930 3103 3983 in
3141 3945 3297 3983 uxore
3318 3929 3370 3995 ¹;
3398 3936 3445 3982 et
3466 3912 3784 3997 sanctiﬁcata

2185 4033 2259 4076 est
2292 4023 2475 4077 mulier
2502 4022 2723 4091 inﬁdelis
2747 4022 2800 4074 in
2823 4021 3001 4089 fratre.
3030 4020 3222 4086 Credo,
3243 4018 3355 4089 iam
3380 4025 3701 4089 provenerat
3724 4027 3783 4073 ut

2186 4115 2454 4169 nonnulla:
2483 4114 2695 4169 femina!
2729 4129 2824 4182 per
2854 4112 3001 4167 viros
3025 4111 3226 4176 fideles,
3258 4121 3311 4166 et
3346 4110 3444 4164 viri
3467 4126 3564 4182 per
3586 4123 3783 4164 uxores

2186 4209 2376 4265 fideles
2400 4208 2452 4261 in
2486 4206 2647 4261 fidem
2679 4204 2954 4269 venirent;
2982 4211 3037 4258 et
3058 4202 3297 4273 quamvis
3330 4216 3439 4255 non
3466 4200 3653 4255 dicens
3681 4215 3783 4254 no-

2188 4300 2347 4363 mina,
2372 4296 2635 4365 exemplis
2660 4303 2836 4348 tamen
2863 4292 3105 4347 hortatus
3132 4302 3235 4357 est,
3266 4290 3331 4344 ad
3354 4288 3782 4345 confirmandum

2188 4390 2469 4447 consilium
2498 4402 2674 4441 suum.
2699 4384 2899 4440 Deinde
2924 4383 3163 4453 sequitur
3194 4400 3206 4435 :
3238 4382 3475 4452 Alioquin
3502 4381 3599 4451 ﬁlii
3629 4380 3781 4434 uestri

2185 4481 2433 4537 immundi
2472 4488 2666 4541 essent;
2705 4492 2837 4531 nunc
2869 4486 3036 4530 autem
3064 4474 3224 4528 sancti
3264 4484 3378 4528 sunt
3411 4470 3464 4543 (Ι
3497 4471 3618 4526 Cor.
3645 4470 3779 4543 vn).

2185 4573 2300 4629 Jatn
2326 4572 2467 4628 enim
2513 4577 2665 4624 erant
2694 4567 2893 4637 parvuli
2931 4565 3240 4629 christiani,
3288 4564 3379 4635 qui
3410 4564 3524 4618 sive
3557 4573 3780 4617 auctore

2188 4680 2296 4720 uno
2323 4679 2388 4717 ex
2417 4659 2745 4731 parentibus,
2771 4657 2883 4712 sive
2924 4666 3152 4726 utroque
3188 4655 3556 4709 consentiente
3582 4653 3783 4708 sancti-

2190 4756 2326 4811 lieati
2350 4762 2503 4809 erant
2531 4769 2544 4805 :
2571 4750 2836 4822 quodnon
2865 4749 3033 4816 ﬁeret,
3068 4749 3165 4802 nisi
3192 4762 3299 4801 uno
3333 4746 3586 4802 credente
3604 4745 3781 4800 disso-

2187 4847 2419 4901 ciarctur
2444 4842 2766 4912 coniugium,
2796 4848 2851 4893 et
2877 4853 2981 4894 non
3007 4838 3321 4892 toleraretur
3341 4836 3624 4891 infidelitas
3648 4850 3781 4889 con-

2182 4938 2325 5008 iugis
2354 4950 2519 5005 usque
2537 4933 2603 4988 ad
2627 4929 3069 5002 opportunitatem
3100 4926 3372 4984 credendi.
3405 4927 3518 4981 Hoc
3539 4935 3622 4981 est
3648 4940 3782 4996 ergo

2184 5029 2468 5086 consilium
2488 5026 2626 5097 eius,
2655 5025 2740 5079 cui
2766 5022 2927 5078 credo
2950 5022 3148 5076 dictum
3176 5034 3320 5085 esse,
3348 5016 3411 5075 Si
3435 5017 3558 5089 quid
3588 5033 3779 5087 super-

2188 5121 2487 5194 erogaveris,
2510 5118 2706 5172 rediens
2729 5115 2939 5171 reddant
2968 5114 3054 5168 tibi
3080 5112 3240 5185 (Luc.
3265 5128 3325 5178 κ,
3350 5109 3479 5183 35).

2260 5212 2353 5267 66.
2382 5210 2553 5265 Porro
2578 5208 2624 5262 si
2652 5206 2935 5261 infidelitas
2965 5204 3242 5259 fornicatio
3269 5213 3372 5269 est,
3396 5212 3450 5257 et
3478 5199 3778 5256 idololatria

2190 5302 2495 5368 infidelitas,
2524 5308 2579 5355 et
2603 5298 2821 5353 avaritia
2850 5295 3170 5361 idololatria,
3194 5309 3300 5349 non
3323 5302 3406 5349 est
3425 5291 3777 5347 dubitandum

2188 5406 2244 5452 et
2269 5396 2540 5451 avaritiam
2568 5390 2971 5447 fornicationem
2999 5403 3137 5443 esse.
3167 5387 3298 5453 Quis
3316 5402 3443 5457 ergo
3457 5384 3568 5455 iam
3588 5399 3783 5455 quam-

2254 5597 2273 5630 ί
2300 5595 2435 5653 Editi,
2458 5591 2510 5643 in
2532 5602 2684 5641 uxore
2706 5585 2843 5653 ﬁdeli
2868 5600 2886 5638 :
2911 5596 2963 5639 et
2984 5586 3128 5650 paulo
3297 5584 3349 5636 in
3368 5582 3524 5647 fratre
3544 5577 3701 5646 ﬁdeli.
3722 5587 3783 5634 At

2254 5672 2297 5708 s.
2325 5670 2375 5706 at
2398 5664 2605 5714 utroque
2642 5650 2748 5701 loco
2790 5658 2958 5714 carent
2980 5663 3118 5710 voce,
3140 5593 3279 5714 ἢ)ἷῖιῖ
3298 5659 3317 5698 :
3339 5657 3450 5710 qua
3481 5645 3543 5693 ab
3559 5642 3779 5714 special

2190 5642 2605 5717 usum—utroque
2642 5642 2748 5701 loco
2790 5658 2958 5717 carent
2980 5642 3118 5717 ioce,
3140 5642 3277 5714 ﬁdeli
3298 5659 3317 5698 :
3339 5642 3450 5710 qua
3481 5642 3779 5717 suspecto!

2190 5706 2700 5841 ξιέὲιὲἐθέἓιέὼεεις
2724 5725 2817 5763 nec
2839 5714 2891 5761 in
2911 5708 3061 5763 latino
3083 5706 3207 5772 era,
3231 5706 3373 5761 teste'
3391 5706 3677 5770 Augustino,
3698 5706 3781 5758 in.
