4076 6466
216 379 351 437 1255

218 497 342 550 libet
368 494 599 550 illicitam
627 494 1105 566 concupiscentiam
1134 503 1306 565 potest
1344 498 1484 546 recte
1508 504 1538 541 a
1566 486 1793 541 fornica-

217 586 373 641 tionis
401 602 596 657 genere
621 601 869 657 separare
887 629 903 654 ,
944 587 989 640 si
1026 587 1242 640 avaritia
1270 582 1547 638 lornicatio
1569 577 1687 632 est?
1719 574 1795 627 Ex

215 694 318 747 quo
343 680 669 749 intelligitur,
693 680 829 748 quod
853 689 1071 750 propter
1092 680 1301 734 illicitas
1321 670 1793 742 concupiscentias,

215 785 320 822 non
358 780 557 823 tantum
587 788 705 839 quae
732 772 782 823 itt
813 773 1008 841 stupris
1027 786 1147 825 cum
1167 769 1353 823 ahenis
1379 765 1505 819 viris
1524 773 1613 817 aut
1643 759 1797 814 femi-

217 866 299 915 nis
326 859 748 927 contntittuntnr,
778 866 868 917 sed
893 864 1108 917 omnino
1128 860 1408 931 quaslibet,
1435 872 1551 927 quae
1567 854 1797 907 animam

216 969 442 1023 corpore
470 954 609 1008 male
636 964 868 1008 utentem
899 970 927 1007 a
962 955 1077 1023 lege
1107 954 1197 1007 Dei
1227 952 1471 1005 aberrare
1499 948 1715 1008 faciunt,
1746 949 1801 996 et

215 1044 513 1112 perniciose
545 1046 870 1115 turpiterque
898 1044 1187 1112 corrumpi,
1220 1043 1386 1111 possit
1424 1040 1539 1095 sine
1579 1035 1800 1091 crimine

215 1144 267 1187 et
295 1134 376 1186 vir
421 1149 641 1188 uxorem
685 1135 974 1198 dimittere,
1005 1144 1059 1188 et
1086 1150 1215 1187 uxor
1252 1134 1421 1186 virum
1450 1149 1462 1183 :
1493 1129 1612 1199 quia
1637 1141 1799 1182 exce-

215 1233 355 1292 ptam
400 1221 525 1277 facit
549 1224 803 1278 Dominus
827 1239 1041 1279 causam
1071 1223 1473 1286 fornicationis;
1506 1236 1660 1290 quam
1690 1219 1802 1271 for-

215 1314 555 1379 nicationem,
587 1314 725 1368 sicut
748 1330 908 1384 supra
942 1313 1334 1368 consideratam
1368 1322 1469 1378 est,
1498 1309 1799 1380 generalem

215 1411 267 1457 et
294 1403 649 1458 nttiversaletn
682 1405 977 1472 intelligere
1005 1404 1262 1473 cogimur.

283 1492 373 1546 47.
401 1491 538 1546 Cum
556 1503 736 1547 autem
763 1496 856 1560 ait,
884 1503 1089 1563 excepta
1111 1508 1265 1546 causa
1292 1490 1674 1561 fornicationis;
1696 1502 1798 1541 non

217 1582 351 1636 dixit
384 1585 541 1653 cujus
570 1586 821 1655 ipsorum,
858 1585 978 1650 viri,
1011 1601 1077 1638 an
1117 1585 1347 1638 feminae.
1375 1584 1491 1637 Noti
1517 1583 1656 1637 enim
1683 1591 1800 1635 tan-

217 1687 323 1730 tum
354 1678 709 1733 fornicantem
756 1695 976 1733 uxorem
1021 1678 1286 1732 dimittere
1320 1677 1661 1735 conceditur.
1705 1673 1798 1728 sed

214 1768 455 1837 quisquis
479 1784 595 1823 eam
627 1785 836 1839 quoque
862 1785 1082 1824 uxorem
1119 1768 1353 1832 dimittit,
1383 1785 1411 1820 a
1450 1782 1552 1836 qua
1583 1768 1693 1834 ipse
1718 1780 1803 1818 co-

213 1860 353 1927 gitur
385 1858 679 1922 fornicari,
726 1875 884 1914 causa
930 1859 1293 1913 fornicationis
1337 1860 1515 1927 utique
1563 1856 1797 1910 ditnittit.

218 1948 370 2002 Velut
400 1949 447 2002 si
481 1950 711 2020 aliquem
738 1959 893 2020 cogat
923 1967 1053 2004 uxor
1071 1950 1370 2005 sacrificare
1400 1950 1572 2015 idolis,
1600 1965 1687 2018 qut
1724 1959 1802 2001 ta-

216 2041 318 2093 lem
347 2039 588 2107 dintittit,
617 2056 776 2095 causa
805 2042 1167 2095 fornicationis
1201 2042 1435 2107 dimittit,
1463 2056 1566 2094 ltOn
1600 2048 1801 2093 tantum

220 2131 389 2194 illius,
437 2131 534 2185 sed
571 2140 627 2185 et
653 2148 762 2185 suae
795 2149 808 2184 :
842 2132 981 2185 illius
1007 2174 1022 2197 ,
1051 2133 1169 2201 quia
1200 2131 1525 2197 fornicatur;
1557 2146 1665 2185 sua:
1690 2170 1704 2192 ,
1733 2144 1802 2183 ne

216 2220 529 2275 fornicetur.
573 2222 714 2275 Nihil
742 2233 918 2277 autent
950 2222 1181 2291 iniquius
1200 2264 1215 2288 ,
1260 2237 1415 2291 quam
1445 2220 1803 2275 fornicationis

218 2326 374 2365 causa
411 2311 681 2366 dimittere
708 2328 946 2377 uxorem,
979 2317 1022 2366 si
1054 2324 1107 2367 et
1137 2315 1248 2382 ipse
1275 2312 1603 2366 convincitur
1640 2310 1803 2364 forni-

215 2402 340 2455 cari.
370 2401 617 2456 Occurrit
642 2404 782 2456 enim
808 2402 959 2469 illttd,
988 2402 1052 2456 In
1074 2420 1170 2473 quo
1189 2404 1321 2455 enim
1344 2401 1559 2455 alterum
1573 2403 1799 2472 jutlicas,

219 2494 536 2562 temetipsum
565 2495 868 2547 condemnas
897 2509 914 2547 :
944 2494 1118 2546 eadem
1153 2494 1285 2546 enim
1323 2493 1433 2562 agis
1460 2508 1571 2561 quae
1599 2492 1803 2562 judicas

218 2582 412 2652 (Rom.
457 2598 532 2650 ll,
593 2586 617 2639 1
654 2588 691 2655 ).
738 2584 1103 2656 Quapropter,
1161 2585 1398 2654 quisquis
1444 2585 1803 2639 fornicationis

216 2688 375 2728 causa
403 2675 521 2727 vult
549 2674 779 2744 abjicere
807 2692 1043 2741 uxorem,
1087 2676 1230 2745 prior
1252 2676 1409 2731 debet
1445 2691 1563 2730 esse
1583 2695 1613 2730 a
1639 2674 1803 2728 forni-

217 2767 426 2820 catione
455 2776 705 2837 purgatus
729 2785 741 2821 :
767 2768 907 2838 quod
946 2767 1188 2822 similiter
1222 2768 1379 2822 etiam
1408 2767 1473 2822 de
1501 2767 1696 2821 femina
1722 2765 1804 2820 di-

217 2859 407 2913 xerim.

288 2950 378 3004 48.
421 2949 575 3016 Quod
604 2961 783 3007 autem
822 2951 970 3017 dicit,
1002 2952 1241 3024 Quisquis
1273 2951 1489 3007 solutam
1515 2969 1545 3004 a
1570 2952 1676 3005 viro
1701 2951 1801 3005 dn-

218 3043 367 3107 aterit,
412 3043 727 3108 ma'cliatur;
758 3044 921 3114 quaeri
953 3052 1126 3114 potest
1154 3053 1326 3097 utrum
1360 3042 1623 3113 quomodo
1666 3058 1800 3096 ltttB-

219 3135 409 3189 chatnr
450 3134 537 3189 ille
566 3137 651 3206 qui
678 3137 843 3200 ducit,
873 3136 951 3191 sic
993 3146 1047 3190 et
1088 3136 1174 3189 illa
1202 3151 1359 3205 quam
1387 3134 1550 3189 ducit.
1580 3134 1804 3189 Jubetur

221 3224 361 3278 enim
395 3234 452 3279 et
478 3226 564 3279 illa
596 3243 813 3281 manere
854 3227 1071 3296 innupta
1093 3268 1107 3292 ,
1152 3236 1243 3280 aut
1269 3226 1384 3280 viro
1425 3226 1753 3280 reconciliari
1785 3243 1798 3278 :

220 3318 309 3371 sed
333 3318 376 3372 si
399 3318 727 3384 discesserit,
760 3319 943 3388 inquit,
976 3335 1005 3371 a
1027 3319 1163 3372 viro.
1193 3319 1410 3372 Multum
1435 3329 1607 3372 autem
1638 3319 1801 3372 inter-

226 3418 304 3462 est
328 3418 506 3462 utrutn
544 3408 792 3475 dimittat,
821 3425 887 3462 an
913 3409 1223 3462 dimittatur.
1255 3408 1309 3463 Si
1332 3410 1470 3462 enim
1495 3411 1605 3479 ipsa
1632 3408 1801 3462 virum

220 3500 523 3565 dimiserit,
558 3508 614 3555 et
653 3500 805 3555 alteri
836 3502 1100 3571 nupserit;
1129 3500 1335 3555 videtur
1374 3502 1657 3571 cupiditate
1684 3516 1801 3553 mu-

222 3591 365 3645 tandi
386 3591 614 3661 conjugii
638 3593 807 3646 virum
841 3592 1068 3660 priorem
1098 3590 1396 3660 reliquisse,
1426 3606 1542 3660 quae
1568 3590 1682 3645 sine
1706 3590 1803 3644 du-

221 3680 309 3734 bio
353 3680 651 3735 adulterina
695 3681 944 3751 cogitatio
981 3688 1081 3733 est.
1123 3678 1179 3734 Si
1215 3689 1392 3734 autem
1440 3679 1733 3733 dimittatur
1772 3694 1800 3732 a

220 3771 356 3837 viro,
389 3787 510 3826 cum
548 3787 656 3842 quo
690 3788 811 3827 esse
849 3772 1123 3842 cupiebat;
1153 3770 1449 3825 mtechatur
1475 3770 1687 3841 quidem
1712 3771 1802 3841 qui

220 3877 335 3916 eam
356 3863 589 3929 duxerit,
612 3862 900 3918 secundum
928 3862 1133 3916 Domini
1154 3861 1489 3926 sententiam,
1513 3860 1607 3915 sed
1628 3871 1801 3915 utrum

221 3961 274 4006 et
316 3952 430 4022 ipsa
474 3953 561 4005 tali
589 3952 811 4007 crimine
842 3960 1102 4017 teneatur,
1133 3950 1390 4006 incertum
1421 3960 1521 4005 est.
1553 3951 1804 4018 Quamvis

222 4042 389 4095 multo
418 4042 597 4095 minus
625 4042 846 4095 inveniri
874 4042 1037 4110 possit
1060 4040 1326 4111 quomodo
1347 4056 1467 4095 eum
1498 4043 1579 4095 vir
1606 4050 1660 4096 et
1684 4058 1802 4095 mu-

222 4130 319 4184 lier
339 4131 456 4200 pari
483 4145 745 4186 consensu
771 4131 871 4185 sibi
896 4131 1219 4203 misceantur
1237 4172 1253 4198 ,
1290 4147 1427 4186 unus
1453 4147 1637 4187 eorum
1673 4147 1807 4187 mte-

220 4218 354 4273 chus
381 4220 472 4286 sit,
500 4228 553 4275 et
592 4236 696 4274 non
738 4222 807 4274 sit
845 4221 998 4275 alter.
1038 4220 1152 4276 Huc
1176 4221 1375 4275 accedit
1400 4262 1415 4287 ,
1446 4222 1567 4292 quia
1595 4222 1638 4276 si
1667 4238 1803 4277 mte-

221 4309 409 4365 cbatur
452 4310 543 4365 ille
572 4310 814 4365 ducendo
837 4326 954 4365 eam
985 4327 1102 4380 quae
1132 4312 1301 4365 soluta
1323 4321 1405 4366 est
1424 4328 1452 4363 a
1475 4312 1608 4376 viro,
1639 4328 1805 4380 quan-

222 4414 378 4468 quam
406 4416 512 4455 non
549 4400 843 4465 dimiserit,
876 4400 969 4455 sed
1010 4401 1225 4456 dimissa
1264 4402 1362 4468 sit,
1392 4403 1501 4470 ipsa
1526 4418 1644 4456 eum
1681 4401 1805 4456 facit

222 4489 479 4545 mmebari
500 4532 514 4555 ,
543 4490 683 4559 quod
722 4490 1063 4545 nihilominus
1091 4491 1345 4544 Dominus
1384 4500 1545 4544 vetat.
1596 4493 1671 4544 Ex
1700 4507 1804 4560 quo

222 4579 507 4649 colligitur,
535 4580 648 4635 sive
668 4578 885 4634 dimissa
908 4579 1084 4644 fuerit,
1116 4582 1227 4634 sive
1251 4580 1530 4644 dimiserit,
1557 4591 1805 4649 oportere

225 4672 366 4725 illam
393 4687 610 4726 manere
638 4672 933 4741 innuptam,
960 4681 1050 4724 aut
1076 4671 1189 4724 viro
1215 4670 1563 4724 reconciliari.

290 4764 381 4819 49.
420 4763 650 4817 Rursum
686 4761 944 4831 quaeritur
986 4770 1159 4814 utrum
1201 4762 1244 4816 si
1291 4762 1470 4815 uxoris
1510 4762 1800 4832 permissu,

226 4854 336 4909 sive
360 4853 581 4919 sterilis,
608 4852 722 4907 sive
750 4867 867 4923 quae
897 4852 1236 4906 concubitum
1269 4853 1373 4923 pati
1403 4869 1507 4907 non
1535 4854 1642 4907 vult
1662 4896 1677 4920 ,
1706 4853 1802 4907 ad-

226 4944 456 5001 hibuerit
480 4947 579 5001 sibi
604 4945 824 5000 alteram
853 4944 934 4998 vir
960 4985 974 5010 ,
1003 4960 1108 4999 non
1138 4945 1386 5012 alienam,
1418 4961 1589 5015 neque
1617 4962 1644 4998 a
1689 4948 1804 5001 viro

225 5039 541 5107 seiunctam,
574 5039 743 5108 possit
774 5052 893 5094 esse
921 5038 1039 5093 sine
1062 5038 1284 5092 crimine
1314 5038 1713 5094 fornicationis?
1739 5041 1804 5095 Et

226 5127 279 5182 in
296 5130 512 5185 historia
533 5130 746 5200 quidem
768 5130 977 5186 Veteris
997 5131 1320 5185 Testamenti
1342 5132 1607 5188 invenitur
1625 5150 1805 5190 exem-

228 5218 404 5287 plum;
449 5220 543 5276 sed
574 5236 712 5275 nunc
741 5231 1002 5291 praecepta
1038 5221 1236 5291 majora
1277 5231 1432 5289 sunt,
1476 5223 1528 5277 in
1559 5240 1678 5294 quae
1705 5241 1804 5296 per

227 5310 372 5366 illunt
399 5312 617 5383 gradqu
644 5314 913 5383 generatio
951 5313 1179 5367 humana
1216 5316 1459 5384 pervenit
1487 5334 1500 5370 :
1532 5317 1802 5372 tractanda

226 5399 311 5454 illa
340 5413 464 5458 sunt
487 5404 551 5458 ad
576 5404 975 5474 distinguendas
1001 5414 1184 5459 aetates
1220 5406 1627 5476 dispensationis
1665 5409 1802 5463 divi-

227 5505 307 5545 nae
331 5495 710 5563 providentiae,
748 5512 866 5565 quae
913 5496 1145 5550 humano
1184 5498 1363 5568 generi
1410 5498 1802 5554 ordinatissime

226 5582 494 5653 subvenit;
517 5601 622 5640 non
649 5596 824 5641 autem
846 5585 911 5641 ad
939 5586 1145 5641 vivendi
1177 5588 1386 5657 regulas
1411 5590 1741 5660 usurpandas
1760 5592 1798 5644 .

227 5671 329 5727 Sed
358 5683 533 5732 tamen
560 5684 741 5732 utrum
771 5676 909 5747 quod
939 5677 1011 5731 ait
1037 5678 1341 5747 Apostolus,
1371 5677 1559 5733 Mulier
1586 5697 1685 5735 non
1710 5681 1803 5735 Ita-

327 5790 377 5835 tu
396 5787 675 5841 Corbeienai
696 5787 862 5839 codice
880 5821 898 5852 ,
919 5787 985 5839 ad
1000 5786 1189 5840 vivendi
1204 5788 1419 5853 regulam
1441 5793 1737 5855 usurpanda.

1532 344 1787 423 i.tut:tt
1828 366 2100 422 PlthUS.

3339 375 3476 431 1154

1904 480 1980 533 bct
2005 490 2294 548 potestatem
2318 497 2397 533 sui
2424 481 2667 549 corporis,
2698 480 2788 533 sed
2821 481 2896 535 vir
2910 497 2929 546 ;
2951 482 3180 537 similiter
3202 492 3250 539 et
3273 487 3349 540 vir
3376 504 3478 542 non

1907 572 2050 624 habet
2080 581 2370 640 potestatem
2407 576 2489 624 sui
2523 574 2777 640 corporis,
2819 574 2906 626 sed
2947 574 3168 637 mulier;
3213 577 3380 646 possit
3428 579 3479 631 itt

1908 672 2107 716 tantum
2139 664 2319 717 valere
2343 704 2358 730 ,
2481 665 2821 733 permittente
2851 680 3043 733 uxore,
3074 683 3193 736 qua:
3222 669 3483 723 maritalis

1904 755 2142 823 Corporis
2169 764 2480 824 poteSIatem
2506 757 2681 820 habet,
2712 759 2871 826 possit
2900 760 2981 813 vir
3000 776 3118 813 cum
3147 760 3331 824 altera,
3364 778 3482 832 quae

1906 859 2003 899 nec
2023 846 2190 900 aliena
2213 862 2347 900 uxor
2369 847 2455 907 sit,
2481 862 2577 900 nec
2596 863 2624 901 a
2653 849 2766 902 viro
2788 850 3067 919 disjuncta,
3090 854 3443 907 concumbere
3469 870 3485 907 :

1907 934 2001 989 sed
2032 952 2135 989 non
2170 937 2239 989 ita
2268 946 2349 990 est
2377 938 2814 1003 existimandum,
2844 956 2912 994 ne
2942 940 3043 995 hoc
3080 942 3237 995 etiam
3266 941 3482 1002 femina,

1905 1025 2021 1078 viro
2050 1026 2406 1093 permittente,
2432 1025 2605 1080 facere
2633 1043 2789 1096 posse
2808 1028 3067 1093 videatur,
3086 1031 3227 1101 quod
3244 1033 3481 1085 omnium

1906 1131 2091 1170 sensus
2115 1117 2365 1172 excludit.

1977 1206 2065 1260 50.
2104 1207 2416 1276 Quanquam
2457 1209 2726 1263 nonnullae
2768 1224 2943 1265 causa:
2983 1213 3183 1279 possint
3220 1213 3483 1281 existere,

1909 1297 1995 1350 ttbi
2020 1307 2072 1351 et
2097 1313 2247 1362 uxor,
2277 1301 2447 1353 mariti
2478 1316 2763 1363 consensu,
2792 1317 2888 1371 pro
2920 1304 3035 1372 ipso
3055 1306 3246 1359 marito
3271 1305 3373 1361 hoc
3399 1306 3477 1360 fa-

1906 1404 2029 1442 cere
2065 1388 2263 1444 debere
2299 1391 2540 1446 videatur
2582 1410 2595 1447 :
2637 1394 2772 1446 sicut
2812 1394 3107 1448 Antiochiae
3151 1394 3342 1448 factum
3368 1411 3488 1451 esse

1908 1479 2215 1546 perhibetur
2249 1490 2373 1535 ante
2400 1482 2775 1552 quinquaginta
2807 1483 2972 1537 ferme
3000 1499 3189 1549 annos,
3228 1484 3488 1540 Constant.

1908 1570 1961 1621 tii
2006 1570 2331 1638 temporibus
2364 1568 2459 1640 (a).
2502 1570 2633 1625 Nam
2668 1572 2974 1643 Acyndinus
3015 1582 3141 1628 tunc
3183 1574 3486 1644 praefectus,

1906 1660 1993 1729 qui
2020 1662 2181 1716 etiam
2210 1665 2392 1717 consul
2426 1664 2542 1729 fuit,
2571 1679 2690 1718 cum
2719 1666 2999 1734 quemdam
3025 1668 3171 1722 libra:
3194 1670 3306 1723 auri
3335 1670 3488 1724 debi-

1913 1760 2082 1806 torem
2107 1753 2214 1807 lisci
2233 1754 2487 1823 exigeret,
2504 1755 2682 1809 nescio
2703 1756 2841 1810 unde
2862 1768 3179 1822 commotus,
3205 1759 3343 1828 quod
3369 1760 3489 1829 ple-

1907 1860 2129 1912 rmnque
2168 1852 2219 1899 in
2263 1846 2377 1900 istis
2407 1846 2755 1916 potestatibus
2782 1848 3134 1916 periculosum
3161 1858 3262 1914 est,
3295 1850 3488 1917 quibus

1905 1934 2178 2002 quodlibet
2220 1935 2363 1999 licet,
2386 1945 2476 1989 aut
2502 1938 2675 2005 potius
2703 1946 2920 2006 putatur
2941 1938 3117 2002 licere,
3140 1938 3495 1993 comminatus

1906 2035 1988 2080 est
2009 2027 2193 2095 jurans
2213 2037 2268 2081 ct
2297 2027 2641 2082 vehementer
2668 2028 2962 2093 affirmans,
2990 2029 3131 2099 quod
3160 2029 3206 2082 si
3232 2038 3380 2084 certo
3404 2030 3494 2084 die

1906 2134 2062 2187 quem
2091 2121 2461 2185 constituerat,
2493 2128 2847 2173 memoratum
2891 2136 3076 2173 aurum
3110 2136 3213 2173 non
3253 2121 3494 2174 exsolve-

1906 2218 2006 2271 ret,
2031 2209 2379 2264 occideretur.
2408 2211 2584 2279 ltaqne
2606 2225 2725 2263 cum
2748 2209 2836 2263 ille
2860 2218 3131 2264 teneretur
3152 2210 3367 2263 immani
3396 2225 3493 2264 cu-

1908 2301 2100 2363 stodia,
2148 2316 2245 2355 nec
2278 2316 2334 2354 se
2363 2312 2542 2370 posset
2567 2302 2747 2355 debito
2787 2302 2877 2355 illo
2912 2301 3182 2368 expedire,
3227 2301 3341 2354 dies
3380 2316 3493 2355 me-

1912 2390 2139 2443 tuendus
2168 2392 2446 2445 imminere
2468 2402 2521 2444 ct
2552 2392 2907 2459 propinquare
2935 2392 3115 2459 carpit.
3147 2391 3210 2444 Et
3240 2391 3373 2445 forte
3402 2391 3496 2444 ha-

1910 2477 2069 2531 bebat
2096 2494 2314 2532 uxorem
2346 2479 2773 2548 pulcherrimam,
2796 2480 2889 2533 sed
2917 2480 3107 2532 nullius
3128 2480 3366 2549 pecuniae
3391 2496 3494 2549 qua

1907 2567 2214 2621 subveniret
2242 2570 2414 2623 'viro:
2455 2569 2605 2637 cujus
2649 2570 2886 2622 mulieris
2929 2570 3323 2639 pulchritudine
3369 2586 3494 2625 cum

1907 2657 2121 2725 quidam
2147 2657 2296 2712 dives
2326 2667 2469 2711 esset
2496 2673 2773 2723 accensus,
2806 2668 2858 2712 et
2886 2660 3223 2728 cognovisset
3246 2661 3492 2714 maritum

1907 2748 2022 2815 ejus
2046 2750 2096 2801 in
2128 2749 2216 2802 illo
2242 2748 2550 2803 discrimine
2570 2750 2939 2814 constitutum,
2975 2750 3117 2803 misit
3140 2750 3206 2803 ad
3233 2766 3349 2804 eam
3381 2752 3496 2821 pol-

1908 2838 2073 2892 licens
2105 2854 2201 2908 pro
2230 2854 2330 2892 una
2364 2850 2518 2893 nocte
2542 2881 2556 2903 ,
2598 2841 2641 2894 si
2673 2841 2721 2894 ei
2750 2841 2961 2895 misceri
2990 2841 3165 2907 vellet,
3201 2856 3260 2895 se
3287 2842 3403 2895 auri
3430 2843 3494 2895 li-

1906 2931 2056 2985 bram
2083 2932 2350 2987 daturum.
2380 2932 2512 2985 Tum
2541 2932 2626 2985 illa
2652 2948 2769 3001 quae
2790 2947 2848 2987 se
2868 2933 3028 2986 sciret
3054 2950 3157 2987 tton
3188 2933 3384 2989 habere
3412 2935 3493 2988 sui

1905 3025 2144 3093 corporis
2167 3033 2499 3094 potestatem,
2529 3025 2623 3078 sed
2656 3026 2823 3079 virum
2846 3041 3018 3091 suum,
3047 3027 3259 3095 pertulit
3278 3026 3343 3081 ad
3373 3042 3494 3082 eum

1852 3129 1858 3137 '
1905 3116 2089 3171 dicens
2118 3124 2354 3185 paratam
2384 3132 2442 3170 se
2462 3131 2581 3171 esse
2612 3132 2707 3186 pro
2732 3118 2922 3171 marito
2944 3118 2993 3171 id
3017 3118 3209 3182 facere,
3238 3119 3281 3172 si
3314 3128 3491 3173 tamen

1907 3207 2020 3276 ipse
2049 3208 2342 3278 conjugalis
2368 3209 2608 3278 corporis
2636 3207 2902 3273 dominus,
2923 3210 3005 3263 cui
3036 3218 3141 3263 tota
3172 3210 3256 3263 illa
3282 3210 3495 3264 castitas

1905 3298 2189 3353 deberetur
2211 3339 2226 3363 ,
2272 3309 2521 3370 tanquam
2550 3300 2617 3354 de
2646 3316 2704 3353 re
2741 3314 2832 3354 sua
2863 3316 2958 3369 pro
2987 3302 3088 3354 vita
3118 3316 3211 3355 sua
3256 3302 3411 3357 vellet
3441 3303 3492 3355 id

1906 3389 2042 3443 eri.
2095 3389 2216 3459 Egit
2251 3390 2337 3444 ille
2363 3391 2576 3460 gratias,
2607 3398 2660 3445 et
2681 3400 2738 3444 ut
2764 3390 2815 3445 id
2848 3391 2997 3446 fieret
3024 3394 3319 3460 imperavit,
3348 3394 3495 3447 nullo

1907 3480 2067 3534 modo
2085 3481 2332 3544 judicans
2361 3480 2713 3535 adulterinum
2741 3496 2860 3535 esse
2888 3483 3247 3546 concubitum,
3278 3483 3418 3553 quod
3440 3493 3496 3537 et

1906 3570 2070 3624 libido
2094 3571 2233 3623 nulla
2260 3579 2312 3625 et
2333 3586 2520 3640 magna
2551 3570 2723 3625 mariti
2744 3570 2977 3624 charitas
2999 3585 3058 3625 se
3072 3571 3292 3640 jubente
3318 3581 3374 3626 et
3395 3587 3493 3626 vo-

1906 3660 2047 3715 lente
2084 3660 2360 3730 agitaret.
2394 3661 2548 3715 Venit
2577 3663 2769 3716 mulier
2786 3662 2852 3715 ad
2891 3663 3070 3715 villam
3107 3662 3248 3717 illius
3276 3662 3477 3730 divitis,

1907 3752 2029 3805 fecit
2055 3752 2195 3822 quod
2226 3754 2392 3807 voluit
2429 3754 2725 3823 impudicus
2758 3771 2771 3807 :
2805 3754 2897 3808 sed
2938 3754 3024 3807 illa
3053 3768 3246 3823 corpus
3274 3756 3483 3810 nonnisi

1906 3845 2095 3896 marito
2119 3843 2301 3911 dedit,
2331 3859 2436 3898 non
2464 3845 2821 3899 concumbere
2840 3887 2855 3910 ,
2885 3854 2941 3898 ut
2966 3845 3101 3899 solet
3125 3887 3140 3909 ,
3188 3845 3281 3899 sed
3310 3847 3492 3901 vivere

1905 3936 2156 4005 cupienti.
2190 3936 2407 4005 Accepit
2439 3952 2624 3991 aurum
2659 3955 2672 3990 :
2709 3938 2802 3992 sed
2842 3938 2929 3992 ille
2964 3938 3054 4007 qui
3086 3938 3261 4001 dedit,
3306 3937 3494 3994 fraude

1906 4024 2175 4079 subtraxit
2200 4026 2343 4095 qttod
2374 4026 2614 4092 dederat,
2647 4034 2703 4081 et
2727 4026 3003 4095 supposuit
3032 4028 3204 4081 simile
3233 4027 3492 4098 ligamen-

1908 4124 2017 4167 tttm
2040 4130 2159 4169 cum
2185 4125 2343 4170 terra.
2367 4116 2516 4182 Quod
2549 4117 2635 4169 ubi
2660 4117 2854 4171 mulier
2874 4118 2982 4187 jam
3008 4117 3149 4171 domi
3180 4133 3288 4172 suae
3320 4119 3492 4187 posita

1908 4203 2130 4268 invenit,
2165 4206 2407 4275 prosiluit
2438 4206 2490 4260 in
2521 4207 2792 4275 publicum
2823 4207 3007 4262 eadem
3032 4208 3206 4260 mariti
3235 4208 3499 4263 charitate

1906 4294 2194 4348 clamatura
2224 4295 2364 4364 quod
2405 4297 2635 4362 fecerat,
2678 4311 2779 4365 qua
2817 4296 2989 4350 facere
3027 4305 3209 4349 coacta
3249 4305 3378 4351 est:
3409 4296 3495 4349 in-

1909 4385 2151 4453 terpellat
2183 4384 2521 4453 praefectum,
2574 4385 2767 4438 fatetur
2793 4385 3004 4450 omnia,
3050 4400 3205 4455 quam
3253 4385 3497 4441 fraudem

1907 4488 2060 4541 passa
2100 4484 2240 4529 esset
2279 4475 2532 4529 ostendit.
2574 4475 2708 4529 Tum
2754 4492 2880 4530 vero
2927 4476 3207 4546 praefectus
3234 4478 3405 4546 primo
3434 4493 3501 4531 se

1907 4581 2078 4631 teum,
2100 4567 2240 4635 quod
2268 4567 2379 4620 suis
2400 4567 2559 4621 minis
2580 4567 2645 4620 ad
2674 4566 2724 4621 id
2747 4576 2960 4623 ventum
2982 4577 3142 4633 esset,
3166 4569 3497 4637 pronuntiat,

1910 4664 2156 4725 tanquam
2185 4657 2235 4710 itt
2258 4658 2418 4711 alium
2442 4659 2758 4712 sententiam
2785 4659 2988 4723 dicens,
3015 4659 3082 4714 de
3112 4661 3372 4732 Acyndini
3394 4662 3493 4716 bo-

1908 4748 1991 4801 nis
2016 4748 2129 4801 auri
2151 4748 2339 4803 libram
2363 4750 2489 4803 lisco
2511 4748 2872 4814 inferendam;
2902 4751 3042 4805 illam
3066 4767 3196 4807 vero
3216 4753 3497 4807 mulierem

1907 4839 2177 4894 dominam
2210 4842 2264 4894 in
2295 4856 2411 4895 eam
2441 4850 2661 4905 terram,
2683 4842 2821 4897 unde
2847 4858 2943 4912 pro
2963 4859 3094 4899 auro
3120 4854 3314 4898 terram
3336 4860 3491 4900 accc-

1909 4933 2092 5001 pisset,
2123 4934 2321 4988 induci.
2351 4933 2490 4988 Nihil
2519 4934 2642 4989 hinc
2672 4935 2723 4988 itt
2750 4936 2981 5004 aliquam
3008 4944 3208 5004 partem
3238 4935 3491 5003 disputo;

1906 5025 2064 5080 liceat
2085 5026 2275 5095 cuique
2294 5025 2558 5080 aestimare
2586 5026 2726 5097 quod
2746 5026 2873 5080 velit
2893 5044 2907 5079 :
2928 5040 3033 5079 non
3050 5026 3191 5079 enim
3214 5025 3279 5079 de
3300 5025 3495 5080 divinis

1907 5120 2310 5177 auctoritatibus
2350 5120 2665 5189 deprompta
2715 5119 2933 5172 historia
2993 5127 3125 5173 est:
3168 5118 3262 5173 sed
3315 5127 3491 5172 tamen

1909 5222 2121 5267 narrato
2148 5211 2321 5278 facto,
2366 5226 2471 5265 non
2500 5212 2569 5267 ita
2608 5211 2810 5279 respuit
2848 5209 2949 5265 hoc
2987 5225 3175 5265 sensus
3210 5211 3490 5276 humanus,

1906 5304 2048 5374 quod
2090 5304 2147 5358 in
2188 5304 2274 5361 illa
2310 5305 2533 5359 muliere
2575 5304 2689 5358 viro
2726 5303 2947 5373 jubente
2988 5304 3331 5357 commissum
3373 5312 3492 5369 est,

1906 5394 2350 5464 quemadmodum
2377 5402 2552 5460 antea,
2575 5409 2696 5447 cum
2718 5394 2833 5448 sine
2859 5395 2966 5448 ullo
2991 5396 3236 5463 exemplo
3266 5408 3351 5449 res
3380 5394 3493 5461 ipsa

1908 5494 2224 5554 poneretur,
2255 5485 2578 5538 ltorrttimus.
2603 5485 2709 5540 Sed
2754 5487 2804 5539 in
2837 5485 2937 5540 hoc
2965 5486 3237 5555 Evangelii
3264 5485 3494 5555 capitulo

1908 5575 2039 5628 nihil
2071 5574 2254 5629 fortius
2284 5574 2728 5630 considerandum
2757 5586 2858 5643 est,
2888 5592 3044 5647 quam
3070 5586 3271 5630 tantum
3294 5580 3492 5630 malum

1904 5729 2259 5841 .(agogircltcr
2275 5729 2441 5782 Christi
2473 5743 2652 5780 aaanm
2675 5731 2798 5780 555:
2822 5732 3005 5793 quippe
3022 5732 3113 5781 hoc
3133 5730 3377 5781 saibebat
3397 5730 3492 5781 sub
