4076 6452
528 481 650 525 esse
683 455 1066 521 fornicationis,
1106 460 1165 509 ut
1186 465 1304 508 cum
1327 459 1473 505 tanto
1498 448 1706 504 vinculo
1733 445 1835 501 sibi
1862 443 2104 514 conjugia

532 555 980 625 constringuntur,
1009 548 1124 603 haec
1150 558 1253 600 una
1276 558 1432 599 causa
1460 539 1737 596 solutionis
1753 544 1970 608 excepta
1995 534 2102 590 sit:

533 663 653 718 qua:
676 647 746 701 sit
771 651 946 699 autem
968 636 1264 700 fornicatio,
1293 634 1401 702 jam
1429 640 1706 687 tractatum
1730 638 1831 684 est.

602 734 825 793 CAPUT
861 728 1021 788 XVII.
1047 758 1118 769 —
1137 728 1224 783 5|.
1264 723 1458 778 Iterum
1481 764 1497 788 ,
1529 722 1730 792 inquit,
1752 718 1964 774 audistis
1982 716 2108 789 quia

536 829 725 883 dictant
737 833 808 880 est
823 821 1058 893 antiquis.
1083 817 1203 873 Non
1225 815 1488 888 pejerabis,
1511 813 1688 870 reddes
1706 821 1872 866 autem
1894 809 2107 864 Domino

532 918 891 993 jusjurandum
925 925 1083 967 tuum.
1131 909 1242 981 Ego
1268 918 1433 962 autem
1470 906 1584 960 dico
1608 904 1778 969 vobis,
1809 918 1909 955 non
1929 901 2110 970 jurare

536 991 759 1070 omnino,
781 1019 937 1073 neque
959 1018 1049 1073 per
1064 1001 1272 1061 caelum,
1310 998 1428 1061 quia
1457 996 1666 1049 thronus
1691 991 1789 1046 Dei
1815 1001 1921 1052 est;
1954 1003 2111 1057 neque

536 1115 625 1169 per
644 1107 829 1150 terram
854 1136 870 1160 ,
903 1095 1021 1166 quia
1041 1090 1312 1146 scabellum
1346 1097 1419 1143 est
1446 1087 1629 1157 pedum
1655 1086 1803 1155 ejus;
1841 1098 1999 1151 neque
2021 1096 2112 1152 per

534 1186 907 1257 Jerosolyntam
925 1227 941 1248 ,
987 1184 1105 1253 quia
1128 1182 1300 1236 civitas
1329 1188 1401 1233 est
1440 1176 1610 1247 ntagni
1635 1175 1801 1245 regis;
1841 1187 1995 1243 neque
2023 1185 2109 1238 per

534 1292 684 1351 caput
712 1291 852 1336 tuum
883 1278 1158 1348 juraveris,
1200 1274 1322 1347 quia
1359 1289 1458 1327 non
1495 1280 1631 1341 potes
1671 1269 1839 1339 facere
1871 1265 2112 1335 capillum

534 1390 691 1428 unum
716 1370 884 1424 album
907 1378 993 1422 aut
1020 1368 1236 1438 nigrum.
1271 1365 1350 1437 Sit
1384 1372 1548 1415 autem
1572 1375 1733 1413 sermo
1759 1367 1942 1418 vester,
1984 1353 2077 1408 Est
2093 1393 2108 1419 ,

537 1473 641 1528 est;
678 1460 827 1522 Non,
858 1476 959 1513 non
983 1476 1002 1512 :
1039 1456 1176 1530 quod
1204 1465 1371 1509 autem
1398 1452 1617 1521 amplius
1650 1457 1723 1503 est
1748 1489 1763 1513 ,
1801 1464 1832 1500 a
1860 1446 1993 1500 malo
2017 1452 2110 1498 est.

536 1555 746 1612 iustitia
768 1548 1154 1608 Pharisaeorum
1180 1556 1284 1611 est,
1308 1560 1417 1600 non
1447 1543 1683 1612 pejerare
1707 1557 1722 1592 :
1749 1539 1886 1593 hanc
1911 1536 2111 1591 contir-

540 1652 649 1699 mat
668 1643 757 1714 qui
787 1648 930 1696 vetat
951 1639 1152 1709 jurare,
1182 1635 1322 1706 quod
1349 1633 1575 1703 pertinet
1596 1629 1933 1698 adjustitiam
1963 1624 2111 1695 regni

540 1735 814 1790 malorum.
837 1731 982 1786 Sicut
1007 1728 1148 1784 enim
1185 1727 1370 1781 falsum
1392 1722 1537 1794 loqui
1565 1737 1668 1775 non
1693 1727 1866 1790 potest
1889 1717 1978 1788 qui
2007 1731 2112 1771 non

538 1826 804 1895 loquitur,
830 1825 908 1877 sic
931 1821 1168 1890 pejerare
1205 1833 1310 1872 non
1342 1824 1514 1887 potest
1550 1813 1637 1883 qui
1678 1828 1782 1866 non
1821 1809 1983 1879 jurat.
2010 1807 2115 1863 Sed

542 1924 717 1970 tamen
745 1911 1151 1984 quoniamjurat
1185 1908 1273 1978 qui
1294 1906 1510 1960 adhibet
1536 1912 1724 1958 testem
1760 1902 1925 1956 Deum
1945 1941 1962 1965 ,
1992 1899 2115 1954 dili-

540 2017 727 2076 genter
749 2001 1186 2060 considerandum
1228 2006 1311 2054 est
1348 1997 1448 2052 hoc
1474 1994 1788 2064 capitulum,
1841 2007 1907 2046 ne
1931 2000 2117 2045 contra

544 2105 866 2167 praeceptum
906 2093 1110 2149 Domini
1157 2089 1444 2160 Apostolus
1483 2088 1670 2142 fecisse
1710 2084 1976 2147 videatur,
2026 2081 2116 2152 qui

543 2194 687 2260 sirpe
707 2188 809 2240 huc
834 2185 992 2239 tundo
1013 2182 1209 2253 jnravit
1227 2222 1244 2248 ,
1266 2195 1386 2235 cum
1411 2180 1575 2242 dicit,
1619 2178 1744 2243 Qua’
1772 2186 1937 2230 autem
1956 2176 2118 2229 scribo

544 2281 700 2343 vobis,
727 2295 837 2333 ecce
853 2292 1020 2331 coram
1055 2276 1177 2339 Deo,
1199 2273 1318 2345 quia
1342 2288 1441 2326 non
1460 2272 1670 2325 mentior
1692 2267 1883 2340 (Gulat.
1915 2269 1967 2332 1,
1988 2266 2115 2335 20):

545 2379 601 2424 et
619 2371 828 2428 iterum,
848 2366 983 2419 Deus
1006 2375 1053 2417 et
1076 2363 1231 2416 Pater
1253 2361 1452 2414 Domini
1482 2360 1637 2413 nostri
1655 2356 1692 2411 Ι
1696 2374 1780 2410 esu
1798 2357 2015 2417 Christi,
2034 2356 2119 2426 qui

546 2471 619 2515 est
644 2458 929 2513 benedictus
955 2456 1006 2509 in
1036 2453 1241 2514 uacula,
1272 2452 1363 2505 scit
1386 2451 1504 2521 quia
1528 2466 1627 2503 non
1653 2448 1867 2501 mentior
1903 2445 1969 2518 (ΙΙ
1996 2445 2117 2501 Cor.

554 2567 634 2617 XI,
663 2550 724 2605 5|
739 2552 775 2619 ).
801 2548 928 2603 Tale
952 2556 1033 2601 εει
1054 2546 1213 2600 etiam
1238 2543 1384 2605 illud,
1406 2541 1565 2596 Testis
1585 2541 1718 2595 enim
1736 2539 1859 2592 mihi
1880 2547 1952 2592 est
1962 2536 2118 2600 Deus,

547 2642 629 2695 cui
652 2639 812 2693 servio
840 2638 892 2691 in
927 2637 1110 2707 spiritu
1149 2651 1257 2689 meo
1284 2636 1339 2687 in
1378 2631 1654 2702 Evangelio
1680 2628 1806 2683 Filii
1829 2631 1970 2700 ejus,
1996 2645 2123 2699 quo-

543 2729 693 2784 modo
713 2729 818 2783 sine
848 2727 1208 2781 intermissione
1225 2723 1514 2778 memoriam
1537 2722 1685 2776 vestri
1698 2722 1831 2791 facio
1855 2738 2051 2791 semper
2067 2720 2122 2774 in

544 2819 848 2876 orationibus
872 2819 992 2873 meis
1018 2817 1190 2889 (Rom.
1236 2832 1275 2881 ι,
1305 2816 1356 2878 9,
1388 2815 1499 2885 10).
1526 2813 1638 2868 Nisi
1668 2813 1804 2869 forte
1838 2814 1956 2883 quis
1981 2812 2126 2867 dicat

547 2923 674 2967 tunc
697 2911 993 2966 habendam
1025 2924 1145 2964 esse
1168 2907 1487 2976 jnrationent
1509 2947 1522 2969 ,
1546 2920 1666 2960 cum
1692 2921 1785 2974 per
1813 2903 2010 2974 aliquid
2034 2903 2119 2958 di-

545 3004 685 3058 citur
713 3017 808 3072 per
841 2999 981 3071 quod
1011 3000 1222 3070 juratur
1249 3015 1263 3052 :
1294 3007 1350 3051 ut
1379 3014 1483 3050 non
1517 2995 1780 3065 jnraverit
1800 3035 1818 3061 ,
1861 2994 1983 3064 quia
2014 3009 2122 3049 non

547 3093 704 3155 dixit,
732 3106 827 3159 per
844 3090 1042 3154 Deum;
1064 3087 1156 3142 sed
1178 3086 1338 3151 dixit,
1360 3084 1523 3140 Testis
1541 3094 1612 3138 est
1640 3083 1792 3137 Deus.
1824 3083 2121 3139 Ridiculum

550 3192 635 3238 est
662 3182 764 3235 hoc
790 3190 972 3250 putare
1005 3199 1020 3235 :
1053 3188 1227 3234 tamen
1252 3188 1468 3248 propter
1492 3178 1852 3253 contentiosos
1869 3185 1962 3231 aut
1982 3179 2118 3233 mul-

550 3282 663 3328 tum
693 3271 870 3326 tardos
894 3272 934 3336 ⁸,
983 3285 1052 3326 ne
1087 3269 1283 3338 aliquid
1321 3269 1576 3323 interesse
1612 3268 1733 3338 quis
1771 3276 1950 3338 putet,
1992 3270 2126 3324 sciat

546 3365 707 3421 titiam
738 3365 836 3419 hoc
855 3361 1013 3418 modo
1031 3362 1243 3431 jurasse
1270 3361 1579 3429 Apostolum
1604 3360 1868 3416 dicentem
1896 3402 1910 3421 .
1942 3360 2125 3427 Quoti-

548 3454 633 3509 rlie
658 3454 865 3517 morior,
898 3467 987 3522 per
1010 3460 1221 3504 oestron:
1249 3449 1467 3518 gloriam
1496 3449 1538 3520 (l
1559 3450 1673 3503 Cor.
1700 3466 1792 3511 xv,
1823 3450 1937 3519 51).
1968 3450 2122 3515 Quod

548 3560 619 3600 ne
653 3546 774 3615 quis
810 3542 1076 3598 existimet
1105 3541 1174 3595 ita
1195 3539 1396 3595 dictum
1419 3580 1432 3603 ,
1473 3548 1717 3609 tanquam
1748 3540 1793 3597 si
1834 3540 2119 3607 diceretur,

548 3632 741 3692 Vestra
769 3632 934 3703 gloria
975 3646 1058 3686 me
1090 3630 1213 3687 facit
1250 3631 1484 3700 quotidie
1515 3629 1682 3694 mori;
1720 3631 1857 3685 sicut
1899 3631 2123 3699 dicitur,

550 3726 657 3783 Per
685 3726 824 3782 illius
848 3722 1207 3795 magisterium
1228 3722 1415 3777 doctus
1435 3720 1605 3776 factus
1629 3731 1746 3788 est,
1771 3722 1820 3777 id
1846 3732 1947 3787 est,
1980 3723 2126 3778 illius

551 3816 854 3888 magisterio
892 3814 1084 3868 factum
1112 3821 1196 3868 est
1227 3820 1286 3867 ut
1329 3811 1564 3882 perfecte
1592 3811 1875 3868 doceretur
1905 3830 1919 3865 :
1949 3826 2124 3883 graeca

552 3906 871 3978 exemplaria
889 3903 1201 3975 dijudicant,
1234 3904 1287 3958 in
1314 3903 1506 3974 quibus
1534 3903 1787 3972 scriptum
1808 3913 1908 3967 cst,
1942 3911 2022 3965 Νὴ
2039 3917 2126 3964 τὴν

551 4007 781 4069 καύχησιν
815 4003 1074 4067 ὓμιτᾱραν,
1108 3995 1248 4065 quod
1279 3996 1485 4053 nonnisi
1508 4011 1538 4049 a
1558 3995 1771 4066 jurante
1798 3997 2008 4052 dicitur.
2049 3996 2125 4051 Ita

549 4105 678 4160 ergo
702 4087 1007 4157 intelligitur
1036 4087 1353 4156 praecepisse
1394 4086 1671 4156 Dominum
1701 4102 1768 4141 ne
1787 4090 2022 4155 juretur,
2056 4103 2125 4142 ne

552 4180 830 4249 quisquam
851 4178 988 4232 sicut
1010 4177 1206 4232 bonum
1237 4185 1450 4247 appetat
1469 4175 1839 4244 jusjurandum
1862 4219 1875 4240 ,
1904 4187 1958 4231 et
1985 4177 2124 4232 assi-

551 4274 752 4330 duitate
771 4270 986 4343 jurandi
1024 4271 1091 4324 ad
1122 4270 1407 4340 perjnrium
1438 4284 1534 4339 per
1559 4270 1994 4324 consuetudinem
2026 4269 2124 4324 de-

550 4365 776 4419 labatur.
803 4362 1136 4431 Quapropter
1162 4365 1251 4431 qui
1293 4360 1569 4431 intelligit,
1599 4376 1703 4414 non
1734 4360 1785 4414 itt
1815 4360 2000 4425 bonis,
2031 4361 2126 4416 sed

548 4454 602 4510 in
623 4453 936 4510 necessariis
944 4451 1263 4521 juratinnem
1282 4452 1315 4505 ιι
1335 4472 1363 4501 Ii
1385 4452 1599 4515 endam,
1626 4449 1857 4506 refrenet
1877 4466 1936 4505 se
1957 4467 2122 4521 quan-

550 4557 664 4605 tum
694 4551 901 4615 potest,
939 4552 997 4598 ut
1021 4557 1128 4597 non
1153 4558 1216 4598 ea
1242 4550 1419 4597 utatur
1441 4582 1458 4608 ,
1499 4542 1597 4596 nisi
1626 4543 1975 4607 necessitate,
2005 4558 2125 4597 cum

550 4638 698 4694 videt
725 4637 901 4708 pigros
937 4650 1057 4691 esse
1096 4634 1338 4689 homines
1365 4635 1432 4689 ad
1469 4633 1791 4690 credendum
1813 4676 1829 4701 ,
1870 4635 2011 4705 quod
2050 4636 2130 4691 eis

553 4729 685 4785 utile
719 4735 804 4783 est
841 4725 1091 4792 credere,
1123 4725 1224 4781 nisi
1246 4725 1515 4795 juratione
1542 4726 1817 4781 Iirmentur
1839 4728 1880 4780 ¹¹.
1918 4726 1999 4782 Ad
2029 4726 2131 4783 hoc

554 4822 734 4893 itaque
758 4820 986 4892 pertinet
1012 4819 1155 4890 quod
1179 4819 1259 4875 sic
1281 4818 1475 4876 dicitur
1496 4862 1513 4888 ,
1555 4820 1636 4876 Sit
1673 4830 1840 4876 autem
1859 4838 2022 4877 sermo
2046 4838 2132 4877 ve-

553 4924 672 4979 ster,
703 4912 816 4977 Est,
838 4922 950 4977 est;
972 4910 1115 4975 Non,
1138 4927 1239 4967 non
1257 4927 1278 4967 :
1305 4910 1409 4968 hoc
1432 4913 1629 4968 bonum
1659 4922 1761 4977 est,
1787 4924 1843 4971 et
1868 4924 2130 4984 appeten-

555 5004 704 5061 dum.
734 5002 881 5069 Quod
910 5013 1079 5058 autem
1108 5002 1328 5071 amplius
1355 5011 1456 5069 est,
1501 5020 1534 5058 a
1560 5004 1695 5058 malo
1712 5014 1786 5060 est
1802 5020 1824 5069 ,°
1859 5005 1911 5061 id
1935 5014 2018 5061 est
2042 5047 2059 5073 ,
2083 5006 2133 5063 si

553 5096 736 5168 jurare
759 5094 967 5166 cogeris
983 5135 1001 5163 ,
1022 5093 1161 5150 scias
1184 5093 1253 5150 de
1272 5095 1588 5151 necessitate
1611 5096 1794 5151 venire
1813 5096 2134 5155 infirmitatis

554 5204 740 5244 eorum
768 5187 960 5259 quibus
999 5185 1201 5258 aliquid
1226 5186 1458 5243 suades:
1485 5203 1605 5259 quae
1630 5188 1913 5245 infirmitas
1949 5191 2134 5261 utique

559 5279 757 5335 malum
781 5286 885 5339 est,
914 5275 1057 5333 unde
1099 5291 1198 5333 nos
1224 5276 1460 5347 quotidie
1495 5277 1707 5333 liberari
1746 5276 2132 5349 deprecamur,

554 5386 680 5445 cum
705 5369 961 5434 dicimus,
999 5366 1185 5423 Libera
1209 5384 1299 5423 nos
1319 5384 1352 5422 a
1372 5368 1752 5439 malo,(blattlt.
1773 5382 1860 5437 γι,
1885 5368 1998 5441 15).
2027 5370 2135 5427 Ita-

557 5479 664 5535 que
689 5478 796 5519 non
822 5462 988 5529 dixit,
1014 5461 1168 5530 Quod
1195 5472 1375 5518 autem
1401 5462 1628 5533 amplius
1655 5471 1771 5530 est,
1793 5463 1991 5519 malum
2015 5472 2132 5533 est;

556 5594 959 5708 dgrtequndecim
983 5603 1111 5658 uss,
1145 5601 1340 5663 propter
1368 5594 1683 5653 calumnias“
1703 5602 1787 5651 aut
1804 5597 2004 5651 multum
2041 5603 2140 5652 tar.

617 5722 638 5750 ³
661 5725 709 5767 ιιι
729 5720 883 5770 tribus
893 5728 1018 5783 nam,
1042 5716 1251 5785 [innato
1267 5754 1281 5771 .

1357 338 1447 397 DE
1483 333 1803 395 SERMONE
1842 328 2070 388 DOMINI
2109 326 2176 385 IN
2210 325 2464 394 MONTE,
2505 324 2563 382 S.
2603 323 2967 383 AUGUSTINI

3637 326 3779 383 i258

2212 448 2268 494 tu
2296 439 2435 495 enim
2473 453 2579 494 non
2607 438 2804 493 malum
2831 436 2991 504 lacis,
3013 436 3101 508 qui
3130 436 3267 492 bene
3296 436 3457 493 uteris
3481 440 3786 507 juratioue,

2207 546 2327 601 qum
2355 531 2453 585 etsi
2476 546 2578 584 non
2599 530 2756 591 bona,
2781 539 2955 587 tamen
2980 530 3277 583 necessaria
3301 539 3383 584 est
3407 540 3464 584 ut
3488 532 3638 585 alteri
3661 547 3787 601 per-

2207 621 2429 675 suadeas
2454 621 2592 690 quod
2626 619 2822 674 utiliter
2847 618 3038 674 suades
3058 618 3179 674 :sed
3202 636 3236 671 a
3258 620 3392 673 ntalo
3412 630 3503 685 est,
3532 621 3670 675 illius
3689 636 3786 674 cu-

2204 709 2291 780 jus
2316 711 2616 765 infirmitate
2637 711 2819 778 jurare
2842 709 3068 780 cogeris.
3096 708 3201 764 Sed
3225 725 3381 764 nemo
3402 711 3545 764 novit
3564 710 3664 765 nisi
3688 710 3782 781 qni

2208 811 2460 871 expertus
2483 810 2595 867 est,
2627 816 2782 871 quam
2812 800 2880 854 sit
2914 799 3127 854 difﬁcile
3153 810 3206 854 et
3224 800 3666 855 consuetudinem
3695 801 3787 870 ju-

2209 893 2359 948 randi
2393 892 2761 962 exstinguere,
2802 900 2859 947 et
2896 908 3161 961 nunquam
3202 901 3402 947 temere
3441 892 3614 947 facere
3639 892 3785 963 quod

2210 998 2584 1053 nonnunquam
2608 984 2779 1037 facere
2803 982 3089 1038 necessitas
3118 983 3277 1051 cogit.

2281 1075 2368 1129 52.
2410 1074 2584 1142 Quzeri
2611 1083 2784 1129 autem
2815 1084 3007 1143 potest,
3032 1089 3152 1128 cum
3173 1073 3457 1137 diceretur,
3487 1071 3597 1142 Ego
3616 1082 3786 1126 autem

2211 1164 2324 1218 dico
2352 1163 2487 1218 vobis
2514 1181 2612 1219 non
2629 1163 2813 1233 jurare
2837 1163 3039 1217 omnino
3058 1202 3076 1229 ,
3112 1178 3207 1217 cur
3226 1161 3463 1216 additum
3497 1163 3566 1216 sit
3584 1202 3601 1225 ,
3632 1178 3793 1232 neque

2213 1273 2303 1326 per
2322 1256 2519 1318 emtum.
2546 1256 2664 1325 quia
2688 1256 2897 1309 thronus
2925 1253 3021 1308 Dei
3048 1263 3122 1308 est
3140 1296 3155 1318 ,
3188 1263 3243 1309 et
3271 1263 3460 1308 ctctcra
3484 1294 3501 1318 ,
3530 1268 3699 1323 usque
3722 1253 3791 1310 ad

2214 1345 2265 1400 id
2291 1344 2430 1416 quod
2455 1345 2653 1400 dictum
2676 1354 2778 1411 est,
2806 1361 2962 1416 neque
2987 1361 3076 1415 per
3094 1353 3249 1414 caput
3277 1354 3436 1409 tuum.
3456 1342 3632 1399 Credo
3662 1358 3789 1413 pro-

2214 1449 2396 1511 pterea
2422 1482 2438 1506 ,
2482 1441 2604 1511 quia
2637 1456 2744 1496 non
2782 1441 3035 1511 putabant
3065 1440 3233 1495 Judmi
3273 1456 3334 1496 se
3374 1440 3540 1495 teneri
3580 1439 3787 1510 jureju-

2216 1530 2417 1595 rando,
2447 1531 2489 1584 si
2522 1546 2617 1600 per
2658 1532 2754 1584 ista
2786 1530 3054 1599 jurassent
3083 1548 3096 1584 :
3121 1538 3178 1585 et
3200 1530 3448 1599 quoniam
3476 1529 3791 1593 audierant,

2218 1621 2416 1675 Reddas
2439 1630 2605 1674 autem
2642 1619 2856 1674 Domino
2868 1620 3235 1693 jusjurandum
3259 1629 3435 1683 tamn;
3475 1635 3582 1674 non
3608 1632 3666 1672 se
3691 1635 3790 1687 pu-

2217 1710 2398 1765 tabant
2422 1710 2644 1764 Domino
2671 1708 2866 1763 debere
2882 1708 3273 1777 jusjurandum,
3302 1709 3348 1762 si
3374 1723 3468 1778 per
3485 1708 3682 1763 caelum
3700 1716 3795 1762 aut

2218 1809 2433 1863 terram,
2455 1809 2546 1855 aut
2572 1816 2665 1870 per
2682 1800 3088 1868 Jerosolymam,
3117 1807 3210 1853 aut
3238 1814 3331 1869 per
3352 1806 3508 1868 caput
3530 1812 3685 1852 suum
3702 1796 3794 1866 ju—

2216 1900 2397 1946 rarent
2428 1908 2443 1944 :
2474 1890 2616 1959 quod
2648 1904 2752 1943 non
2784 1889 2911 1942 vitio
2932 1888 3285 1958 prrecipientis
3306 1927 3323 1953 ,
3368 1886 3463 1942 sed
3503 1887 3611 1941 illis
3652 1887 3798 1941 male

2218 1980 2661 2051 intelligentibtts,
2712 1979 2908 2033 factum
2951 1989 3055 2034 est.
3108 1979 3290 2048 Itaque
3338 1977 3590 2031 Dominus
3636 1975 3800 2031 docet

2219 2070 2348 2126 nihil
2374 2087 2496 2126 esse
2522 2076 2631 2124 tam
2650 2069 2753 2124 vile
2780 2069 2835 2122 in
2858 2067 3118 2123 creaturis
3150 2067 3269 2131 Dei,
3304 2077 3361 2120 ut
3396 2081 3491 2136 per
3520 2064 3623 2120 hoc
3648 2064 3800 2134 quis-

2218 2175 2322 2230 que
2362 2159 2702 2230 pejerandum
2727 2158 3046 2221 arbitretur;
3077 2156 3291 2227 quando
3319 2171 3349 2209 a
3377 2155 3605 2209 summis
3627 2168 3799 2223 usque

2219 2249 2284 2306 ad
2309 2250 2411 2305 ima
2437 2249 2611 2305 divina
2640 2248 2965 2320 providentia
2986 2257 3160 2303 creata
3189 2255 3454 2317 regantur,
3489 2245 3798 2313 incipiensa

2222 2344 2415 2397 throno
2442 2341 2533 2396 Dei
2560 2355 2728 2411 usque
2751 2341 2816 2394 ad
2838 2339 3085 2410 capillum
3111 2338 3290 2393 album
3311 2345 3402 2390 aut
3426 2337 3656 2406 nigrum.
3685 2333 3801 2388 Ne-

2220 2448 2315 2504 que
2345 2449 2434 2502 per
2453 2431 2655 2498 coelum,
2688 2431 2877 2501 inquit,
2905 2430 3022 2501 quia
3051 2429 3260 2483 thronus
3280 2427 3377 2481 Dei
3401 2436 3508 2495 est;
3537 2443 3695 2497 neque
3711 2442 3803 2497 per

2222 2533 2442 2588 terram,
2481 2522 2601 2594 quia
2637 2520 2910 2576 scabellum
2952 2520 3136 2592 pedum
3174 2521 3283 2592 ejus
3308 2528 3424 2572 est:
3451 2517 3500 2572 id
3525 2528 3645 2583 est,
3674 2531 3802 2571 cum

2217 2614 2369 2684 juras
2407 2628 2502 2682 per
2538 2613 2731 2668 caelum
2771 2620 2863 2666 ant
2902 2621 3130 2675 terram,
3174 2625 3278 2664 non
3310 2619 3362 2663 te
3385 2608 3663 2662 arbitreris
3692 2622 3803 2663 non

2222 2702 2423 2758 debere
2452 2702 2676 2757 Domino
2698 2700 3068 2772 jusjurandum
3092 2710 3273 2766 tuum;
3302 2699 3423 2770 quia
3449 2713 3544 2768 per
3568 2713 3692 2753 eum
3715 2696 3806 2767 ju-

2225 2810 2345 2851 rare
2372 2795 2710 2850 convinceris
2749 2796 2904 2863 cujus
2931 2793 3127 2848 caelum
3173 2791 3393 2846 thronus
3421 2798 3536 2854 cst,
3561 2798 3616 2845 et
3642 2787 3800 2859 cujus

2225 2889 2513 2944 scabellum
2546 2898 2685 2943 terra
2710 2895 2810 2942 est.
2840 2885 3017 2956 Neque
3045 2902 3133 2955 per
3156 2883 3547 2954 Jerosolymam,
3577 2880 3701 2954 quia
3728 2880 3806 2934 ci-

2224 2980 2353 3034 uitas
2379 2989 2451 3035 est
2481 2978 2652 3050 magni
2680 2977 2811 3048 regis
2829 2992 2848 3030 :
2876 2976 3064 3031 melius
3092 2990 3249 3045 quam
3287 2974 3330 3027 si
3357 2972 3589 3037 diceret,
3640 2985 3761 3026 mea
3784 2986 3802 3034 ;

2225 3085 2346 3125 cum
2375 3079 2551 3124 tamen
2593 3069 2693 3123 hoc
2716 3068 2914 3123 dixisse
2942 3065 3286 3136 intelligatur.
3316 3063 3381 3119 Et
3407 3060 3533 3132 quia
3561 3061 3676 3131 ipse
3696 3059 3807 3114 uti-

2225 3176 2329 3231 que
2352 3160 2607 3213 Dominus
2621 3167 2721 3222 est,
2747 3158 2971 3211 Domino
2990 3155 3358 3227 jusjurandum
3378 3152 3556 3215 debet,
3586 3151 3676 3221 qui
3704 3164 3807 3221 per

2227 3250 2612 3322 Jerosolymam
2637 3250 2803 3318 jurat.
2832 3245 3008 3314 Neque
3044 3262 3133 3316 per
3161 3254 3314 3316 caput
3352 3254 3492 3296 tuum
3524 3239 3803 3311 juraueris.

2227 3341 2365 3407 Quid
2393 3341 2534 3395 enim
2563 3346 2766 3408 poterat
2792 3338 3016 3408 quisque
3052 3335 3220 3407 magis
3244 3333 3310 3388 ad
3333 3349 3391 3388 se
3422 3333 3685 3403 pertinere
3708 3346 3806 3385 ar-

2226 3429 2431 3496 bitrari,
2454 3445 2609 3501 quam
2632 3435 2789 3497 caput
2810 3424 3003 3480 suum?
3026 3425 3128 3480 Sed
3154 3422 3420 3494 quomodo
3440 3429 3675 3475 nostrum
3695 3429 3804 3487 est,

2227 3523 2316 3577 ubi
2349 3527 2657 3591 petestatem
2678 3517 2902 3573 faciendi
2929 3517 3085 3571 unius
3107 3515 3279 3584 capilli
3297 3513 3401 3569 albi
3421 3522 3511 3567 aut
3537 3512 3670 3583 nigri
3693 3525 3803 3568 non

2229 3613 2521 3668 habemus?
2564 3611 2707 3681 Ergo
2733 3610 2842 3665 Deo
2869 3608 3030 3663 debet
3062 3604 3430 3677 jusjurandum
3466 3601 3810 3658 ineﬂ'abiliter

2229 3703 2427 3758 tenenti
2448 3701 2645 3767 omnia,
2673 3708 2727 3755 et
2755 3700 2949 3768 ubique
2968 3696 3238 3767 prmsenti,
3261 3694 3498 3765 quisquis
3521 3693 3685 3748 etiam
3712 3706 3809 3762 per

2229 3803 2387 3863 caput
2425 3807 2579 3848 suum
2610 3792 2792 3860 jurare
2820 3788 3087 3844 voluerit:
3125 3794 3181 3842 et
3207 3786 3291 3841 hic
3311 3786 3472 3842 etiam
3495 3794 3692 3839 caetera
3718 3783 3807 3838 in-

2231 3884 2555 3957 telliguntur,
2573 3896 2691 3952 qua:
2715 3880 2893 3935 omnia
2924 3880 3101 3949 utique
3128 3876 3234 3933 dici
3258 3892 3364 3931 non
3394 3882 3666 3946 poterant;
3694 3873 3806 3928 sic-

2230 3982 2288 4028 ut
2311 3971 2439 4027 illnd
2479 3968 3012 4027 commemoravimus
3056 3966 3255 4022 dictum
3282 3965 3350 4020 ab
3364 3963 3641 4037 Apostolo,
3667 3961 3810 4028 Quo-

2229 4064 2351 4118 tidie
2378 4063 2582 4127 morior,
2613 4077 2702 4131 per
2726 4069 2939 4114 vestram
2959 4057 3191 4129 gloriam.
3222 4055 3390 4135 Quam
3411 4054 3731 4124 jurationem
3751 4058 3810 4106 ut

2231 4154 2456 4209 Domino
2501 4166 2561 4207 se
2609 4150 2806 4206 debere
2849 4148 3175 4214 ostenderet,
3217 4142 3811 4217 addidit,quamltabeo

2227 4244 2281 4297 in
2306 4242 2505 4297 Christo
2522 4241 2554 4295 J
2559 4258 2668 4296 esu.

2302 4335 2392 4391 55.
2431 4333 2809 4389 Verumtamen
2833 4338 3045 4401 propter
3071 4329 3313 4386 carnales
3334 4327 3455 4383 dico
3473 4368 3490 4394 ,
3518 4342 3625 4382 non
3650 4340 3813 4397 opor-

2233 4435 2309 4484 tet
2333 4425 2539 4496 opinari
2575 4424 2716 4495 quod
2749 4423 2948 4479 dictum
2978 4431 3063 4477 est
3085 4422 3278 4477 caelum
3320 4419 3546 4475 thronus
3575 4418 3669 4474 Dei
3693 4459 3709 4484 ,
3756 4427 3813 4473 et

2234 4529 2375 4575 terra
2404 4517 2690 4573 scabellum
2716 4516 2911 4586 pedum
2940 4515 3090 4584 ejus,
3135 4511 3276 4583 quod
3315 4513 3393 4568 sic
3433 4511 3625 4567 habeat
3675 4511 3814 4565 Deus

2231 4612 2489 4668 collocata
2519 4609 2756 4665 membra
2786 4609 2836 4662 in
2866 4608 3005 4663 ctelo
3028 4615 3083 4662 et
3106 4606 3158 4662 in
3187 4616 3349 4670 terra.
3373 4612 3432 4660 ut
3455 4620 3554 4660 nos
3577 4619 3698 4658 cum
3725 4619 3813 4658 se-

2231 4701 2422 4757 demus
2444 4718 2459 4768 ;
2487 4700 2580 4755 sed
2599 4700 2684 4754 illa
2703 4700 2860 4755 sedes
2879 4698 3135 4768 judicium
3161 4696 3419 4768 significat
3443 4713 3456 4751 :
3479 4705 3537 4752 et
3559 4693 3814 4767 quoniam

2234 4796 2288 4851 in
2321 4795 2421 4850 hoc
2450 4793 2701 4850 universo
2744 4790 2927 4847 mundi
2974 4804 3197 4861 corpore
3243 4789 3529 4843 maximam
3576 4787 3814 4861 speciem

2234 4888 2429 4946 ccelum
2455 4886 2683 4950 habeat,
2713 4893 2768 4940 et
2792 4892 2932 4938 terra
2971 4883 3274 4948 minimam;
3306 4890 3557 4952 tanquam
3580 4895 3818 4951 praesen-

2237 4980 2340 5035 tior
2365 4978 2436 5035 sit
2459 4973 2738 5032 excellenti
2765 4971 3142 5044 pulchritudini
3178 4972 3258 5026 vis
3295 4970 3504 5037 divina,
3542 4971 3818 5025 minimam

2235 5085 2366 5129 vero
2399 5067 2609 5124 ordinet
2644 5066 2697 5120 in
2724 5063 2980 5120 extremis
3006 5063 3237 5133 atquein
3268 5062 3500 5126 inﬁmis.
3544 5061 3736 5117 sedere
3762 5060 3819 5115 in

2237 5166 2376 5222 cutio
2402 5164 2594 5221 dicitur
2619 5171 2922 5232 terramque
2963 5160 3199 5214 calcare.
3238 5155 3593 5225 Spiritualitcr
3634 5162 3821 5210 autem

2237 5265 2447 5313 sanctas
2471 5254 2675 5309 animas
2693 5252 2814 5307 caeli
2838 5264 3032 5306 nomen
3061 5247 3351 5319 significat;
3379 5257 3431 5302 et
3466 5254 3622 5301 teme
3643 5287 3659 5312 ,
3687 5240 3823 5315 pec-

2241 5346 2464 5403 catrices
2495 5362 2509 5401 :
2539 5342 2866 5413 et'quoniam
2910 5339 3196 5409 spiritualis
3222 5337 3400 5393 omnia
3420 5336 3658 5407 jndieat,
3704 5335 3824 5406 ipse

2240 5450 2414 5494 antem
2436 5453 2465 5490 a
2490 5434 2702 5491 nemine
2716 5433 2986 5505 judicatur
3009 5431 3052 5504 (l
3068 5430 3184 5486 Cor.
3204 5444 3262 5495 ιι,
3292 5429 3406 5498 15),
3438 5427 3827 5484 convenienter

2241 5531 2434 5586 dicitur
2459 5527 2612 5583 sedes
2637 5525 2730 5581 Dei
2755 5542 2768 5578 :
2798 5534 3042 5595 peccator
3058 5538 3183 5578 vero
3206 5522 3289 5576 cui
3313 5520 3512 5576 dictum
3530 5529 3634 5587 est,
3662 5520 3824 5577 Terra

2241 5638 2295 5677 es
2315 5663 2328 5686 ,
2355 5629 2402 5674 et
2425 5620 2480 5674 in
2506 5627 2690 5672 terram
2715 5614 2810 5670 ibis
2834 5612 2985 5688 (Gen.
3010 5629 3069 5669 ιιι
3091 5654 3107 5679 ,
3137 5611 3226 5685 19)
3251 5630 3266 5679 ;
3289 5615 3410 5683 quia
3439 5626 3533 5682 per
3556 5611 3824 5680 justitiam

2244 5711 2451 5771 meritis
2468 5710 2623 5783 digna
2646 5709 2964 5770 tribuenmm
2981 5747 2998 5777 ,
3027 5707 3080 5763 in
3102 5704 3295 5763 inlimis
3319 5703 3614 5769 ordinatur,
3642 5710 3700 5758 et
3723 5702 3823 5773 qui
