4076 6536
157 570 168 581 .
266 520 394 584 ηδτ

265 648 315 697 tn
336 645 446 706 lege
468 640 687 689 manere
711 621 914 691 noluit,
950 616 1049 676 sub
1071 612 1189 689 lege
1213 611 1429 689 punitur
1454 615 1501 682 ‘,
1532 626 1832 685 congruen-

267 743 340 789 ter
362 726 616 797 accipitur
635 720 924 778 scabellum
949 714 1141 787 pedum
1170 712 1304 783 ejus.

330 816 550 876 CAPUT
591 812 777 869 XVIII.
814 842 876 853 -—
901 810 988 866 54.
1040 805 1147 863 Sed
1189 805 1296 875 iam
1343 810 1401 857 ut
1444 802 1600 857 istam
1628 813 1840 871 quoque

267 912 633 972 concludamus
654 921 914 963 summam
936 945 950 970 ,
983 901 1110 973 quid
1144 896 1460 954 laboriosius
1482 904 1536 950 et
1562 893 1841 964 operosius

268 1007 361 1064 dici
390 1014 480 1059 aut
503 1001 720 1073 cogitari
758 1006 968 1069 potest,
1002 994 1091 1050 ubi
1131 1006 1319 1048 omnes
1346 1003 1536 1043 nervos
1566 985 1841 1041 industria:

267 1115 371 1155 sua:
398 1099 604 1152 animus
635 1093 801 1148 ﬁdelis
824 1097 1106 1153 exerceat,
1138 1100 1297 1157 quam
1325 1085 1380 1138 in
1401 1081 1591 1136 vitiosa
1616 1091 1843 1134 consue-

268 1193 442 1248 tudine
495 1183 849 1258 superanda?
908 1180 1159 1257 praecidat
1207 1177 1449 1233 membra
1503 1170 1845 1241 impedientia

268 1301 479 1358 regnum
508 1284 799 1346 caelorum,
848 1291 948 1332 nec
989 1274 1173 1329 dolore
1218 1271 1490 1340 frangatur
1515 1284 1544 1358 εγ
1568 1265 1761 1358 toleret
1790 1262 1843 1315 in

267 1355 522 1448 conjugali
551 1372 655 1427 ﬁde
679 1369 875 1434 omnia,
910 1381 1028 1437 qua:
1056 1361 1297 1434 quamvis
1318 1361 1424 1414 sint
1444 1355 1845 1448 molestissima,

268 1444 463 1523 crimen
494 1473 669 1518 tamen
701 1460 896 1515 illicitae
921 1454 1294 1524 corruptionis,
1330 1450 1384 1505 id
1404 1458 1505 1515 est,
1537 1444 1846 1501 fornicatio-

266 1559 346 1613 nis
374 1572 483 1611 non
519 1554 716 1609 habent
758 1568 770 1605 :
821 1549 981 1604 veluti
1010 1548 1055 1603 si
1092 1559 1311 1600 uxorem
1349 1542 1575 1612 quisque
1616 1535 1845 1600 habeat,

267 1651 377 1704 sive
405 1644 645 1703 sterilem
665 1685 682 1710 ,
714 1642 824 1696 sive
850 1638 1144 1694 deformem
1173 1648 1398 1704 corpore
1415 1672 1431 1698 ,
1484 1630 1597 1685 sive
1620 1626 1851 1683 debilem

267 1738 523 1796 membris
542 1777 558 1804 ,
584 1735 670 1790 vel
695 1747 890 1788 caecam
911 1772 926 1798 ,
957 1730 1041 1784 vel
1069 1727 1282 1784 surdam
1304 1768 1318 1794 ,
1348 1724 1432 1779 vel
1457 1720 1698 1779 claudam
1719 1761 1733 1784 ,
1764 1717 1851 1773 vel

266 1834 309 1888 si
332 1831 460 1902 quid
486 1828 649 1893 aliud,
679 1828 795 1882 sive
811 1824 1012 1880 morbis
1033 1831 1087 1878 et
1115 1819 1387 1876 doloribus
1402 1813 1853 1902 languoribusque

265 1901 595 1987 confectam,
629 1926 686 1974 et
716 1915 967 1987 quidquid
993 1922 1213 1983 excepta
1251 1907 1598 1966 fornicatione
1632 1901 1855 1974 cogitari

265 2022 443 2086 potest
459 2013 807 2067 vehementer
823 2007 1095 2069 horribile,
1128 2020 1220 2075 pro
1244 2002 1347 2057 ﬁde
1376 2010 1431 2057 et
1455 1998 1710 2055 societate
1730 2009 1853 2049 sus-

265 2085 468 2169 tineat;
514 2117 686 2172 neque
710 2101 879 2156 solum
901 2098 1062 2153 talem
1084 2111 1189 2151 non
1217 2094 1432 2163 abjiciat
1451 2134 1467 2159 ,
1494 2090 1589 2147 sed
1617 2091 1778 2145 etiam
1809 2085 1856 2141 si

268 2213 376 2253 non
405 2197 628 2259 habeat,
676 2207 783 2247 non
824 2191 979 2246 ducat
1008 2204 1123 2243 eam
1169 2201 1288 2257 qua:
1317 2185 1494 2240 soluta
1527 2190 1610 2236 est
1648 2195 1679 2234 a
1708 2179 1854 2244 viro,

265 2286 569 2358 pulchram,
592 2297 772 2338 sanam
790 2322 806 2348 ,
834 2279 1055 2335 divitem
1073 2319 1089 2345 ,
1117 2274 1417 2331 fecundam.
1450 2271 1583 2338 Qua:
1605 2269 1651 2324 si
1680 2267 1860 2323 facere

266 2393 374 2433 non
406 2378 553 2443 licet,
584 2374 750 2429 multo
774 2373 950 2427 minus
973 2371 1073 2426 sibi
1099 2370 1261 2424 licere
1286 2366 1571 2422 arbitretur
1599 2362 1667 2417 ad
1692 2361 1858 2416 ullum

264 2471 428 2525 alium
460 2467 699 2522 illicitum
726 2464 1060 2520 concubitum
1088 2461 1343 2517 accedere
1375 2464 1393 2511 :‘
1422 2456 1859 2511 fornicationem-

264 2577 375 2632 que
421 2561 502 2614 sic
545 2557 740 2628 fugiat,
787 2563 846 2608 ut
880 2554 947 2607 ab
996 2552 1142 2606 omni
1187 2551 1330 2619 turpi
1377 2547 1716 2615 corruptione
1745 2557 1864 2598 sese

266 2650 540 2707 extrahat.
572 2647 766 2703 Verum
788 2646 1065 2716 loquatur,
1092 2658 1264 2713 neque
1292 2641 1342 2695 id
1362 2638 1716 2711 jurationibus
1748 2652 1866 2691 cre-

265 2742 413 2806 bris,
459 2739 556 2795 sed
600 2754 809 2794 morum
839 2737 1102 2807 probitate
1129 2732 1469 2789 commendet
1497 2749 1509 2784 :
1543 2729 1865 2785 rebellantes

267 2832 563 2887 adversum
590 2844 649 2884 se
682 2827 919 2884 omnium
949 2827 1205 2881 malarum
1233 2821 1674 2878 consuetudinum
1706 2820 1864 2874 innu-

267 2922 569 2979 merabiles
588 2922 791 2986 turbas,
816 2921 882 2975 de
899 2920 1090 2990 quibus
1118 2926 1177 2972 ut
1205 2930 1391 2973 omnes
1420 2913 1865 2984 intelligerentur,

268 3030 462 3087 paucae
512 3020 941 3069 commemorata:
994 3018 1156 3078 sunt,
1208 3008 1520 3077 confugiens
1568 3003 1633 3059 ad
1688 3019 1867 3059 arcem

265 3106 586 3161 christiana:
633 3103 831 3158 militia:
852 3144 867 3169 ,
904 3110 1151 3169 tanquam
1187 3098 1255 3154 de
1295 3098 1414 3153 loco
1439 3095 1713 3165 superiore
1739 3109 1867 3163 pro-

268 3203 506 3253 sternat.
534 3195 637 3251 Sed
659 3194 775 3264 quis
798 3200 972 3247 tantos
1001 3191 1213 3246 labores
1235 3189 1369 3244 inire
1396 3188 1619 3254 audeat,
1656 3186 1759 3241 nisi
1781 3186 1871 3255 qui

266 3289 350 3344 sic
380 3286 576 3357 ﬂagrat
594 3301 775 3341 amore
792 3283 1033 3355 iustitiae,
1058 3291 1117 3337 ut
1142 3291 1390 3350 tanquam
1420 3278 1564 3335 fame
1591 3287 1647 3334 et
1674 3279 1760 3333 siti
1781 3292 1874 3331 ve-

268 3379 685 3435 hementissime
704 3391 983 3441 accensus,
1005 3385 1060 3429 et
1081 3374 1277 3428 nullam
1302 3372 1404 3427 sibi
1432 3372 1593 3425 vitam
1616 3370 1790 3424 donec
1810 3383 1875 3423 ea

264 3472 508 3526 satietur
529 3469 841 3525 existimans
865 3508 881 3534 ,
926 3467 1034 3520 vim
1064 3465 1220 3520 faciat
1249 3466 1298 3519 in
1328 3479 1551 3533 regnum
1577 3460 1875 3518 caelorum?

263 3561 391 3617 Non
455 3560 597 3614 enim
649 3559 800 3613 aliter
849 3572 967 3613 esse
1018 3556 1215 3627 poterit
1268 3554 1422 3609 fortis
1485 3554 1550 3608 ad
1603 3552 1875 3609 toleranda

268 3654 491 3716 omnia,
524 3667 641 3722 qua:
668 3652 719 3705 in
747 3650 1095 3721 prmcidendis
1115 3646 1585 3704 consuetudinibus
1615 3646 1875 3701 laboriosa

263 3755 324 3802 et
366 3745 545 3800 ardua
594 3753 649 3799 et
674 3745 889 3797 omnino
919 3742 1149 3797 difﬁcilia
1180 3741 1359 3796 saeculi
1401 3739 1556 3809 hujus
1612 3747 1878 3793 amatores

260 3845 494 3909 putant.
522 3835 665 3889 Beati
694 3849 821 3905 ergo
868 3834 953 3905 qui
1001 3834 1230 3889 esuriunt
1271 3842 1318 3887 et
1372 3834 1545 3887 sitiunt
1590 3832 1879 3903 justitiam;

257 3929 525 4001 quoniam
550 3926 650 3995 ipsi
673 3926 1049 3981 saturabuntur.

340 4021 443 4076 55.
492 4018 686 4073 Verum
709 4026 885 4072 tamen
908 4018 960 4071 in
987 4017 1069 4073 bis
1094 4016 1364 4072 laboribus
1392 4031 1514 4083 cum
1535 4016 1759 4086 quisque
1783 4013 1883 4070 dif-

260 4113 579 4169 ficultatem
608 4111 823 4179 patitur,
867 4118 919 4164 et
962 4126 1057 4180 per
1092 4110 1226 4164 dura
1255 4119 1309 4165 et
1335 4125 1521 4179 aspera
1547 4109 1770 4181 gradum
1800 4109 1879 4163 fa-

260 4205 429 4260 ciens
447 4201 880 4257 circumvallatus
896 4201 1060 4254 variis
1080 4202 1477 4267 tentationibus,
1501 4209 1556 4255 et
1579 4201 1703 4256 hinc
1723 4208 1882 4271 atque

259 4294 403 4349 hinc
457 4292 740 4361 insurgere
773 4290 1055 4360 prseteritaz
1084 4293 1207 4346 vita:
1233 4291 1401 4346 moles
1427 4294 1448 4324 ³
1470 4292 1703 4362 intuens,
1732 4293 1886 4350 timet

261 4402 337 4441 ne
358 4398 627 4456 aggressa
658 4383 877 4453 implere
905 4398 1012 4437 non
1040 4384 1226 4453 possit,
1256 4385 1472 4453 arripiat
1492 4386 1792 4452 consilium,
1824 4396 1884 4442 ut

257 4478 551 4533 auxilium
576 4486 861 4532 mereatur.
890 4475 1042 4543 Quod
1070 4484 1154 4531 est
1181 4485 1357 4531 autem
1397 4477 1537 4532 aliud
1561 4480 1839 4534 consilium
1864 4520 1879 4545 ,

258 4569 376 4624 nisi
399 4575 466 4621 ut
484 4566 843 4623 inﬁrmitatem
864 4567 1091 4621 aliorum
1118 4566 1273 4633 ferat,
1292 4577 1347 4622 et
1365 4569 1414 4622 ei
1431 4577 1684 4637 quantum
1711 4577 1885 4638 potest

254 4649 599 4730 opittiletur,
623 4657 710 4727 qui
727 4672 836 4711 suae
857 4656 1107 4712 divinitus
1127 4658 1395 4713 desiderat
1422 4659 1724 4713 subveniri?
1743 4660 1881 4714 Con-

254 4757 581 4820 sequenter
636 4748 813 4817 itaque
851 4758 1115 4817 prmcepta
1165 4747 1543 4802 misericordiae
1586 4748 1878 4805 videamus.

252 4844 419 4898 Mitis
477 4846 658 4892 autem
706 4847 761 4893 et
796 4838 1099 4892 misericors
1128 4854 1290 4892 unum
1335 4838 1581 4894 videntur
1616 4857 1629 4893 :
1659 4840 1753 4896 sed
1782 4841 1885 4897 hoc

253 4934 552 4995 interest,
583 4928 725 4999 quod
748 4928 891 4982 mitis
910 4969 925 4996 ,
957 4928 1025 4983 de
1050 4944 1154 4999 quo
1182 4930 1427 4999 superius
1467 4940 1745 4987 tractatum
1777 4942 1881 5002 est,

252 5028 489 5098 pietate
532 5036 637 5075 non
679 5021 995 5077 contradicit
1022 5022 1213 5077 divinis
1241 5024 1518 5079 sententiis
1546 5041 1666 5095 quae
1696 5026 1750 5080 in
1788 5041 1884 5082 sua

252 5122 513 5187 peccata
544 5110 904 5182 proferuntur,
934 5128 1105 5182 neque
1142 5112 1245 5168 illis
1274 5113 1369 5169 Dei
1392 5115 1724 5170 sermonibus
1750 5131 1884 5186 quos

247 5210 531 5263 nondum
563 5204 840 5275 intelligit;
871 5204 965 5259 sed
1003 5205 1206 5259 nullum
1238 5205 1554 5262 beneﬁcium
1581 5217 1799 5278 praestat
1835 5209 1887 5265 ei

249 5302 351 5357 cui
380 5315 511 5356 non
546 5299 859 5353 contradicit
885 5314 984 5354 nec
1012 5300 1248 5355 resistit:
1276 5302 1581 5358 misericors
1609 5312 1785 5358 autem
1812 5303 1884 5358 ita

250 5409 377 5447 non
415 5390 666 5456 resistit,
691 5398 751 5444 ut
778 5399 994 5459 propter
1032 5390 1146 5460 ejus
1178 5393 1565 5449 correctionem
1609 5393 1662 5449 id
1705 5392 1881 5461 faciat,

246 5498 442 5555 quem
466 5480 727 5536 redderet
752 5481 1048 5537 resistendo
1070 5481 1325 5552 pejorem.

335 5570 597 5630 CAPUT
627 5571 769 5626 XIX.
800 5602 857 5611 —
877 5572 962 5627 56.
988 5571 1238 5643 Sequitur
1266 5589 1393 5645 ergo
1417 5574 1692 5644 Dominus,
1721 5583 1775 5633 et
1802 5575 1884 5630 di-

246 5666 336 5722 cit
364 5661 667 5718 :‘Audistis
695 5663 813 5731 quia
841 5662 1031 5716 dictum
1069 5672 1141 5717 est
1164 5705 1179 5731 ,
1231 5663 1446 5719 Oculum
1490 5684 1581 5738 pro
1622 5668 1803 5735 oculo,
1839 5675 1887 5722 et

249 5757 496 5813 dentem
533 5769 624 5821 pro
649 5752 813 5808 dente.
841 5753 953 5822 Ego
978 5761 1146 5808 autem
1171 5755 1283 5811 dico
1310 5756 1447 5811 vobis
1464 5797 1482 5827 ,
1521 5774 1623 5812 non
1660 5759 1887 5814 resistere

324 5899 347 5964 ξ
372 5892 703 5964 ωυιῑεῐιεῇε
724 5894 898 5959 codex,
919 5895 1006 5947 sub
1022 5896 1124 5964 lege
1138 5897 1348 5963 ponitur.

322 5960 456 6010 ’Βία
484 5964 600 6006 Mss.
626 5962 679 6005 et
707 5964 816 6007 Mar.
849 5964 921 6008 At.
946 5960 1148 6010 misr.
1166 5970 1219 6011 et
1250 5968 1382 6021 ιον..
1404 5960 1516 6015 vita
1537 5960 1790 6017 molestias.

581 6039 808 6103 Sacr.
851 6042 1130 6107 Auens'r.
1164 6045 1277 6111 III.

242 6122 285 6148 ’κ
298 6146 315 6151 γ,
388 6146 409 6151 ,-

1630 487 1835 554 LIBER
1872 491 2146 552 PRIMUS.

3392 484 3537 550 £258

1944 608 2182 663 adversus
2209 606 2400 661 malum
2422 617 2441 660 .‘
2463 606 2550 661 sed
2576 605 2621 662 si
2652 604 2763 677 quis
2790 614 2838 662 te
2862 605 3163 678 percusserit
3188 605 3245 661 in
3276 606 3543 663 dexteram

1944 700 2209 754 maxillam
2237 711 2375 753 tuam
2395 741 2409 766 ,
2441 699 2605 770 praebe
2628 698 2707 753 illi
2734 708 2783 753 et
2811 699 3061 763 alteram;
3102 706 3148 753 et
3192 698 3277 768 qui
3317 698 3540 755 soluerit

1948 802 2109 847 tecum
2118 791 2318 863 judicio
2338 791 2634 846 contendere
2657 800 2704 845 et
2731 791 2951 846 tunicam
2972 802 3111 844 tuam
3130 790 3322 856 tollere,
3343 790 3545 845 remitte

1946 885 2024 940 illi
2061 896 2108 939 et
2146 886 2520 949 vestimentum;
2548 894 2595 939 et
2619 885 2706 955 qui
2728 894 2773 938 te
2798 885 3134 956 angariaverit
3171 884 3310 938 mille
3335 900 3540 955 passus,

1946 978 2074 1033 vade
2093 995 2205 1031 cum
2229 979 2318 1032 illo
2358 979 2462 1031 alia
2498 978 2617 1032 duo.
2651 976 2801 1031 Omni
2842 978 3026 1048 petenti
3053 985 3100 1032 te
3121 976 3209 1042 da,
3237 985 3282 1030 et
3319 976 3404 1045 qui
3445 992 3540 1032 uo-

1949 1072 2149 1126 luerita
2179 1082 2225 1126 te
2253 1072 2492 1135 mutuari,
2536 1088 2598 1125 ne
2636 1080 2891 1125 aversatus
2921 1071 3096 1141 fueris.
3148 1070 3541 1125 Pharisaeorum

1946 1160 2148 1232 justitia
2179 1162 2353 1216 minor
2387 1171 2469 1217 est
2497 1178 2602 1217 non
2629 1162 2887 1218 excedere
2929 1162 2980 1215 in
3025 1160 3255 1215 vindicta
3297 1161 3541 1224 modum,

1952 1270 2021 1310 ne
2058 1257 2174 1325 plus
2202 1255 2458 1325 rependat
2500 1256 2723 1325 quisque
2763 1270 2919 1325 quam
2950 1255 3152 1324 accepit
3192 1272 3205 1308 :
3237 1262 3292 1309 et
3320 1267 3546 1325 magnus

1954 1347 2041 1402 hic
2067 1348 2263 1418 gradus
2283 1357 2385 1403 est.
2408 1348 2575 1402 Nemo
2598 1348 2743 1403 enim
2768 1346 2925 1403 facile
2956 1346 3220 1401 invenitur
3247 1346 3337 1417 qui
3364 1361 3548 1417 pugno

1954 1452 2175 1513 accepto
2202 1458 2436 1513 pugnum
2472 1442 2696 1498 reddere
2725 1443 2883 1509 velit;
2912 1452 2968 1498 et
2992 1457 3099 1497 uno
3136 1457 3167 1495 a
3211 1441 3546 1497 conviciante

1953 1536 2118 1590 verbo
2141 1535 2343 1603 audito,
2367 1551 2530 1590 unum
2557 1545 2609 1591 et
2632 1535 2773 1606 quod
2799 1536 3126 1590 tantumdem
3151 1534 3322 1589 valeat
3337 1532 3551 1589 referre

1955 1636 2237 1684 contentus
2265 1629 2331 1683 sit
2366 1645 2378 1680 :
2412 1629 2505 1684 sed
2526 1628 2639 1684 sive
2661 1629 2739 1683 ira
2770 1629 3105 1699 perturbatus
3145 1626 3550 1683 immoderatius

1956 1722 2219 1787 vindicat;
2252 1724 2364 1777 sive
2392 1722 2515 1792 quia
2536 1722 2737 1792 justum
2766 1730 2932 1791 putat,
2964 1736 3085 1777 eum
3123 1720 3213 1791 qui
3241 1720 3379 1775 laesit
3404 1719 3558 1789 pri0r

1957 1816 2170 1885 gravius
2197 1816 2315 1870 laedi
2334 1858 2348 1883 ,
2379 1832 2536 1887 quam
2559 1816 2717 1871 laesus
2744 1824 2827 1871 est
2858 1815 2949 1886 qui
2975 1830 3080 1870 non
3105 1815 3335 1870 laeserat.
3363 1812 3553 1869 Talem

1958 1907 2194 1961 animum
2225 1922 2413 1977 magna
2445 1923 2508 1962 ex
2554 1915 2704 1977 parte
2745 1906 3034 1963 refrenavit
3060 1907 3166 1971 lex,
3197 1906 3250 1960 in
3289 1920 3393 1976 qua
3418 1903 3562 1959 scri-

1960 2009 2108 2070 ptum
2145 2010 2257 2067 est,
2294 2001 2508 2054 Oculum
2543 2016 2635 2071 pro
2665 2000 2810 2054 oculo
2834 2041 2849 2066 ,
2893 2009 2940 2053 et
2990 2000 3187 2053 dentem
3230 2014 3324 2069 pro
3362 1997 3510 2050 dente
3533 2012 3559 2049 :

1962 2095 2156 2165 quibus
2175 2095 2479 2149 nominibus
2504 2095 2829 2165 signiﬁcatur
2850 2096 3060 2161 modus,
3088 2105 3143 2151 ut
3164 2096 3409 2165 injuriam
3433 2093 3557 2147 vin-

1962 2184 2104 2239 dicta
2146 2200 2251 2238 non
2277 2193 2532 2239 transeat.
2560 2186 2628 2239 Et
2656 2186 2772 2240 haec
2800 2195 2881 2240 est
2923 2188 3068 2255 pacis
3099 2186 3364 2239 inchoatio
3390 2203 3403 2238 :
3428 2199 3559 2255 per—

1964 2275 2103 2331 fecta
2130 2283 2305 2329 autem
2332 2290 2436 2345 pax
2460 2286 2560 2342 est,
2590 2276 2745 2331 talem
2779 2277 3153 2345 penitusnolle
3176 2275 3484 2331 vindictam.

2037 2368 2125 2422 57.
2180 2367 2324 2422 Inter
2364 2367 2491 2421 illud
2527 2382 2654 2437 ergo
2688 2368 2918 2437 primum
2964 2368 3103 2437 quod
3148 2377 3341 2437 praeter
3388 2368 3559 2436 legem

1966 2467 2049 2514 est
2075 2468 2132 2513 ut
2150 2459 2322 2527 majus
2344 2459 2540 2511 malum
2571 2473 2669 2527 pro
2695 2458 2901 2512 minore
2922 2460 3060 2511 malo
3082 2458 3351 2522 reddatur,
3378 2467 3434 2512 et
3458 2457 3563 2512 hoc

1967 2550 2109 2621 quod
2152 2550 2410 2604 Dominus
2453 2549 2789 2619 perﬁciendis
2828 2549 3102 2619 discipulis
3152 2550 3304 2614 dixit,
3351 2565 3417 2603 ne
3460 2565 3565 2619 pro

1968 2641 2109 2696 malo
2130 2642 2293 2695 ullum
2338 2641 2535 2694 malum
2580 2640 2864 2706 reddatur;
2905 2641 3137 2695 medium
3168 2641 3450 2710 quemdam
3480 2641 3563 2694 lo-

1970 2749 2091 2788 cum
2139 2742 2318 2801 tenet,
2360 2742 2420 2787 ut
2468 2740 2670 2785 tantum
2714 2730 2969 2786 reddatur
3003 2741 3260 2802 quantum
3288 2740 3566 2801 acceptum

1971 2836 2074 2893 est,
2104 2841 2199 2896 per
2226 2825 2366 2896 quod
2392 2841 2423 2879 a
2453 2839 2654 2879 summa
2681 2824 2945 2879 discordia
2972 2825 3037 2878 ad
3060 2840 3318 2879 summam
3345 2832 3569 2879 concor;

1974 2918 2115 2973 diam
2146 2933 2243 2989 pno
2270 2927 2568 2987 temporum
2599 2918 2968 2973 distributione
2999 2920 3250 2973 transitus
3272 2918 3438 2975 factus
3460 2927 3565 2975 est.

1973 3010 2222 3080 Quisquis
2237 3025 2363 3080 ergo
2380 3010 2576 3063 malum
2598 3008 2756 3063 infert
2778 3010 2921 3079 prior
2940 3010 3115 3065 studio
3138 3010 3365 3066 laedendi
3389 3020 3443 3067 et
3463 3026 3569 3067 no-

1974 3102 2150 3168 cendi,
2166 3102 2283 3156 vide
2303 3110 2557 3171 quantum
2573 3100 2736 3155 distet
2746 3101 2812 3155 ab
2827 3117 2892 3156 eo
2908 3104 2995 3171 qui
3014 3104 3279 3157 lleCIlESUS
3301 3104 3569 3173 rependit.

1975 3193 2225 3263 Quisquis
2244 3202 2419 3247 autem
2442 3192 2570 3246 nulli
2601 3192 2747 3262 prior
2767 3193 2904 3246 male
2926 3192 3066 3257 fecit,
3088 3193 3180 3249 sed
3209 3203 3382 3249 tamen
3411 3195 3573 3250 laesus

1976 3285 2222 3356 rependit
2246 3286 2477 3355 gravius,
2506 3284 2591 3339 vel
2616 3285 2886 3340 voluntate
2915 3285 2996 3339 vel
3030 3286 3186 3351 facto,
3220 3289 3441 3342 recessit
3469 3289 3575 3343 ali-

1977 3386 2232 3447 quantum
2260 3390 2288 3427 a
2312 3390 2516 3429 summa
2540 3376 2836 3444 iniquitate,
2860 3386 2914 3431 et
2942 3378 3197 3445 processit
3216 3379 3279 3432 ad
3308 3396 3572 3435 summam

1974 3469 2237 3540 justitiam
2262 3510 2276 3534 ,
2307 3478 2361 3523 et
2389 3476 2562 3522 tamen
2593 3468 2827 3522 nondum
2869 3478 3013 3524 tenet
3054 3470 3193 3539 quod
3222 3471 3307 3526 lex
3333 3489 3451 3541 quae
3478 3488 3577 3543 per

1980 3561 2200 3632 Moysen
2229 3560 2351 3615 data
2391 3570 2473 3615 est
2510 3560 2810 3630 imperavit.
2854 3564 2954 3628 Qui
2987 3546 3128 3633 ergo
3169 3573 3371 3619 tantum
3400 3566 3578 3621 reddit

1981 3661 2235 3723 quantum
2257 3653 2480 3722 accepit,
2500 3652 2610 3721 jam
2633 3652 2797 3707 donat
2816 3653 3013 3722 aliquid
3038 3673 3050 3707 :
3079 3670 3187 3709 non
3208 3657 3350 3711 enim
3371 3665 3575 3713 tantam

1982 3759 2196 3819 poenam
2225 3754 2461 3799 meretur
2492 3758 2712 3808 nocens,
2741 3753 2989 3814 quantam
3015 3745 3103 3800 ille
3130 3747 3219 3817 qui
3243 3748 3310 3802 ab
3330 3764 3395 3803 eo
3414 3750 3578 3805 lzcsus

1981 3836 2237 3892 innocens
2276 3849 2463 3904 passus
2503 3842 2603 3889 est.
2650 3834 2798 3889 llanc
2828 3851 2954 3907 ergo
2984 3836 3322 3907 inchoatam,
3354 3856 3464 3897 non
3491 3857 3579 3898 se-

1982 3943 2198 3992 veram,
2241 3925 2335 3981 sed
2377 3924 2778 3981 misericordem
2819 3926 3078 3996 jusutiam
3111 3928 3199 3983 ille
3229 3930 3456 3999 perﬁcit,
3485 3932 3578 4003 qui

1984 4022 2155 4092 legem
2200 4022 2347 4076 venit
2388 4021 2628 4090 implere,
2671 4035 2776 4074 non
2817 4020 3046 4075 solvere.
3079 4021 3222 4077 Duos
3247 4038 3374 4093 ergo
3402 4024 3579 4082 adhuc

1982 4112 2189 4185 gradus
2204 4112 2293 4181 qui
2320 4112 2605 4179 intersunt,
2633 4110 3006 4182 intelligendos
3026 4113 3257 4182 reliquit,
3290 4123 3343 4170 ct
3368 4115 3435 4171 de
3458 4116 3579 4186 ipso

1984 4219 2195 4260 summo
2227 4202 2607 4259 misericordiae
2626 4203 2859 4258 culmine
2883 4202 3061 4259 dicere
3089 4205 3293 4258 maluit.
3326 4205 3457 4259 Nam
3487 4217 3584 4262 est

1985 4295 2158 4352 adhuc
2186 4295 2328 4366 quod
2372 4293 2548 4361 faciat,
2582 4294 2673 4363 qui
2724 4309 2829 4348 non
2871 4293 3056 4362 implet
3098 4294 3252 4347 istam
3304 4297 3579 4365 magnitu—

1985 4390 2165 4446 dinem
2193 4388 2444 4459 praecepti
2468 4427 2483 4451 ,
2515 4401 2634 4455 qum
2662 4385 2893 4455 pertinet
2918 4385 2985 4440 ad
3014 4400 3235 4455 regnum
3276 4390 3531 4443 caelorum
3555 4406 3577 4456 ;

1985 4489 2046 4537 ut
2071 4497 2176 4536 non
2204 4478 2391 4533 reddat
2420 4486 2657 4544 tantum,
2689 4475 2785 4531 sed
2825 4476 3022 4542 minus,
3056 4477 3199 4531 velut
3228 4493 3324 4548 pro
3366 4479 3583 4536 duobus

1986 4572 2177 4644 pugnis
2202 4586 2366 4625 unum
2392 4613 2407 4638 ,
2438 4578 2530 4624 aut
2557 4583 2654 4639 pro
2680 4569 2865 4624 evulso
2894 4570 3048 4624 oculo
3075 4586 3257 4625 aurem
3299 4573 3578 4641 praecidat.

1987 4663 2123 4718 Hinc
2152 4661 2448 4718 ascendens
2476 4661 2565 4731 qui
2591 4660 2808 4716 omnino
2835 4661 2968 4717 nihil
2996 4661 3321 4732 rependerit,
3356 4666 3581 4736 propin-

1987 4762 2115 4826 quat
2140 4762 2409 4824 praecepto
2436 4752 2665 4816 Domini,
2696 4766 2794 4807 nec
2822 4760 3000 4807 tamen
3034 4752 3209 4807 adhuc
3237 4753 3309 4808 ibi
3334 4764 3435 4809 est.
3469 4756 3578 4811 Pa-

1987 4865 2105 4905 rum
2144 4849 2286 4904 enim
2334 4847 2507 4901 adhuc
2550 4846 2758 4901 videtur
2786 4847 3012 4902 Domino
3034 4889 3047 4913 ,
3071 4848 3115 4902 si
3144 4863 3239 4917 pro
3267 4848 3407 4903 malo
3435 4851 3581 4919 quod

1988 4941 2280 5011 acceperis,
2309 4939 2441 4994 nihil
2470 4938 2730 5009 rependas
2755 4938 2901 5005 mali,
2930 4938 3033 4995 nisi
3061 4940 3220 4995 etiam
3250 4940 3474 5010 amplius
3502 4943 3586 4997 sis

1988 5042 2206 5107 paratus
2233 5034 2492 5104 accipere.
2523 5032 2856 5103 Quapropter
2881 5046 2989 5087 non
3016 5033 3108 5099 ait,
3133 5031 3244 5103 Ego
3268 5042 3435 5087 autem
3464 5035 3583 5088 dico

1988 5125 2127 5181 vobis
2147 5167 2161 5191 ,
2194 5141 2301 5179 non
2328 5123 2553 5180 reddere
2591 5124 2792 5178 malum
2818 5138 2915 5193 pro
2943 5124 3118 5190 malo;
3145 5139 3447 5194 quanquam
3476 5124 3585 5180 hoc

1990 5219 2149 5276 etiam
2179 5233 2428 5287 magnum
2468 5227 2790 5287 praeceptum
2820 5216 2889 5271 sit
2913 5234 2927 5269 :
2957 5215 3052 5271 sed
3079 5217 3186 5282 ait,
3220 5234 3322 5272 non
3346 5218 3587 5273 resistere

1990 5312 2227 5367 adversus
2253 5312 2441 5364 malum
2463 5327 2483 5376 ;
2504 5319 2560 5365 ut
2578 5324 2684 5365 non
2705 5310 2878 5365 solum
2901 5325 3006 5365 non
3033 5311 3293 5381 rependas
3316 5311 3461 5382 quod
3486 5312 3583 5367 tibi

1991 5404 2151 5462 fuerit
2175 5406 2495 5476 irrogatum,
2526 5404 2621 5460 sed
2665 5404 2826 5460 etiam
2866 5418 2971 5458 non
3001 5404 3220 5460 resistas
3254 5419 3360 5475 quo
3400 5405 3585 5459 minus

1990 5497 2133 5553 aliud
2158 5498 2440 5566 irrogetur.
2467 5494 2582 5550 Hoc
2609 5503 2690 5549 est
2718 5494 2861 5549 enim
2887 5495 3029 5565 quod
3052 5496 3213 5551 etiam
3239 5510 3578 5564 consequen-

1991 5598 2073 5646 ter
2093 5589 2340 5660 exponit:
2362 5585 2469 5642 Sed
2487 5588 2530 5641 si
2545 5588 2654 5657 quis
2674 5596 2721 5642 te
2741 5589 3036 5658 percusserit
3054 5588 3107 5642 in
3126 5588 3382 5643 dexteram
3400 5587 3584 5641 maxil-

1993 5681 2097 5736 lam
2124 5688 2284 5745 tuam,
2313 5677 2477 5748 praebe
2511 5677 2587 5731 illi
2613 5686 2659 5731 et
2682 5677 2895 5731 alteram
2913 5693 2933 5731 :
2952 5692 3060 5732 non
3084 5678 3225 5733 enim
3250 5677 3344 5746 ait,
3373 5676 3428 5733 Si
3455 5677 3580 5748 quis

1994 5782 2049 5830 te
2076 5771 2423 5844 percusserit,
2456 5770 2565 5826 noli
2593 5779 2645 5826 tu
2672 5778 2984 5841 percutere;
3016 5770 3131 5838 sed,
3159 5771 3295 5827 Para
3322 5780 3377 5828 te
3401 5770 3579 5827 adhuc

1996 5862 2333 5938 percutienti.
2389 5861 2541 5929 Quod
2588 5862 2653 5916 ad
2697 5861 3112 5917 misericordiam
3165 5862 3469 5933 pertinere,
3521 5861 3581 5916 hi

1996 5957 2229 6018 maxime
2258 5953 2529 6025 sentiunt,
2560 5953 2649 6026 qui
2673 5954 2753 6011 eis
2779 5969 2914 6025 quos
2940 5954 3161 6010 multum
3187 5955 3433 6028 diligunt,
3457 5964 3581 6012 tan-
3600 6022 3613 6030 ‘

2880 6044 3297 6132 (Quarante./
