4076 6524
539 595 700 652 quam
730 577 849 644 (iliis
878 576 962 638 vel
985 573 1305 647 quibuslibﬁl
1322 570 1678 634 dilectissimis
1713 569 1824 630 suis
1846 575 2108 639 aegrotan-

540 678 681 733 tibus
721 674 958 736 serviunt
985 670 1068 736 vel
1099 665 1327 737 parvulis
1355 664 1435 728 vel
1463 661 1778 733 phreneticis
1812 678 1824 713 :
1857 675 1888 718 a
1916 659 2106 730 quibus

537 770 704 825 multa
728 782 870 837 saepe
909 763 1177 832 patiuntur
1200 800 1214 825 ,
1256 766 1311 818 et
1349 758 1392 812 si
1421 771 1602 820 eorum
1629 754 1772 820 salus
1812 753 1864 820 id
1909 752 2099 821 exigat,

539 861 776 933 prmbettl
801 873 859 919 se
877 855 1032 916 etiam
1060 862 1116 914 ut
1137 853 1286 922 plura
1314 850 1596 922 patiantur,
1627 845 1800 904 donec
1825 845 1906 904 vel
1934 843 2104 904 rotatis

535 954 616 1007 vel
640 949 806 1006 morbi
832 945 1102 1016 inﬁrmitas
1129 949 1378 1006 transeat.
1406 939 1548 1007 Quos
1569 953 1694 1008 orso
1715 938 1964 994 Dominus
1985 953 2101 993 me-

534 1044 684 1104 dicus
729 1039 1044 1100 animarum,
1071 1033 1317 1104 curandis
1343 1030 1598 1104 proximis
1632 1031 1942 1100 instruebat,
1973 1030 2099 1102 quid

530 1147 624 1188 eos
652 1130 791 1195 aliud
820 1128 1012 1192 decere
1033 1133 1232 1196 posset,
1269 1124 1371 1182 nisi
1399 1131 1454 1186 ut
1481 1138 1663 1193 eorum
1692 1138 1912 1192 quorum
1943 1123 2099 1179 saluti

528 1221 808 1290 consulere
848 1219 1069 1286 vellent,
1100 1217 1483 1284 inibeciliitates
1514 1229 1664 1284 aequo
1690 1215 1866 1270 animo
1903 1213 2096 1280 tolera-

529 1314 680 1370 rent?
702 1312 886 1382 Omnis
911 1325 1136 1380 namque
1155 1307 1461 1382 improbitas
1477 1323 1539 1373 ex
1562 1306 1917 1376 imbecillitate
1933 1306 2096 1376 animi

525 1407 671 1474 venit
698 1424 710 1459 :
739 1406 861 1475 quia
889 1403 1017 1474 nihil
1043 1401 1375 1474 innocentius
1395 1408 1477 1458 est
1495 1414 1559 1464 eo
1583 1400 1671 1472 qui
1693 1399 1744 1460 in
1765 1399 1956 1468 virtute
1977 1414 2118 1472 pere,

525 1499 696 1554 fectus
713 1507 814 1554 est.

594 1591 683 1647 58.
721 1587 896 1658 Quaeri
945 1595 1119 1656 autem
1163 1593 1339 1662 potest
1383 1584 1508 1654 quid
1553 1584 1653 1654 sibi
1703 1582 1831 1638 velit
1877 1582 2094 1654 dextera

523 1683 753 1740 niaxiila.
777 1681 862 1750 Sic
880 1680 1020 1751 enim
1035 1680 1086 1746 in
1105 1677 1490 1750 exemplaribus
1507 1675 1709 1748 graecis,
1725 1675 1913 1748 quibus
1926 1675 2094 1746 major

523 1775 653 1840 fides
675 1771 912 1843 habenda
937 1781 1036 1842 est,
1060 1769 1326 1838 invenitur
1349 1785 1361 1821 :
1386 1782 1506 1834 nam
1525 1767 1686 1830 multa
1706 1765 1886 1834 latina,
1908 1766 2092 1838 innxiis

521 1866 624 1928 iam
652 1874 852 1934 tantum
881 1863 1113 1934 habent,
1144 1876 1246 1934 nop
1287 1860 1442 1932 etiam
1483 1859 1771 1926 dexteram.
1805 1856 1988 1928 Facies
2013 1865 2093 1912 est

521 1967 699 2028 autem
747 1972 846 2028 qua
893 1955 1111 2026 quisque
1162 1951 1494 2022 cognoscitur
1535 1967 1548 2003 :
1589 1958 1642 2004 et
1691 1949 1913 2018 legimus
1951 1946 2090 2018 apud

518 2048 852 2122 Apostolnm,
887 2044 1126 2104 Toleratis
1152 2043 1278 2102 enim
1303 2043 1344 2106 si
1363 2041 1470 2110 quis
1487 2056 1571 2094 vos
1585 2041 1638 2093 in
1655 2039 1932 2094 servitutem
1952 2038 2089 2092 redi-

517 2141 611 2210 git,
640 2140 682 2194 si
706 2138 815 2209 quis
841 2136 1062 2202 devorat,
1089 2136 1132 2188 si
1160 2135 1267 2205 quis
1305 2133 1504 2204 accipit,
1534 2131 1578 2185 si
1614 2132 1724 2202 quis
1749 2128 2022 2193 extollitur,
2045 2129 2090 2198 si

519 2232 630 2295 quis
667 2231 720 2284 in
759 2229 937 2302 faciem
975 2242 1058 2282 vos
1084 2225 1230 2279 caedit
1257 2223 1487 2278 :deinde
1515 2222 1764 2280 continuo
1798 2221 2083 2292 subiungit,

521 2321 809 2378 Secundum
835 2318 1190 2391 ignobilitatem
1221 2317 1332 2370 dico
1358 2314 1432 2388 (ll
1461 2314 1575 2369 Cor.
1609 2330 1688 2386 Iit,
1724 2313 1811 2380 20,
1858 2311 1984 2386 2i);
2031 2319 2090 2368 ut

517 2421 745 2482 exponat
785 2409 908 2482 quid
952 2410 1018 2462 sit
1061 2408 1113 2461 in
1155 2406 1340 2474 faciem
1368 2405 1520 2476 caedi,
1563 2405 1664 2466 hoc
1701 2413 1782 2460 est
1813 2403 2083 2476 contemni

515 2512 672 2576 atque
698 2501 916 2572 despici.
939 2499 1090 2568 Quod
1115 2498 1324 2570 quidem
1354 2513 1460 2570 non
1488 2496 1607 2568 ideo
1627 2496 1754 2554 dicit
1780 2495 2084 2580 Apostolus,

514 2604 576 2650 ut
604 2595 721 2660 illos
745 2609 850 2648 non
879 2592 1231 2655 sustinerent;
1265 2589 1359 2652 sed
1387 2598 1442 2656 ut
1469 2602 1528 2648 se
1569 2589 1735 2658 magis
1761 2587 1849 2657 qui
1878 2602 1970 2643 eos
2009 2587 2087 2649 sic

516 2683 782 2754 diligeret,
811 2692 870 2738 ut
892 2682 1125 2752 seipsum
1165 2694 1261 2764 pro
1288 2679 1366 2740 eis
1389 2678 1547 2736 vellet
1587 2676 1817 2746 impendi
1843 2675 1960 2748 (Id.
1988 2693 2079 2743 xu,

515 2776 627 2846 15).
653 2773 756 2830 Sed
784 2772 1216 2848 quoniami'acies
1237 2775 1342 2842 non
1367 2777 1541 2844 potest
1564 2768 1666 2838 dici
1695 2767 1910 2840 dextera
1933 2777 1986 2823 et
2013 2768 2088 2823 si-

514 2867 700 2934 nistra,
729 2874 782 2920 et
811 2873 985 2919 tamen
1035 2862 1279 2918 nobilitas
1303 2869 1356 2933 et
1383 2858 1670 2929 secundum
1707 2859 1872 2913 Deum
1909 2866 1965 2914 et
2001 2873 2084 2930 se-

511 2958 742 3026 cundum
786 2957 889 3012 hoc
925 2953 1176 3022 saeculum
1222 2960 1397 3026 potest
1439 2966 1588 3020 esse;
1636 2951 1708 3004 ita
1753 2950 2083 3012 distribuitur

509 3061 759 3128 tanquam
803 3050 856 3103 in
898 3048 1168 3116 dexteram
1205 3045 1473 3112 maxillam
1515 3052 1569 3114 et
1608 3042 1872 3097 sinistram
1898 3083 1912 3108 ,
1945 3051 2000 3097 ut
2029 3043 2080 3097 in

509 3154 844 3214 quocumque
869 3136 1124 3207 discipulo
1149 3135 1344 3194 Christi
1371 3142 1729 3214 contemptum
1761 3131 1917 3186 fuerit
1941 3132 2081 3204 quod

508 3232 826 3287 christianus
852 3238 965 3296 est,
992 3227 1160 3283 multo
1188 3226 1352 3296 magis
1377 3225 1429 3284 in
1467 3240 1525 3280 se
1567 3224 1832 3279 contemni
1870 3233 2080 3294 paratus

507 3324 592 3389 sit,
632 3323 677 3376 si
706 3337 836 3393 quos
873 3318 1028 3389 hujus
1068 3317 1247 3373 smculi
1281 3311 1506 3370 honores
1545 3315 1721 3370 habet.
1768 3315 1914 3370 Sicut
1939 3315 2078 3369 idem

507 3412 810 3486 Apostolus,
840 3425 958 3466 cum
984 3410 1037 3463 in
1062 3424 1126 3463 eo
1155 3416 1597 3480 persequerentur
1620 3405 1860 3460 homines
1883 3421 2077 3478 nomen

507 3503 850 3559 christianum
875 3542 891 3567 ,
917 3500 962 3555 si
992 3507 1191 3554 taceret
1213 3499 1281 3554 de
1309 3497 1560 3569 dignitate
1580 3512 1734 3567 quam
1761 3497 1988 3556 habebat
2024 3499 2077 3554 in

506 3594 719 3662 saeculo,
748 3606 853 3646 non
881 3590 1178 3660 praibuerat
1200 3589 1418 3658 alteram
1459 3588 1721 3642 maxillam
1752 3587 2077 3643 caedentibus

505 3686 805 3740 dexteram.
846 3680 961 3738 Non
1011 3681 1151 3736 enim
1196 3679 1456 3743 dicendo,
1502 3677 1635 3735 Civis
1678 3679 1939 3734 Romanus
1967 3696 2076 3732 sum

507 3777 640 3852 (Act.
665 3793 774 3833 χχιι
793 3817 807 3843 ,
835 3775 928 3844 25)
946 3815 960 3841 ,
986 3789 1094 3830 non
1122 3781 1235 3828 erat
1265 3782 1476 3842 paratus
1505 3772 1605 3826 hoc
1647 3769 1698 3825 in
1724 3786 1782 3826 se
1806 3771 2075 3825 contemni

505 3868 646 3940 quod
690 3883 782 3940 pro
815 3865 1032 3921 minimo
1066 3863 1325 3929 habebat,
1354 3864 1421 3918 ab
1445 3863 1522 3934 eis
1550 3863 1640 3934 qui
1683 3862 1733 3916 in
1764 3862 1854 3918 illo
1882 3878 2074 3934 nomen

506 3969 612 4014 tam
640 3960 926 4031 pretiosum
970 3966 1025 4014 et
1067 3957 1295 4012 salutare
1335 3964 1780 4030 contempserant.
1812 3953 2075 4025 Numquid

505 4051 645 4106 enim
677 4050 794 4106 ideo
815 4049 988 4103 minus
1013 4058 1193 4119 postea
1219 4046 1424 4100 vincula
1449 4047 1706 4113 toleravit,
1732 4061 1849 4116 qua:
1874 4045 2074 4100 civibus

504 4143 756 4198 Romanis
788 4155 896 4196 non
938 4140 1128 4194 licebat
1164 4138 1400 4220 imponi,
1427 4146 1516 4191 aut
1540 4153 1853 4210 quemquam
1880 4137 1946 4192 de
1977 4138 2074 4193 hac

502 4233 692 4306 injuria
721 4233 887 4288 voluit
927 4230 1214 4296 accusare?
1242 4231 1307 4285 Et
1330 4231 1375 4284 si
1398 4230 1499 4302 qui
1529 4229 1575 4284 ei
1608 4237 1822 4304 propter
1849 4231 2072 4288 civitatis

501 4327 754 4382 Romana:
775 4340 965 4380 nomen
987 4332 1354 4397 pepercerunt,
1380 4337 1485 4377 non
1517 4329 1692 4377 tamen
1716 4322 1801 4377 ille
1822 4323 1938 4379 ideo
1968 4340 2072 4381 non

501 4418 726 4490 prazbuit
751 4417 890 4491 quod
931 4416 1185 4481 ferirent,
1217 4431 1336 4470 cum
1362 4430 1454 4470 eos
1482 4430 1510 4468 a
1540 4423 1682 4469 tanta
1727 4416 2072 4488 perversitate

498 4510 767 4580 corrigere
795 4516 1010 4580 cuperet
1035 4506 1286 4577 patientia
1313 4521 1426 4571 sua,
1456 4520 1587 4576 quos
1617 4505 1821 4561 videbat
1843 4507 1895 4561 in
1922 4523 1977 4562 se
2002 4509 2074 4562 si-

497 4604 690 4658 nistras
710 4609 890 4673 partes
909 4599 1074 4670 magis
1093 4614 1246 4669 quam
1264 4597 1507 4652 dexteras
1531 4597 1812 4654 honorare.
1842 4599 1971 4654 Illud
1992 4609 2073 4655 est

496 4695 638 4756 enim
667 4701 866 4748 tantum
893 4691 1264 4748 attendendum
1287 4735 1298 4752 ,
1328 4707 1431 4764 quo
1459 4691 1633 4745 animo
1652 4691 1848 4746 faceret
1872 4694 2067 4770 omnia,

496 4802 653 4858 quam
689 4785 945 4841 benevole
979 4793 1032 4840 et
1053 4784 1342 4838 clementer
1371 4782 1423 4836 in
1462 4797 1555 4838 eos
1579 4797 1609 4836 a
1635 4781 1824 4853 quibus
1850 4784 1948 4838 ista
1975 4799 2069 4852 pa-

498 4878 740 4933 tiebatur.
783 4874 913 4931 Nam
959 4883 1012 4930 et
1051 4873 1314 4944 pontificis
1355 4873 1503 4942 jussu
1548 4874 1718 4954 palma
1767 4890 2070 4950 percussus,

496 4970 632 5040 quod
657 4967 1039 5024 contumeliose
1063 4966 1206 5020 visus
1232 4972 1313 5018 est
1356 4955 1567 5030 dicere,
1599 4980 1717 5019 cum
1743 4963 1848 5032 ait,
1881 4965 2069 5020 Percu-

494 5061 578 5114 tiet
625 5067 671 5112 te
719 5057 873 5122 Deus,
915 5057 1078 5129 paries
1123 5055 1388 5120 dealbate,
1436 5054 1608 5109 minus
1660 5057 2068 5128 intelligentibus

493 5149 790 5205 convicium
820 5135 1006 5215 sonat;
1053 5145 1464 5216 intelligentibus
1504 5161 1631 5201 vero
1659 5149 1932 5218 prophetia
1962 5159 2062 5223 est.

494 5243 676 5298 Paries
691 5241 884 5311 quippe
903 5239 1190 5302 dealbatus,
1211 5238 1502 5310 hypocrisis
1515 5245 1615 5303 est,
1635 5238 1684 5292 id
1699 5249 1778 5293 est
1800 5239 2064 5296 simulatio

493 5335 876 5392 sacerdotalem
916 5332 1201 5403 praeferens
1225 5331 1562 5402 dignitatem,
1601 5340 1655 5388 et
1689 5332 1789 5386 sub
1829 5332 1929 5389 hoc
1971 5348 2066 5388 no-

495 5428 638 5483 mine
680 5413 924 5496 tanquam
972 5421 1194 5479 candido
1224 5422 1453 5492 tegmine
1479 5422 1777 5478 interiorem
1810 5426 1955 5494 quasi
1987 5427 2064 5481 lu-

492 5529 631 5576 team
678 5517 1049 5588 turpitudinem
1087 5515 1375 5571 occultans.
1420 5515 1550 5570 Nam
1591 5515 1728 5586 quod
1757 5515 2064 5574 humilitatis

497 5615 607 5679 fuit,
640 5609 946 5668 mirabiliter
966 5607 1263 5674 custodivit,
1292 5623 1410 5663 cum
1437 5607 1486 5662 ei
1517 5607 1797 5675 diceretur,
1832 5607 2064 5681 Principi

489 5705 806 5769 sacerdotum
828 5700 1124 5756 maledicis?
1147 5699 1437 5769 respondit,
1469 5698 1688 5764 Nescivi,
1717 5701 1917 5770 fratres,
1947 5703 2065 5771 quia

493 5796 722 5865 princeps
766 5803 838 5850 est
877 5792 1221 5857 sacerdotum;
1260 5791 1499 5864 scriptum
1530 5799 1598 5846 est
1651 5793 1802 5859 enim,
1834 5791 2063 5864 Principi

497 5891 673 5962 populi
699 5892 771 5946 tui
803 5907 903 5960 non
924 5887 1190 5946 maledices
1211 5884 1345 5962 (Act.
1370 5902 1523 5958 χχιιι,
1542 5887 1676 5960 5-5).
1696 5884 1797 5956 Ubi
1825 5887 2056 5946 ostendit

1373 448 1459 510 DE
1496 451 1813 510 SERMONE
1851 446 2083 516 DOMlNl
2110 445 2176 523 IN
2211 450 2464 529 MONTE,
2503 459 2560 516 S.
2599 459 2966 524 AUGUSTlNl

2211 581 2401 641 quanta
2427 576 2804 647 tranquillitate
2829 581 2953 653 illud
2976 580 3216 652 dixisset,
3236 585 3378 658 (ἰυαά
3404 586 3570 654 inm
3592 593 3793 660 dixisse

2209 661 2513 732 videbatur,
2547 669 2686 737 quod
2715 679 2822 734 tam
2865 673 3004 741 cito,
3035 682 3143 740 tam
3169 688 3447 745 mansuete
3473 687 3751 756 respondit
3770 732 3788 756 .

2209 756 2349 848 quod
2373 759 2438 830 ab
2465 760 2856 832 indignantibus
2881 775 2935 821 et
2963 768 3283 838 perturbatis
3310 771 3425 836 ﬁeri
3453 791 3562 839 non
3589 789 3786 848 Potest.

2207 845 2287 943 Et
2303 848 2354 903 in
2383 865 2446 904 eo
2475 851 2589 922 ipso
2615 853 3024 927 intelligentibus
3050 875 3234 921 verum
3257 863 3408 932 dixit,
3433 845 3640 936 Hospitii
3664 874 3785 943 quia

2207 940 2437 1030 princeps
2450 952 2523 1002 est
2539 947 2855 1010 sacerdotum
2877 965 2896 1004 :
2918 957 3167 1022 tanquam
3187 953 3234 1008 si
3252 954 3472 1025 diceret,
3493 959 3603 1030 Ego
3622 940 3786 1026 alium

2204 1029 2335 1098 scivi
2380 1033 2671 1106 principem
2713 1038 3082 1111 sacerdotum,
3114 1058 3212 1114 pro
3236 1046 3390 1116 cujus
3429 1029 3644 1116 nomine
3682 1054 3785 1121 ista

2205 1120 2459 1188 sustineo,
2491 1125 2577 1182 cui
2603 1127 2915 1196 maledicere
2944 1131 3024 1192 fas
3051 1149 3157 1202 non
3184 1144 3286 1203 est,
3313 1146 3368 1202 et
3395 1141 3478 1212 cui
3504 1157 3597 1211 vos
3618 1120 3786 1204 malas

2205 1212 2400 1304 dicitis,
2419 1231 2537 1274 cum
2553 1219 2604 1273 in
2617 1235 2703 1278 me
2727 1222 2857 1292 nihil
2877 1225 3017 1281 aliud
3037 1242 3196 1297 quam
3215 1229 3329 1298 ejus
3352 1231 3539 1304 odistis
3560 1249 3782 1300 nomen.

2202 1302 2290 1359 Sic
2330 1321 2460 1377 ergo
2494 1320 2703 1384 oportet
2728 1327 2832 1384 non
2860 1315 3101 1382 simttlate
3133 1319 3229 1374 ista
3256 1319 3458 1390 jactare
3479 1302 3532 1392 ις
3580 1327 3677 1388 sed
3724 1305 3782 1386 in

2207 1393 2321 1465 ipso
2347 1397 2506 1464 corde
2519 1415 2635 1456 esse
2650 1403 2716 1472 ad
2736 1405 2910 1474 omnia
2929 1417 3301 1481 praeparatum,
3321 1421 3378 1466 ut
3398 1414 3563 1482 possit
3578 1431 3779 1476 canere

2201 1483 2326 1550 illud
2358 1489 2721 1562 propheticum
2745 1511 2759 1546 :
2784 1493 3030 1566 Paratum
3053 1515 3139 1556 cor
3157 1517 3343 1572 meum,
3365 1502 3523 1572 Deus,
3543 1518 3779 1578 putatum

2198 1595 2286 1650 cor
2314 1597 2474 1650 meum
2497 1582 2663 1655 (Psal.
2685 1602 2794 1655 LW,
2824 1589 2900 1658 8).
2930 1589 3074 1656 Multi
3100 1593 3240 1661 enim
3262 1594 3477 1667 alteram
3505 1598 3779 1670 maxiitam

2198 1671 2437 1740 prmbere
2459 1685 2736 1745 noverunt,
2764 1679 2981 1750 diligere
3004 1697 3130 1738 vero
3154 1683 3303 1754 illum
3327 1702 3359 1742 a
3389 1703 3492 1760 quo
3517 1687 3780 1760 feriuntur

2198 1761 2456 1832 ignorant.
2483 1766 2550 1832 At
2578 1783 2702 1834 vero
2725 1769 2838 1842 ipse
2872 1772 3160 1842 Dominus,
3193 1776 3280 1845 qui
3308 1776 3484 1850 utique
3511 1789 3779 1852 praecepta

2197 1865 2314 1919 quae
2341 1853 2518 1918 docuit
2543 1857 2743 1926 primus
2773 1859 3040 1929 implevit,
3070 1865 3382 1934 percutienti
3408 1881 3465 1938 se
3499 1867 3553 1924 in
3582 1870 3776 1932 maxil-

2197 1939 2302 1996 lam
2354 1945 2594 2016 ministro
2639 1950 2928 2028 sacerdotis
2970 1968 3076 2012 non
3122 1955 3346 2028 prtebuit
3387 1957 3638 2030 alteram;
3678 1961 3775 2019 sed

2196 2032 2413 2128 insuper
2436 2037 2598 2104 dixit:
2620 2039 2681 2118 Si
2710 2043 2839 2106 male
2863 2043 3056 2099 locutus
3081 2062 3212 2112 sum,
3239 2049 3486 2120 exprobru
3510 2050 3574 2118 de
3597 2051 3772 2128 nmio,“

2195 2125 2239 2178 si
2267 2125 2403 2192 bene,
2438 2131 2559 2199 quid
2585 2149 2661 2186 me
2701 2135 2850 2192 credis
2890 2135 3068 2206 (Joan.
3102 2153 3250 2204 xvut,
3275 2138 3405 2211 23)?
3442 2140 3557 2213 Non
3597 2125 3776 2214 tamen

2194 2215 2316 2276 ideo
2351 2228 2562 2291 paratus
2596 2224 2755 2280 corde
2784 2239 2888 2292 non
2927 2225 3059 2295 fuit,
3092 2244 3198 2290 non
3245 2230 3416 2302 solum
3455 2231 3506 2287 in
3552 2233 3773 2305 alteram

2194 2309 2460 2378 maxillam
2489 2312 2620 2384 ouidi
2670 2329 2762 2390 pro
2802 2316 2973 2380 salute
3001 2319 3237 2391 omnium
3260 2361 3276 2388 ,
3321 2320 3415 2393 sed
3453 2322 3613 2393 etiam
3658 2332 3772 2395 toto

2195 2410 2417 2470 corpore
2440 2401 2701 2474 cruciﬁgis

2265 2490 2352 2546 59.
2395 2491 2534 2564 Ergo
2563 2503 2616 2549 et
2654 2495 2782 2552 illud
2819 2497 2958 2570 quod
3005 2500 3277 2572 sequitur,
3320 2501 3388 2557 Et
3431 2504 3517 2578 qui
3562 2505 3771 2575 voluerit

2194 2587 2353 2636 tecum
2373 2585 2569 2654 judicio
2596 2588 2912 2658 contendere,
2942 2599 2989 2656 et
3028 2591 3247 2656 tunicam
3287 2603 3422 2664 tuam
3445 2595 3620 2664 tollere
3639 2637 3656 2664 ,
3685 2614 3768 2658 re-

2191 2675 2329 2728 mitte
2346 2675 2421 2734 illi
2443 2686 2487 2732 et
2511 2680 2870 2761 vestimentum,
2889 2682 2955 2744 ad
2982 2686 3416 2758 prteparatioueui
3440 2688 3635 2755 cordis,
3660 2705 3770 2760 non

2191 2765 2256 2820 ad
2275 2771 2681 2842 ostentationem
2701 2775 2720 2803 ³
2741 2775 2917 2846 operis
2937 2785 3253 2850 praeceptum
3277 2789 3417 2852 recte
3438 2780 3765 2853 intelligitur.

2191 2855 2298 2910 Sed
2325 2855 2390 2914 de
2414 2861 2583 2928 tunica
2613 2872 2667 2934 et
2691 2865 3005 2938 vestimento
3035 2867 3176 2940 quod
3201 2867 3399 2940 dictum
3425 2879 3507 2943 est
3526 2912 3541 2940 ,
3572 2886 3680 2944 non
3710 2873 3768 2945 in

2188 2945 2268 3038 eis
2293 2947 2419 3002 solis
2443 2989 2457 3014 ,
2490 2951 2584 3024 sed
2610 2953 2664 3007 in
2689 2956 2933 3014 omnibus
2971 2955 3268 3030 faciendum
3306 2967 3419 3033 est,
3445 2976 3564 3038 quas
3590 2963 3768 3035 aliquo

2182 3035 2302 3105 jure
2328 3043 2685 3118 temporaliter
2710 3053 2888 3116 nostra
2915 3061 3031 3122 esse
3056 3047 3299 3126 dicimus.
3325 3050 3381 3122 Si
3407 3035 3550 3108 enim
3577 3053 3642 3122 de
3669 3068 3766 3123 ne;

2188 3127 2446 3186 cessariis'
2464 3131 2563 3186 hoc
2592 3133 2906 3212 imperatum
2936 3145 3054 3216 est,
3083 3147 3278 3214 quanto
3307 3142 3474 3215 magis
3499 3143 3766 3215 superﬂua

2185 3231 2527 3310 contemnere
2569 3226 2851 3296 convenit?
2898 3229 3271 3306 Verumtamen
3308 3247 3373 3307 ea
3407 3225 3537 3310 quae
3579 3243 3764 3305 nostra

2186 3309 2329 3377 dixi,
2377 3327 2443 3368 eo
2469 3329 2664 3386 genere
2696 3316 3007 3390 includeudu
3033 3329 3190 3403 sunt,
3231 3336 3336 3394 quo.
3369 3309 3623 3395 Dominus
3648 3325 3764 3398 ipse

2187 3403 2501 3472 praescribit,
2534 3405 2714 3474 dicens
2739 3449 2753 3474 ,
2787 3408 2848 3464 Si
2875 3410 2986 3482 quis
3019 3411 3124 3465 vult
3139 3412 3334 3482 judicio
3359 3422 3519 3484 tecum
3550 3427 3760 3472 conten-

2185 3491 2320 3558 dere,
2349 3503 2395 3546 et
2418 3495 2638 3550 tunicam
2667 3505 2803 3564 tuam
2827 3497 3019 3554 tollere.
3053 3499 3239 3566 Omnia
3277 3518 3402 3576 ergo
3432 3504 3521 3560 illa
3557 3504 3758 3570 intelli-

2182 3592 2390 3654 gantur,
2408 3585 2474 3640 de
2495 3587 2684 3662 quibus
2694 3588 2893 3658 judicio
2914 3590 3187 3664 nobiscum
3205 3577 3453 3650 contendi
3477 3603 3670 3665 potest,
3687 3598 3760 3654 ita

2183 3681 2293 3726 uta
2320 3683 2501 3744 nostro
2537 3675 2654 3760 jure
2688 3679 2740 3731 in
2774 3678 2861 3748 jus
2896 3679 3033 3734 illius
3059 3689 3345 3750 transeant,
3373 3685 3463 3756 qui
3488 3687 3762 3754 contendit

2180 3762 2265 3816 vel
2295 3779 2391 3838 pro
2420 3779 2524 3840 quo
2550 3767 2849 3834 contendit;
2890 3769 3042 3840 sicuti
3080 3783 3162 3826 est
3199 3773 3380 3840 vestis,
3408 3774 3618 3848 domus,
3640 3775 3762 3836 lun-

2181 3853 2299 3920 dus,
2321 3854 2612 3923 iumentum
2638 3900 2652 3924 ,
2700 3867 2752 3913 et
2790 3861 3107 3930 generaliter
3132 3865 3304 3937 omnis
3330 3867 3566 3938 pecunia.
3604 3867 3758 3934 Quod

2180 3955 2352 4014 utrum
2382 3949 2541 4019 etiam
2571 3949 2638 4004 de
2664 3951 2830 4006 servis
2853 3953 3213 4024 accipiendum
3235 3957 3303 4012 sit
3322 3974 3509 4030 magna
3533 3961 3759 4030 quaestio

2180 4045 2280 4091 est.
2307 4037 2418 4092 Non
2442 4039 2581 4093 enim
2617 4040 2958 4098 christianum
2993 4055 3200 4116 oportet
3227 4049 3302 4103 sic
3341 4052 3613 4120 possidere
3637 4069 3755 4114 ser-

2178 4140 2320 4193 vum,
2354 4130 2620 4198 quomodo
2645 4142 2946 4202 equum'aut
2972 4133 3248 4207 argentum
3273 4157 3287 4194 :
3314 4119 3611 4214 quanquam
3637 4144 3755 4217 tieri

2177 4219 2346 4288 possit
2371 4227 2426 4272 ut
2453 4220 2654 4290 majore
2685 4224 2852 4292 pretio
2879 4225 3053 4280 valeat
3081 4242 3247 4298 equus
3281 4245 3438 4300 quam
3463 4246 3665 4298 servus,
3699 4244 3755 4300 et

2177 4308 2345 4364 multo
2369 4312 2536 4381 magis
2564 4312 2758 4386 aliquid
2783 4329 3000 4382 aureum
3027 4316 3111 4372 vel
3150 4328 3476 4390 argenteum.
3520 4322 3625 4379 Sed
3663 4323 3753 4380 ille

2177 4417 2382 4470 servus,
2424 4405 2467 4458 si
2493 4405 2687 4460 rectius
2713 4417 2766 4460 et
2791 4405 3060 4471 honestius
3085 4417 3139 4464 et
3178 4411 3244 4465 ad
3275 4412 3438 4468 Deum
3466 4414 3750 4476 colendum

2175 4497 2620 4552 accommodatius
2643 4497 2736 4552 abs
2766 4508 2817 4553 te
2843 4500 3057 4555 domino
3085 4501 3340 4558 educatur
3358 4545 3372 4570 ,
3402 4516 3493 4560 aut
3516 4508 3747 4578 regitur,

2175 4603 2331 4657 quam
2376 4589 2442 4643 ab
2485 4587 2573 4642 illo
2618 4596 2790 4660 potest
2828 4591 2917 4660 qui
2954 4606 3076 4646 eum
3118 4593 3262 4668 cupit
3299 4593 3539 4664 auferre;
3569 4598 3750 4654 nescio

2175 4688 2346 4733 utrum
2374 4679 2649 4750 quisquam
2678 4678 2856 4734 dicere
2887 4681 3098 4748 audeat,
3132 4691 3191 4737 ut
3223 4667 3592 4740 vestimentum
3625 4702 3750 4742 eum

2174 4768 2368 4824 debere
2393 4769 2678 4823 contemni.
2725 4770 2998 4824 Hominem
3030 4787 3258 4844 namque
3301 4772 3460 4828 homo
3499 4784 3750 4845 tanquam

2173 4863 2403 4933 seipsum
2429 4862 2646 4940 diligere
2675 4861 2850 4931 debet,
2879 4863 2964 4917 cui
2987 4863 3054 4918 ab
3079 4865 3313 4920 omnium
3342 4864 3586 4933 Domino,
3611 4855 3753 4936 sicut

2173 4968 2256 5020 ea,
2287 4969 2404 5024 qua:
2433 4964 2724 5026 sequuntur
2746 4954 3049 5026 ostendunt,
3077 4955 3237 5010 etiam
3271 4967 3326 5028 ut
3355 4957 3595 5030 inimicos
3619 4959 3748 5016 dili-

2170 5053 2258 5118 gat
2286 5045 2588 5116 imperatur.

2241 5140 2328 5196 60.
2367 5141 2505 5196 Sane
2548 5140 3068 5196 animadvertendum
3118 5149 3202 5197 est
3244 5157 3455 5199 omnem
3502 5143 3742 5200 tunicam

2169 5235 2537 5290 vestimentum
2572 5247 2690 5289 esse
2714 5273 2729 5298 ,
2761 5249 2866 5288 non
2903 5248 3058 5288 omne
3096 5233 3465 5290 vestimentum
3503 5235 3745 5307 tunicam

2168 5339 2305 5381 esse.
2345 5323 2656 5382 Vestimenti
2698 5339 2827 5395 ergo
2865 5339 3054 5378 nomen
3095 5323 3246 5396 plura
3285 5323 3542 5394 significat
3581 5339 3745 5397 quam

2168 5431 2359 5470 nomen
2391 5415 2595 5469 tunica}.
2634 5413 2702 5468 Et
2731 5414 2847 5468 ideo
2874 5415 2950 5468 sic
2987 5412 3186 5469 dictum
3214 5429 3333 5470 esse
3367 5414 3628 5486 arbitror,
3674 5414 3746 5480 Et

2165 5510 2252 5578 qui
2278 5503 2488 5560 voluerit
2527 5515 2687 5558 tecum
2705 5505 2902 5580 judicio
2932 5505 3226 5574 contendere
3244 5548 3258 5573 ,
3289 5515 3336 5562 et
3361 5507 3581 5572 tunicam
3604 5516 3746 5570 tuam

2168 5597 2360 5663 tollere,
2387 5596 2578 5650 remitte
2605 5596 2680 5649 illi
2701 5604 2747 5649 et
2772 5597 3153 5673 vestimentum;
3181 5607 3426 5670 tanquam
3453 5597 3497 5651 si
3519 5595 3744 5662 diceret,

2166 5689 2266 5757 Qui
2295 5690 2516 5744 voluerit
2552 5689 2778 5748 tunicam
2826 5698 2967 5742 tuam
3008 5689 3228 5758 tollere,
3256 5673 3467 5760 remitte
3501 5688 3578 5760 illi
3605 5695 3661 5755 et
3697 5686 3745 5744 si

2230 5831 2247 5864 ι
2267 5830 2522 5881 Duodecim
2547 5837 2674 5888 Mss,
2696 5827 2944 5880 insultare.

2227 5894 2249 5925 ι
2271 5896 2343 5944 ste
2484 5899 2540 5942 Αι
2557 5891 2689 5956 editi,
2709 5890 3036 5958 ostensian
