4076 6526
345 430 475 494 1261

342 543 460 617 quid
510 533 656 595 aliud
696 526 993 592 indumenti
1025 528 1212 590 habes.
1251 525 1378 588 Ideo
1423 529 1662 587 nonnulli
1706 533 1919 605 pallium

340 630 665 705 interpretati
695 636 850 697 sunt,
882 629 1023 700 quod
1046 644 1218 700 graece
1243 627 1476 699 positum
1497 634 1580 684 est
1602 634 1811 698 ἱμάτιον.

409 730 493 784 61.
536 726 601 781 Ει
644 727 729 796 qui
760 734 806 779 te
847 726 1219 796 angariaverit,
1273 724 1477 795 inquit,
1524 723 1664 778 mille
1700 739 1917 795 passus,

338 823 460 879 vade
488 835 600 874 cum
624 819 713 872 illo
741 818 845 871 alia
870 816 992 872 duo.
1025 818 1091 872 Et
1123 816 1223 872 hoc
1248 817 1430 887 utique
1463 831 1570 871 non
1596 823 1704 871 tam
1733 823 1791 871 ut
1825 831 1921 887 pe-

339 915 491 971 dibus
518 926 642 983 agas
662 954 674 977 ,
704 926 862 982 quam
905 920 962 966 ut
988 911 1164 965 animo
1191 911 1263 965 sis
1293 918 1529 980 paratus.
1559 908 1690 963 Nam
1720 909 1774 963 in
1806 909 1919 979 ipsa

341 1007 619 1064 christiana
654 994 907 1071 historia,
942 1004 994 1060 in
1037 1020 1140 1083 qua
1168 1012 1252 1060 est
1293 1004 1601 1069 auctoritas,
1645 1002 1777 1057 nihil
1816 1002 1921 1057 tale

339 1101 573 1159 invenies
603 1098 802 1154 factum
830 1114 951 1155 esse
979 1114 1007 1152 a
1039 1098 1235 1153 sanctis
1258 1139 1273 1165 ,
1302 1097 1384 1153 vel
1412 1098 1479 1153 ab
1506 1098 1622 1167 ipso
1648 1096 1875 1152 Domino
1902 1137 1918 1163 ,

335 1211 453 1252 cum
482 1194 535 1248 in
567 1192 783 1247 homine
811 1208 966 1263 quem
997 1193 1269 1262 suscipere
1292 1191 1538 1263 dignatus
1566 1198 1682 1258 est,
1707 1189 1921 1245 vivendi

336 1287 485 1344 nobis
516 1284 779 1359 praeberet
808 1285 1108 1353 exemplum
1136 1276 1151 1350 ξ
1185 1300 1308 1339 cum
1337 1293 1511 1339 tamen
1535 1281 1782 1338 omnibus
1808 1281 1921 1338 fere

336 1379 463 1437 locis
489 1392 585 1433 eos
612 1377 848 1432 invenias
873 1385 1086 1448 paratos
1110 1375 1272 1431 fuisse
1295 1390 1450 1446 aequo
1476 1375 1655 1429 animo
1682 1373 1920 1429 tolerare

333 1469 588 1544 quidquid
642 1470 720 1525 eis
767 1470 1008 1539 improbe
1055 1469 1571 1539 fuissetfingestum.
1620 1466 1726 1522 Sed
1772 1464 1921 1521 verbi

332 1566 497 1639 gratia
528 1564 730 1620 dictum
774 1572 1054 1635 putamus,
1098 1561 1237 1617 Vade
1276 1578 1393 1616 cum
1440 1577 1497 1616 eo
1533 1561 1637 1615 alia
1664 1559 1811 1613 duo?
1853 1573 1920 1613 an

332 1660 429 1715 tria
471 1656 729 1728 compleri
770 1657 972 1722 voluit,
1019 1671 1124 1727 quo
1173 1670 1396 1711 numero
1435 1654 1762 1724 significatur
1795 1666 1922 1727 per-

331 1751 524 1815 fectio;
549 1756 607 1804 ut
634 1748 935 1817 meminerit
955 1749 1177 1819 quisque
1197 1762 1317 1802 cum
1336 1746 1436 1803 hoc
1464 1745 1605 1809 facit,
1630 1744 1921 1815 perfectam

332 1858 392 1901 se
422 1842 643 1913 implere
664 1840 945 1912 justitiam,
979 1838 1392 1894 misericorditer
1419 1835 1741 1911 perferendo
1767 1835 1921 1890 infir-

332 1937 546 1993 mitates
590 1950 777 1994 eorum
820 1948 955 2005 quos
998 1934 1112 1987 vult
1149 1947 1307 1991 sanos
1352 1931 1505 1988 fieri?
1544 1932 1727 1987 Potest
1752 1929 1921 1985 videri

332 2038 617 2102 propterea
658 2028 816 2083 etiam
850 2028 1018 2082 tribus
1047 2026 1303 2096 exemplis
1342 2026 1458 2080 haec
1500 2035 1762 2096 praecepta
1796 2023 1922 2077 insi-

331 2136 525 2178 nuasse
550 2138 562 2174 :
590 2136 813 2193 quorum
845 2120 1073 2190 primum
1097 2127 1212 2184 est,
1244 2116 1289 2174 si
1312 2118 1430 2197 quis
1459 2106 1509 2172 te
1530 2118 1851 2187 percusserit
1869 2114 1921 2167 in

332 2214 633 2281 maxillam;
662 2210 975 2277 secundum,
1001 2210 1046 2265 si
1071 2210 1189 2283 quis
1211 2210 1443 2264 tunicam
1467 2209 1654 2263 tollere
1672 2206 1918 2271 voluerit;

333 2307 583 2377 tertium,
624 2307 668 2361 si
712 2306 828 2377 quis
873 2305 1020 2360 mille
1064 2318 1250 2375 passus
1289 2301 1680 2373 angariaverit:
1715 2301 1766 2356 in
1816 2314 1922 2371 quo

333 2401 492 2456 tertio
534 2400 779 2469 exemplo
824 2399 1017 2469 simple
1070 2397 1291 2466 duplum
1328 2395 1569 2460 additur,
1611 2402 1670 2450 ut
1710 2393 1923 2465 triplum

332 2493 684 2561 compleatur.
717 2490 815 2557 Qui
842 2504 1096 2543 numerus
1126 2488 1226 2541 hoc
1256 2488 1374 2541 loco
1401 2487 1446 2541 si
1472 2501 1574 2541 non
1593 2528 1608 2553 ,
1641 2494 1700 2539 ut
1722 2484 1922 2539 dictqu

331 2590 416 2637 est
436 2623 448 2647 ,
473 2581 734 2651 significat
759 2578 1136 2650 perfectionem
1161 2595 1176 2642 ς
1210 2576 1339 2632 illud
1365 2576 1672 2648 accipiatur,
1702 2575 1841 2645 quod
1870 2575 1921 2629 in

332 2672 691 2746 praecipiendo
731 2681 982 2742 tanquam
1011 2668 1337 2725 tolerabilius
1378 2668 1637 2738 incipiens
1672 2667 1923 2738 paulatim

331 2764 594 2838 creverit,
637 2763 808 2819 donec
850 2762 1150 2833 perveniret
1195 2774 1360 2830 usque
1406 2759 1469 2814 ad
1514 2759 1733 2829 duplum
1781 2758 1920 2813 aliud

331 2855 729 2929 perferendum.
795 2853 927 2908 Nam
980 2854 1153 2925 primo
1208 2852 1432 2923 praeberi
1490 2852 1658 2906 voluit
1703 2852 1923 2907 alteram

331 2948 627 3017 maxillam,
658 2962 780 3002 cum
809 2946 962 3011 fuerit
988 2945 1173 3001 dextra
1204 2958 1452 3017 percussa
1472 2986 1487 3012 ,
1518 2953 1575 2998 ut
1602 2944 1775 2998 mitius
1805 2960 1925 3017 per~

332 3038 475 3095 ferre
522 3048 736 3110 paratus
787 3038 861 3093 sis
910 3052 1068 3108 quam
1120 3035 1404 3106 pertulisti.
1458 3035 1726 3106 Quidquid
1781 3036 1922 3089 enim

332 3132 552 3203 dextera
579 3130 873 3202 significat,
902 3137 956 3185 et
973 3129 1186 3185 charius
1211 3138 1294 3183 est
1318 3128 1499 3200 utique
1526 3144 1684 3198 quam
1709 3126 1757 3183 id
1784 3128 1921 3201 quod

334 3226 546 3282 sinistra
573 3224 860 3294 significat,
895 3230 948 3277 et
972 3221 1060 3292 qui
1091 3221 1142 3275 in
1163 3236 1221 3276 rc
1246 3221 1491 3276 cbariore
1511 3219 1707 3297 aliquid
1742 3231 1923 3291 pertu-

332 3314 394 3371 lit
413 3357 427 3384 ,
451 3314 498 3370 si
523 3323 574 3368 et
595 3315 646 3369 in
672 3314 860 3369 viliore
882 3311 1151 3385 perferat,
1175 3311 1353 3368 minus
1374 3320 1474 3367 est.
1501 3312 1703 3367 Deinde
1740 3312 1810 3366 illi
1836 3314 1924 3384 qui

332 3408 569 3463 tunicam
609 3407 719 3459 vult
749 3406 962 3471 tollere,
990 3404 1143 3475 jubet
1183 3412 1236 3458 et
1271 3405 1643 3469 vestimentum
1681 3404 1874 3461 remitti
1907 3422 1921 3459 :

333 3496 477 3567 quod
505 3504 597 3549 aut
640 3494 969 3551 tantumdem
1011 3503 1094 3548 est
1120 3536 1135 3561 ,
1176 3500 1268 3548 aut
1310 3508 1414 3549 non
1446 3494 1615 3551 multo
1657 3495 1919 3564 amplius;

333 3603 442 3644 non
472 3596 648 3642 tamen
672 3585 914 3656 duplum.
946 3584 1127 3639 Tertio
1150 3584 1217 3640 de
1246 3584 1392 3640 mille
1416 3586 1662 3655 passibus
1687 3628 1701 3653 ,
1731 3587 1922 3656 quibus

334 3679 579 3736 addenda
604 3680 731 3735 dicit
756 3678 862 3733 duo
887 3677 1051 3733 millia
1069 3718 1085 3745 ,
1113 3693 1281 3749 usque
1302 3676 1368 3732 ad
1392 3677 1609 3748 duplum
1641 3678 1782 3731 aliud
1807 3694 1925 3749 per-

240 3779 246 3785 ’
335 3774 478 3830 feras
496 3775 647 3853 jubet
670 3791 683 3827 :
709 3774 777 3828 ita
799 3772 1125 3844 significans,
1150 3771 1261 3833 sive
1282 3770 1554 3840 aliquanto
1576 3771 1749 3825 minus
1766 3786 1922 3841 quam

334 3865 445 3937 jam
484 3865 614 3929 fuit,
648 3865 758 3927 sive
782 3863 1144 3931 tantumdem,
1170 3863 1281 3919 sive
1315 3862 1541 3937 amplius
1584 3863 1806 3934 quisque
1835 3863 1927 3918 im-

336 3957 535 4029 probus
552 3958 602 4013 in
624 3966 673 4012 te
689 3971 807 4013 esse
826 3956 1070 4020 voluerit,
1082 3970 1234 4028 tequo
1248 3954 1427 4009 animo
1441 3942 1771 4009 tolerandum
1785 3969 1921 4009 esse.

408 4048 636 4106 CAPUT
679 4047 799 4103 XX.
826 4046 1008 4102 —62.
1051 4046 1107 4101 ln
1150 4045 1233 4102 his
1277 4060 1405 4103 sane
1446 4044 1726 4116 generibus
1767 4045 1926 4101 trium

336 4141 707 4210 exemplorum
757 4139 963 4193 nullum
1021 4152 1188 4208 genus
1244 4136 1451 4206 injuriae
1508 4136 1925 4209 praetermissum

336 4248 460 4289 esse
496 4232 671 4288 video.
714 4229 956 4301 Namque
996 4229 1174 4287 omnia
1219 4227 1494 4298 inquibus
1534 4228 1923 4300 improbitatem

337 4326 573 4397 aliquam
596 4326 846 4397 patimur,
888 4324 941 4379 iu
967 4323 1073 4378 duo
1098 4338 1291 4394 genera
1329 4322 1668 4379 dividuntur:
1698 4339 1924 4395 quorum

338 4417 566 4477 alterum
609 4426 691 4472 est
728 4415 868 4487 quod
898 4416 1102 4471 restitui
1130 4430 1234 4470 non
1277 4422 1486 4491 potest;
1528 4415 1924 4487 alterumrquod

337 4518 532 4580 potest.
561 4508 666 4564 Sed
705 4509 759 4564 in
788 4508 879 4563 illo
905 4508 1045 4579 quod
1076 4508 1283 4565 restitui
1311 4524 1415 4569 non
1440 4515 1649 4578 potest,
1679 4508 1923 4562 vindicta:

338 4601 585 4669 solatium
614 4600 779 4672 quaeri
814 4601 971 4656 solet.
1016 4600 1155 4668 Quid
1180 4601 1319 4655 enim
1366 4600 1582 4670 prodest
1616 4599 1755 4670 quod
1798 4614 1920 4669 per-

338 4705 527 4748 cussus
552 4692 882 4773 repercutis?
908 4691 1174 4762 Numquid
1206 4699 1485 4761 propterea
1525 4690 1652 4753 illud
1701 4691 1841 4761 quod
1869 4693 1921 4746 in

339 4797 565 4859 corpore
612 4785 795 4843 laesum
821 4792 903 4849 est
922 4826 937 4851 ,
960 4784 1255 4841 restituitur
1285 4783 1335 4837 in
1364 4784 1663 4857 integrum?
1692 4782 1795 4838 Sed
1838 4793 1922 4838 tu-

338 4876 517 4932 midus
540 4874 751 4930 animus
779 4876 902 4937 talia
930 4875 1159 4945 fomenta
1187 4875 1455 4941 desiderat
1489 4893 1502 4931 :
1532 4890 1718 4930 sanum
1746 4884 1923 4931 autem

340 4968 659 5041 ﬁrmumque
678 4969 776 5027 ista
798 4985 903 5039 non
919 4968 1106 5041 juvant
1127 4985 1141 5034 ;
1165 4970 1288 5039 quin
1316 4970 1489 5039 potius
1511 4970 1924 5033 misericorditer

341 5061 708 5131 perferendam
724 5061 940 5127 alterius
956 5062 1543 5132 infirmitatemjudicat,
1569 5078 1725 5133 quam
1748 5064 1922 5131 alieno

340 5153 601 5225 supplicio
628 5168 777 5211 suam
799 5152 1164 5225 mitigandam,
1188 5169 1307 5225 quae
1330 5153 1469 5217 nulla
1493 5164 1592 5210 est.

412 5243 499 5298 65.
540 5244 720 5317 Neque
744 5244 831 5300 hic
858 5261 918 5301 ea
941 5244 1172 5303 vindicta
1210 5244 1539 5316 prohibetur,
1569 5261 1687 5317 qua:
1709 5245 1777 5307 ad
1800 5261 1923 5303 cor-

340 5336 631 5403 rectionem
659 5336 835 5401 valet:
865 5337 1025 5393 etiam
1056 5336 1171 5408 ipsa
1199 5339 1341 5399 enim
1367 5337 1597 5406 pertinet
1622 5338 1689 5397 ad
1717 5339 1926 5395 miseri-

339 5431 610 5499 cordiam;
641 5446 739 5487 nec
776 5430 997 5502 impedit
1020 5430 1148 5485 illud
1183 5432 1529 5502 prepositum,
1560 5447 1666 5503 quo
1698 5433 1922 5503 quisque

338 5532 556 5594 paratus
594 5533 677 5581 est
716 5524 783 5578 ab
819 5539 885 5579 eo
913 5539 1070 5595 quem
1107 5533 1408 5581 correctum
1451 5540 1570 5591 esse
1596 5526 1741 5593 vult,
1770 5526 1921 5595 plura

338 5615 592 5685 Perferre.
613 5614 718 5681 Sed
740 5615 863 5670 huic
879 5616 1123 5673 vindictae
1141 5615 1434 5681 referendae
1452 5631 1559 5673 non
1580 5625 1662 5675 est
1677 5618 1918 5687 idoneus,

338 5708 440 5763 nisi
477 5710 567 5779 qui
612 5707 794 5771 odium
826 5723 933 5779 quo
977 5708 1149 5765 solent
1188 5708 1414 5779 ﬂagrare
1449 5710 1540 5779 qui
1569 5726 1628 5767 se
1652 5710 1922 5767 vindicare

336 5798 657 5868 desiderant,
682 5800 981 5865 dilectionis
1000 5803 1359 5873 magnitudine
1385 5805 1775 5873 superaverit‘.
1804 5803 1919 5864 Non

401 5910 689 5975 manus,

1706 419 1913 479 LIBER
1952 420 2230 481 PRIMUS.

3472 430 3614 487 1262

2030 536 2169 593 enim
2192 536 2531 595 metuendum
2552 544 2719 595 estne
2740 536 2919 596 odisse
2940 539 3217 612 parvulum
3238 541 3403 599 ﬁlium
3424 557 3619 614 paren-

2029 637 2108 684 tes
2132 627 2411 687 videtintur
2428 673 2443 699 ,
2474 646 2593 687 cum
2620 631 2687 688 ab
2715 633 2791 688 eis
2820 633 3027 703 vapulat
3049 645 3308 704 peccans,
3336 650 3403 689 ne
3431 644 3618 705 peccet

2027 721 2270 779 ulterius.
2311 722 2381 779 Et
2406 733 2552 781 certe
2581 725 2832 795 perfectio
2856 725 3153 781 dilectionis
3192 726 3359 796 ipsius
3388 725 3481 783 Dei
3510 727 3615 783 Pa-

2028 813 2127 868 tris
2152 815 2446 873 imitatione
2470 819 2622 873 nobis
2646 818 2991 890 proponitur,
3023 833 3145 879 cum
3179 818 3231 873 in
3270 819 3617 889 sequentibus

2028 905 2255 978 dicitur,
2295 909 2506 981 Diligile
2550 911 2779 966 inimicos
2826 920 3042 975 vestros,
3095 911 3365 981 benefacite
3407 911 3487 965 hic
3530 912 3616 980 qui

2029 1004 2239 1058 oderunt
2264 1020 2368 1072 vos,
2397 1013 2445 1063 et
2471 1013 2610 1058 orate
2635 1021 2725 1075 pro
2748 1004 2817 1059 eis
2842 1005 2927 1073 qui
2952 1020 3035 1059 vos
3058 1011 3519 1074 persequunturmt
3537 1009 3618 1058 ta-

2029 1112 2154 1152 men
2175 1096 2241 1152 de
2268 1098 2384 1168 ipso
2409 1097 2603 1153 dicitur
2631 1112 2727 1168 per
2747 1097 3082 1167 prophetam,
3108 1098 3266 1162 Quem
3292 1098 3423 1151 enim
3449 1096 3617 1167 diligit

2028 1188 2299 1257 Dominus,
2343 1191 2583 1262 corripit;
2612 1191 2839 1262 ﬂagellat
2865 1201 3031 1244 autem
3057 1206 3254 1245 onmem
3280 1192 3440 1260 ﬁlium
3468 1207 3617 1261 quem

2028 1282 2204 1354 recipit
2238 1282 2419 1355 (Prov.
2462 1300 2540 1350 Ill,
2570 1284 2679 1355 12).
2712 1284 2849 1340 Dicit
2881 1293 2934 1339 ct
2962 1284 3215 1339 Dominus
3256 1302 3270 1338 :
3304 1284 3491 1339 Servus
3530 1283 3618 1355 qui

2029 1376 2183 1430 nescit
2209 1377 2513 1431 voluntatem
2537 1378 2728 1432 domini
2756 1379 2832 1431 sui
2856 1419 2869 1445 ,
2904 1387 2949 1432 et
2976 1378 3096 1448 facit
3122 1378 3275 1449 digna
3309 1377 3491 1449 plagis,
3525 1392 3614 1431 va-

2031 1466 2226 1537 pulabit
2249 1485 2442 1539 pauca;
2464 1486 2633 1524 servus
2659 1480 2823 1525 mttem
2851 1470 2937 1540 qui
2961 1471 3055 1525 scit
3084 1471 3387 1525 voluntatem
3422 1469 3619 1525 domini

2028 1559 2125 1625 sui,
2155 1568 2201 1613 et
2225 1561 2347 1630 facit
2368 1561 2520 1633 digna
2542 1563 2724 1633 plagis,
2745 1563 3000 1634 vapulabit
3031 1563 3189 1617 multa
3219 1563 3366 1635 (Luc.
3395 1578 3495 1629 xu,
3523 1562 3616 1632 48,

2028 1651 2142 1721 47).
2162 1652 2275 1707 Non
2291 1668 2416 1725 ergo
2432 1657 2704 1725 quaeritur,
2724 1655 2821 1712 nisi
2840 1666 2895 1711 ut
2907 1665 2959 1711 et
2972 1657 3057 1712 ille
3070 1656 3319 1722 vindicet,
3338 1657 3421 1712 cui
3438 1671 3616 1711 rerum

2030 1742 2214 1797 ordine
2241 1753 2471 1815 potestas
2498 1746 2618 1803 data
2647 1756 2756 1813 est;
2788 1756 2841 1803 ct
2861 1762 2921 1803 ea
2945 1749 3214 1804 voluntate
3238 1748 3490 1815 vindicet,
3513 1762 3617 1818 qua

2029 1842 2179 1903 pater
2219 1835 2268 1888 in
2303 1837 2575 1906 parvulum
2624 1838 2819 1906 filium,
2852 1855 3008 1910 quem
3040 1856 3135 1912 per
3182 1848 3391 1896 aetatem
3439 1839 3618 1895 odisse

2029 1926 2263 1983 nondum
2293 1939 2481 1999 potest.
2507 1931 2642 1987 iiinc
2667 1933 2808 1987 enim
2835 1934 3166 2004 aptissimum
3195 1935 3499 2005 exemplum
3518 1933 3618 1990 du-

2029 2017 2183 2086 citur,
2207 2035 2313 2091 quo
2338 2022 2464 2077 satis
2483 2033 2733 2094 appareat
2762 2040 2918 2094 posse
2944 2035 3216 2096 peccatum
3243 2042 3425 2082 amore
3442 2026 3619 2098 potius

2028 2109 2304 2179 vindicari,
2324 2128 2480 2183 quam
2510 2116 2824 2186 impunitum
2845 2119 3066 2189 relinqui
3090 2138 3103 2175 :
3127 2129 3185 2175 ut
3207 2119 3357 2175 illum
3384 2121 3435 2174 in
3456 2135 3616 2191 quem

2027 2200 2260 2256 vindicat
2286 2219 2391 2259 non
2422 2221 2578 2276 poena
2608 2209 2858 2263 miserum
2877 2251 2890 2276 ,
2919 2209 3013 2265 sed
3032 2211 3374 2266 correctione
3400 2211 3617 2267 beatum

2034 2295 2195 2360 velit;
2220 2306 2433 2365 paratus
2469 2308 2643 2355 tamen
2665 2342 2678 2366 ,
2710 2300 2755 2355 si
2780 2316 2913 2371 opus
2939 2303 3040 2369 sit,
3070 2316 3223 2373 aequo
3261 2304 3438 2367 animo
3465 2304 3618 2376 plura

2032 2385 2260 2441 tolerare
2281 2387 2345 2441 ab
2363 2402 2429 2443 eo
2452 2389 2614 2458 illata,
2636 2406 2796 2462 quem
2820 2392 2932 2446 vult
2955 2408 3074 2448 esse
3095 2386 3415 2462 cerrectum,
3436 2395 3547 2450 sive
3564 2396 3618 2451 in

2031 2494 2151 2533 eum
2184 2480 2372 2535 habeat
2401 2491 2714 2552 potestatem
2760 2486 3079 2551 coercendi,
3114 2487 3226 2543 sive
3268 2503 3372 2542 non
3401 2487 3615 2544 habeat.

2104 2572 2192 2625 (ii.
2235 2572 2405 2643 Magni
2448 2584 2625 2629 autem
2671 2584 2725 2631 et
2771 2577 2939 2632 sancti
2982 2578 3115 2645 viri,
3148 2580 3235 2649 qui
3272 2580 3382 2650 jam
3420 2580 3622 2650 optime

2032 2673 2231 2718 scrrent
2269 2674 2494 2720 mortem
2517 2665 2671 2721 istam
2689 2681 2806 2737 quae
2826 2666 3055 2722 animam
3074 2668 3314 2724 dissolvit
3328 2686 3614 2741 acorpore,

2035 2769 2138 2808 non
2167 2768 2285 2810 esse
2316 2756 2733 2825 formidandam,
2770 2759 3059 2814 secundum
3088 2775 3270 2814 eorum
3301 2770 3475 2816 tamen
3503 2763 3619 2815 aui-

2032 2861 2177 2900 nuun
2205 2847 2294 2917 qui
2327 2846 2469 2901 illam
2501 2848 2767 2915 timerent,
2800 2851 3050 2905 nonnulla
3074 2861 3289 2922 peccata
3321 2862 3491 2911 morte
3517 2869 3618 2924 pu-

2034 2938 2263 3005 nierunt,
2294 2938 2435 3008 quod
2467 2947 2520 2994 ct
2552 2940 2852 2996 viventibus
2880 2942 3024 2996 utilis
3059 2952 3233 2998 metus
3266 2944 3613 3012 incuteretur,

2032 3041 2085 3086 ct
2121 3032 2222 3086 illis
2245 3032 2331 3101 qui
2360 3041 2530 3087 morte
2552 3033 2926 3101 puniebantur,
2949 3049 3055 3089 non
3084 3036 3195 3105 ipsa
3216 3050 3359 3091 mors
3380 3048 3617 3107 noceret,

2034 3124 2127 3178 sed
2170 3134 2467 3197 peccatmn,
2505 3125 2646 3195 quod
2694 3126 2877 3196 augeri
2917 3136 3118 3196 posset,
3148 3127 3192 3182 si
3220 3128 3473 3183 viverent.
3502 3129 3621 3186 Non

2036 3224 2235 3271 temere
2266 3215 2335 3269 illi
2360 3214 2690 3285 judicabant,
2715 3216 2906 3287 quibus
2936 3217 3037 3272 tale
3057 3217 3313 3287 judicium
3333 3217 3623 3277 donaverat

2037 3307 2193 3362 Deus.
2233 3307 2359 3362 lude
2400 3317 2483 3363 cst
2528 3308 2667 3378 quod
2704 3307 2846 3363 Elias
2894 3310 3088 3364 multos
3130 3319 3300 3365 morte
3340 3312 3533 3379 affecit,
3566 3324 3622 3369 et

2033 3398 2243 3468 pmpria
2265 3413 2422 3452 manu
2446 3397 2533 3470 (ΙΙΙ
2554 3398 2678 3471 Reg.
2709 3415 2865 3467 xvm,
2889 3400 2999 3473 40),
3024 3410 3073 3457 ει
3092 3402 3212 3472 igne
3240 3402 3491 3459 divinitus
3518 3406 3621 3465 im-

2033 3499 2241 3559 petrato
2276 3488 2370 3563 (IV
2412 3489 2537 3561 Reg.
2570 3506 2606 3557 ι,
2636 3490 2774 3562 10);
2803 3492 2941 3562 quod
2967 3502 3022 3547 et
3057 3493 3144 3548 alii
3175 3495 3325 3550 multi
3354 3498 3529 3568 magni
3569 3509 3622 3555 et

2032 3582 2194 3636 divini
2227 3584 2323 3637 viri
2370 3584 2558 3639 eodem
2596 3586 2784 3656 spiritu
2826 3586 3138 3642 consulendi
3167 3589 3327 3645 rebus
3371 3590 3621 3649 humanis

2033 3688 2137 3728 non
2168 3683 2367 3728 temere
2394 3675 2651 3730 fecerunt.
2670 3675 2744 3730 De
2774 3690 2879 3746 quo
2910 3676 3023 3732 Elia
3044 3693 3166 3734 cum
3192 3682 3494 3754 exemplum
3520 3684 3618 3738 dc-

2033 3764 2241 3821 disscnt
2259 3766 2526 3837 discipuli,
2556 3767 2781 3821 Domino
2805 3779 3287 3826 commemorantes
3313 3772 3438 3843 quid
3464 3776 3529 3829 ab
3556 3791 3621 3831 eo

2033 3854 2229 3921 factum
2258 3859 2345 3925 sit,
2377 3868 2432 3912 ut
2458 3858 2616 3913 ctiam
2642 3860 2769 3929 ipsis
2790 3859 2941 3917 daret
2966 3871 3283 3932 potestatem
3312 3865 3524 3935 petendi
3553 3868 3620 3923 de

2033 3951 2171 4005 caelo
2196 3952 2369 4021 ignem
2410 3952 2474 4006 ad
2502 3953 2924 4008 consumendum
2958 3969 3051 4011 eos
3090 3958 3178 4026 qui
3204 3957 3303 4012 sibi
3332 3957 3620 4029 hospitium

2032 4058 2140 4097 non
2184 4044 2521 4114 praeberent;
2574 4045 2917 4118 reprehendit
2965 4048 3015 4102 in
3071 4048 3149 4104 cis
3197 4051 3451 4119 Dominus
3512 4071 3619 4119 non

2032 4136 2334 4208 exemplum
2376 4136 2648 4207 prophetae.
2693 4142 2886 4205 sancti,
2933 4139 3027 4194 sed
3058 4140 3407 4211 ignorantiam
3446 4145 3619 4202 vindi-

2032 4229 2207 4298 candi,
2234 4246 2352 4301 qua:
2381 4229 2557 4286 adhuc
2582 4240 2697 4286 erat
2740 4233 2792 4287 in
2833 4232 3051 4289 rudibus
3093 4233 3243 4306 (Luc.
3266 4252 3344 4302 ix,
3378 4237 3570 4310 52-56)
3604 4260 3617 4295 :

2030 4322 2456 4378 animadverteris
2478 4338 2572 4379 eos
2600 4340 2704 4378 non
2732 4339 2913 4379 amore
2938 4327 3353 4397 correctionem,
3377 4330 3471 4385 sed
3498 4331 3622 4386 odio

2032 4414 2343 4469 desiderare
2382 4415 2688 4469 vindictam.
2727 4414 2907 4486 Itaque
2943 4426 3285 4489 posteaquam
3312 4436 3404 4477 eos
3439 4422 3620 4481 docuit

2031 4506 2157 4577 quid
2198 4515 2339 4561 esset
2381 4506 2604 4576 diligere
2634 4508 2930 4577 proximum
2972 4519 3217 4583 tanquam
3245 4514 3513 4584 seipsum,
3541 4516 3623 4577 in-

2029 4596 2148 4651 fuso
2177 4599 2335 4653 etiam
2375 4598 2574 4669 Spiritu
2605 4609 2816 4669 sancto,
2849 4617 3006 4672 quem
3044 4603 3227 4659 decem
3258 4605 3446 4669 diebus
3474 4624 3621 4666 com-

2030 4692 2185 4763 pletis
2213 4702 2332 4762 post
2359 4693 2723 4749 ascensionem
2749 4709 2898 4755 suam
2928 4696 3176 4766 desuper,
3200 4706 3256 4759 ut
3280 4702 3615 4773 promiserat,

2031 4782 2176 4836 misit
2197 4781 2327 4853 (Act.
2347 4799 2403 4851 ιι,
2430 4784 2566 4856 1-4),
2586 4784 2977 4839 nondefucruut
2995 4787 3126 4842 tales
3141 4788 3405 4858 vindictae,
3427 4808 3616 4864 quam-

2031 4874 2110 4929 vis
2132 4874 2296 4928 multo
2319 4876 2489 4930 rarius
2510 4890 2665 4946 quam
2692 4875 2742 4930 iu
2770 4875 2948 4932 Veteri
2979 4877 3338 4936 Testamento.
3372 4881 3449 4937 lbi
3474 4885 3617 4943 enim

2031 4980 2096 5019 ex
2144 4965 2345 5035 majore
2375 4976 2523 5037 parte
2566 4967 2856 5023 servientes
2884 4969 3071 5025 timore
3102 4972 3501 5041 premebantur;
3532 4975 3618 5035 hic

2028 5068 2206 5113 autem
2235 5059 2464 5123 tnaxime
2493 5058 2776 5115 dilectione
2806 5061 2958 5115 liberi
2987 5062 3374 5120 nutriebantur.
3400 5065 3535 5123 Nam
3563 5079 3617 5125 et

2030 5151 2205 5205 verbis
2234 5151 2460 5221 apostoli
2502 5151 2646 5205 Petri
2698 5153 2929 5207 Ananias
2972 5161 3027 5208 et
3068 5169 3203 5209 uxor
3229 5156 3365 5226 ejus,
3398 5157 3535 5214 sicut
3562 5161 3615 5216 in

2032 5244 2248 5299 Actibus
2276 5244 2655 5316 Apostolorum
2685 5244 2909 5315 legimus
2929 5288 2943 5313 ,
2976 5247 3247 5304 exanimes
3272 5250 3612 5321 ceciderunt,

2031 5357 2129 5397 nec
2152 5342 2451 5397 resuscitati
2479 5350 2621 5407 sunt,
2648 5340 2743 5397 sed
2771 5341 2961 5412 sepulti
2997 5340 3104 5417 (Id.
3137 5359 3191 5411 v,
3222 5344 3396 5415 1-10).

2101 5434 2189 5489 65.
2230 5430 2337 5489 Sed
2381 5433 2428 5489 si
2458 5432 2578 5487 huic
2610 5433 2745 5487 libro
2777 5432 3011 5489 haeretici
3042 5435 3116 5506 (α)
3145 5435 3235 5506 qui
3262 5436 3609 5495 adversantur

2028 5527 2209 5583 Veteri
2222 5527 2584 5593 Testamento,
2607 5525 2794 5585 nolunt
2819 5525 3056 5594 credere,
3079 5527 3297 5583 Paulum
3312 5532 3611 5599 apostolum

2029 5636 2187 5693 quem
2221 5619 2498 5676 nobiscum
2529 5618 2729 5689 legunt,
2764 5618 3066 5677 intueantur
3092 5618 3353 5679 dicentem
3381 5620 3446 5676 de
3474 5637 3610 5692 quo-

2029 5717 2151 5774 dam
2174 5725 2450 5786 peccatore
2474 5731 2631 5789 quem
2658 5713 2873 5781 tradidit
2896 5723 3093 5773 satatue
3118 5712 3173 5769 in
3200 5716 3464 5775 interitum
3488 5731 3606 5774 car-

2090 5924 2164 5981 (a)
2199 5917 2457 5969 Manichaii.
