4042 6358
500 393 641 452 1263

500 513 613 576 nis,
644 521 698 564 ut
721 513 892 566 anima
924 511 1063 564 salua
1087 509 1152 564 sit
1178 507 1222 580 (ι
1246 506 1365 564 Cor.
1395 524 1449 575 v,
1477 508 1553 578 5).
1594 507 1662 562 Et
1689 506 1730 560 si
1762 506 1948 560 nolunt
1983 503 2070 559 hic

499 614 723 658 mortem
746 603 1036 673 intelligere
1057 600 1300 673 (fortasse
1313 600 1454 656 enim
1467 600 1723 654 incertum
1744 598 1868 669 est),
1886 612 2070 668 quam-

499 692 631 748 libet
658 693 938 748 vindictam
968 707 1062 762 per
1085 699 1321 745 satanam
1362 689 1554 745 factam
1595 690 1663 746 ab
1696 688 1951 759 Apostolo
1987 688 2070 743 fac
2100 741 2104 746 .

500 793 708 839 teantur
737 803 749 838 :
779 784 917 854 quod
943 799 1048 838 non
1071 799 1191 837 eum
1220 783 1341 836 odio
1360 823 1374 847 ,
1409 781 1502 836 sed
1531 796 1709 837 amore
1737 779 1923 836 fecisse
1951 794 2068 834 ma-

496 875 714 931 nifestat
737 875 862 928 illud
900 875 1188 944 adjectum,
1209 883 1264 927 ut
1291 873 1461 926 anima
1489 872 1627 926 salva
1650 875 1733 925 sit.
1764 871 1868 926 Aut
1893 871 1944 924 in
1966 870 2070 924 illis

495 964 644 1019 libris
692 964 880 1034 quibus
936 964 1035 1034 ipsi
1090 977 1332 1034 magnam
1379 962 1612 1017 tribuunt
1665 961 2062 1026 auctoritatem,

493 1053 914 1108 aniciadvertant
936 1053 1074 1122 quod
1119 1053 1376 1120 dicimus,
1425 1053 1514 1107 ubi
1553 1051 1805 1120 scriptum
1833 1060 1914 1106 est
1937 1065 2068 1121 apo-

492 1145 684 1200 stolum
733 1145 990 1200 Thomam
1037 1146 1380 1216 imprecatum
1409 1144 1617 1200 cuidam
1639 1185 1653 1211 ,
1693 1159 1723 1198 a
1751 1159 1859 1214 quo
1894 1144 2068 1213 palma

492 1251 775 1305 percussus
826 1247 1006 1302 esset,
1057 1238 1400 1293 atrocissimas
1475 1237 1661 1292 mortis
1707 1235 2019 1306 supplicium
2048 1276 2064 1302 ,

491 1328 667 1382 anima
691 1337 865 1382 tamen
891 1329 1006 1398 ejus
1028 1329 1416 1396 commendata,
1443 1337 1500 1382 ut
1519 1329 1570 1382 in
1598 1327 1774 1382 futuro
1797 1327 1848 1382 ei
1871 1326 2067 1383 mulo

489 1429 796 1489 parceretur
834 1437 847 1472 :
877 1420 1026 1490 cujus
1053 1435 1082 1474 a
1113 1421 1265 1476 leone
1301 1419 1494 1486 occisi,
1537 1435 1568 1473 a
1607 1427 1802 1474 extero
1842 1434 2068 1488 corpore

491 1509 810 1580 discerptam
837 1527 1052 1566 manum
1079 1512 1224 1568 canis
1251 1512 1426 1566 intulit
1443 1511 1709 1566 mensis-in
1729 1511 1919 1580 quibus
1938 1525 2066 1566 con-

491 1605 762 1659 vivahatur
789 1605 1091 1674 Apostolus.
1133 1605 1553 1693 (adscriptum
1593 1603 1718 1658 licet
1765 1603 1917 1658 nobis
1956 1618 2064 1658 non

487 1695 706 1750 credere
728 1712 742 1762 ;
772 1711 874 1750 non
897 1707 979 1751 est
1007 1697 1149 1751 enim
1177 1697 1230 1750 in
1251 1695 1510 1751 catholico
1530 1709 1766 1750 canone:
1788 1694 1863 1748 illi
1885 1703 2065 1750 tamen

488 1799 606 1840 eam
635 1796 688 1840 et
715 1787 893 1857 legunt
911 1827 927 1853 ,
958 1795 1012 1842 et
1037 1797 1282 1856 tanquam
1311 1785 1817 1856 incorruptissimam
1845 1787 2061 1842 verissi-

489 1890 735 1946 mamque
765 1875 1048 1940 honorant,
1075 1879 1167 1947 qui
1193 1877 1447 1932 adversus
1475 1876 1780 1946 corporales
1805 1875 2063 1931 vindictas

485 1982 601 2036 qua:
626 1976 748 2022 sunt
785 1968 838 2022 in
865 1967 1044 2024 Veteri
1072 1968 1410 2023 Testamento
1432 2009 1447 2035 ,
1488 1969 1670 2024 nescio
1695 1984 1798 2039 qua
1826 1969 2063 2024 carcitate

485 2059 742 2112 acerrime
786 2060 1042 2126 saeviunt,
1085 2074 1192 2129 quo
1236 2060 1413 2114 animo
1456 2069 1510 2114 et
1551 2075 1653 2130 qua
1695 2061 2063 2116 distributione

487 2158 786 2219 temporum
813 2150 963 2206 facta;
989 2153 1094 2206 sint
1121 2153 1337 2207 omnino
1362 2154 1678 2208 nescientes.

556 2241 643 2296 66.
686 2240 975 2298 Tenebitur
997 2231 1124 2314 ergo
1148 2243 1200 2298 in
1223 2243 1323 2299 hoc
1345 2245 1654 2314 injuriarum
1679 2261 1892 2316 genere,
1917 2245 2059 2316 quod

484 2348 580 2403 per
625 2323 908 2396 vindictam
953 2335 1150 2402 luitur,
1198 2337 1298 2392 iste
1332 2351 1363 2391 a
1391 2336 1701 2415 Christianis
1727 2338 1912 2394 modus
1932 2340 1970 2406 ί,
2004 2347 2061 2394 ut

483 2436 697 2496 accepta
727 2427 917 2497 injuria
945 2444 1049 2482 non
1079 2437 1260 2499 surgat
1287 2432 1339 2484 in
1365 2429 1544 2484 odium
1564 2473 1578 2497 ,
1607 2431 1701 2487 sed
1739 2432 2058 2489 inﬁrmitatis

440 2585 442 2588 ν
483 2518 846 2573 misericordia
891 2509 1106 2588 paratus
1148 2520 1217 2574 sit
1261 2520 1466 2575 animus
1507 2522 1658 2591 plura
1698 2522 1931 2593 perpeti;
1959 2538 2060 2579 nec

481 2608 862 2664 correctionem
887 2609 1147 2679 negligat,
1180 2625 1282 2679 qua
1309 2611 1389 2663 vel
1417 2612 1657 2676 consilio,
1702 2612 1787 2666 vcl
1825 2615 2055 2668 auctori-

483 2707 610 2766 tate,
636 2700 720 2755 vel
750 2709 1008 2769 potestate
1033 2700 1108 2754 uti
1133 2710 1324 2770 potest.
1357 2701 1514 2757 Aliud
1543 2703 1850 2772 injuriarum
1891 2721 2057 2775 genus

479 2800 580 2854 est,
604 2792 744 2862 quod
767 2793 818 2847 in
847 2793 1109 2862 integrum
1135 2793 1338 2848 restitui
1369 2801 1576 2863 potest:
1607 2796 1756 2866 cujus
1783 2797 1902 2874 duze
1931 2812 2055 2869 spe-

480 2881 588 2937 cies
611 2924 624 2949 ,
673 2897 777 2938 una
820 2882 886 2936 ad
915 2885 1189 2954 pecuniam
1209 2926 1224 2951 ,
1267 2885 1431 2940 altera
1460 2885 1525 2940 ad
1563 2902 1775 2957 operam
1805 2889 2053 2958 pertinet.

478 2971 810 3041 Quapropter
831 2973 967 3027 illius
993 2973 1059 3028 de
1082 2975 1252 3029 tunica
1279 2985 1332 3030 et
1354 2977 1687 3046 vestimento,
1706 2978 1860 3048 hujus
1880 2979 1946 3034 de
1960 2995 2057 3034 an-

477 3063 620 3133 garia
653 3064 797 3118 mille
829 3079 1076 3132 passuum
1103 3075 1155 3119 et
1179 3065 1338 3120 duum
1365 3067 1588 3123 millium
1615 3071 1855 3138 exempla
1879 3071 2056 3140 subje-

478 3164 562 3211 cta
589 3165 712 3210 sunt
736 3175 748 3211 :
775 3156 894 3224 quia
921 3167 974 3212 et
1009 3157 1157 3212 reddi
1188 3160 1557 3214 vestimentum
1584 3170 1789 3231 potest;
1815 3171 1870 3217 et
1896 3179 2054 3234 quem

479 3245 743 3316 adjuvcris
768 3262 931 3316 opera
956 3289 969 3310 ,
1001 3258 1176 3318 potest
1201 3258 1250 3302 te
1279 3251 1436 3304 etiam
1467 3251 1600 3320 ipse,
1627 3253 1672 3306 si
1691 3267 1834 3322 .Opus
1874 3253 2051 3322 fuerit,

477 3335 748 3406 adjuvare.
789 3336 897 3391 Nisi
933 3337 1069 3392 forte
1097 3338 1168 3392 ita
1198 3339 1373 3409 potius
1410 3339 1833 3411 distinguendum
1863 3354 1972 3410 est,
1999 3353 2056 3400 ut

477 3428 623 3496 prius
659 3427 796 3497 quod
837 3429 1064 3497 positum
1108 3437 1191 3484 est
1230 3429 1296 3483 de
1339 3445 1588 3501 percussa
1617 3434 1849 3500 maxilla,
1877 3436 2054 3490 omnia

476 3519 738 3588 signiﬁcet
761 3535 878 3588 quae
905 3520 981 3574 sic
1015 3521 1326 3592 ingeruntur
1356 3523 1421 3577 ab
1454 3523 1726 3594 improbis,
1755 3534 1813 3579 ut
1851 3526 2055 3582 restitui

476 3626 584 3664 non
609 3611 816 3682 possint
845 3613 942 3666 nisi
968 3613 1196 3684 vindicta
1222 3615 1539 3670 :secundum
1561 3617 1703 3686 quod
1725 3619 1949 3688 positum
1971 3630 2054 3676 est

479 3699 548 3754 de
593 3702 910 3757 vestimento
944 3703 1120 3757 omnia
1160 3704 1417 3775 signiﬁcet
1455 3721 1574 3776 quae
1603 3718 1822 3776 possunt
1850 3709 2053 3764 restitui

403 3858 405 3860 η
481 3790 594 3848 sine
618 3792 879 3858 vindicta;
909 3802 962 3848 et
995 3793 1116 3849 ideo
1153 3793 1288 3850 forte
1316 3795 1550 3850 additum
1577 3807 1686 3864 est,
1721 3797 1820 3864 Qui
1842 3801 2054 3856 voluerit

483 3889 639 3933 tecum
667 3882 863 3951 judicio
892 3883 1218 3951 contendere,
1245 3887 1366 3956 quia
1399 3887 1538 3957 quod
1567 3903 1662 3957 per
1677 3889 1933 3958 judicium
1959 3906 2054 3945 au-

476 3969 666 4034 fertur,
687 3987 791 4026 non
808 3987 870 4027 ea
883 3974 931 4026 vi
951 3983 1162 4043 putatur
1172 3976 1385 4042 auferri,
1404 3980 1488 4032 cui
1509 3980 1734 4034 vindicta
1759 3981 2047 4038 debeatur:

476 4063 691 4118 tertium
717 4079 844 4119 vero
871 4080 935 4120 ex
962 4074 1185 4136 utroque
1210 4067 1507 4122 confectum
1534 4071 1620 4134 sit,
1651 4081 1780 4126 utet
1797 4074 1912 4128 sine
1939 4076 2054 4131 vin-

481 4153 615 4209 dicta
642 4165 696 4209 et
723 4171 843 4210 cum
870 4156 1098 4211 vindicta
1125 4158 1293 4228 possit
1318 4161 1544 4216 restitui.
1575 4162 1704 4216 Nam
1725 4165 1815 4234 qui
1835 4181 2050 4236 operam

475 4245 762 4300 indebitam
787 4247 1047 4304 violenter
1074 4249 1234 4319 exigit
1253 4250 1367 4306 sine
1390 4251 1500 4306 ullo
1519 4253 1738 4323 judicio,
1767 4256 1903 4312 sicut
1928 4258 2052 4314 facit

474 4337 566 4406 qui
593 4337 832 4407 angariat
854 4337 1122 4394 hominem
1141 4339 1397 4410 improbe,
1426 4352 1479 4397 et
1503 4347 1642 4415 cogit
1667 4362 1726 4401 se
1749 4347 1929 4404 illicite
1951 4350 2049 4404 ad-

471 4430 645 4500 juvari
673 4431 740 4484 ab
763 4432 947 4498 invito,
967 4441 1020 4488 et
1047 4447 1258 4502 poenam
1302 4435 1652 4505 improbitatis
1681 4449 1853 4508 potest
1879 4441 2047 4508 luere,

479 4529 536 4575 et
573 4535 788 4591 operam
803 4521 1027 4576 reddere
1045 4563 1059 4589 ,
1087 4523 1133 4577 si
1159 4523 1294 4579 hanc
1319 4525 1405 4580 ille
1421 4536 1623 4596 repetat
1637 4529 1726 4598 qui
1752 4530 2046 4600 improbqu

477 4611 712 4679 pertulit.
763 4612 819 4665 In
867 4612 951 4666 his
990 4627 1118 4683 ergo
1158 4614 1406 4670 omnibus
1433 4619 1713 4688 generibus
1741 4621 2047 4690 injuriarum

479 4703 735 4758 Dominus
755 4703 911 4758 docet
933 4705 1368 4774 patientissimum
1393 4717 1447 4762 et
1473 4710 2046 4783 misericordissimum,

472 4803 531 4852 et
547 4795 612 4850 ad
628 4795 777 4865 plura
792 4795 1102 4866 perferenda
1119 4799 1506 4867 paratissimum
1522 4804 1755 4860 animum
1777 4806 2048 4864 christiani

473 4902 594 4944 esse
618 4898 880 4957 oportere.
1027 4879 1030 4882 ’

550 4981 639 5036 67.
679 4981 785 5037 Sed
811 4983 1056 5051 quoniam
1078 4997 1262 5053 parum
1284 4993 1366 5040 est
1392 5001 1498 5040 non
1523 5002 1736 5056 nocere,
1757 4991 1860 5046 nisi
1889 4994 2047 5050 etiam

475 5084 699 5141 praestes
727 5075 1043 5131 beneﬁcium
1067 5086 1318 5147 quantum
1341 5089 1517 5149 potes,
1546 5093 1930 5153 consequenter
1953 5087 2047 5141 ad-

470 5165 676 5235 jungit,
705 5175 757 5219 et
801 5166 971 5222 dicit:
1002 5166 1154 5222 Omni
1190 5172 1371 5239 petenti
1413 5182 1459 5225 te
1505 5173 1602 5235 da,
1631 5183 1676 5228 et
1716 5176 1802 5246 qni
1841 5178 2047 5234 voluerit

477 5256 696 5308 mutuari
730 5272 763 5308 a
805 5265 884 5321 te,
915 5273 977 5310 ne
1019 5269 1274 5313 aversatus
1301 5261 1482 5330 fueris.
1523 5262 1676 5318 Omni
1715 5268 1932 5336 petenti,
1962 5269 2045 5324 in-

475 5347 616 5413 quit;
646 5360 785 5413 non,
815 5347 992 5401 omnia
1030 5349 1225 5418 petenti
1250 5366 1262 5402 :
1287 5361 1342 5405 ut
1384 5352 1435 5406 id
1464 5353 1558 5409 des
1600 5356 1738 5424 quod
1777 5362 1903 5412 dare
1946 5359 2044 5415 ho-

477 5444 626 5490 neste
651 5445 704 5491 et
741 5437 884 5506 juste
911 5446 1080 5507 potes.
1121 5439 1257 5506 Quid
1301 5443 1346 5496 si
1373 5445 1514 5499 enim
1544 5449 1822 5518 pecuniam
1861 5457 2043 5520 petat,

477 5540 578 5592 qua
605 5527 936 5584 innocentem
956 5540 1180 5586 conetur
1204 5535 1536 5602 opprimere?
1561 5540 1685 5608 quid
1706 5541 1752 5595 si
1775 5553 2046 5612 postremo

481 5623 720 5684 stuprum
749 5619 928 5688 petat?
972 5617 1077 5674 Sed
1107 5636 1175 5676 ne
1220 5624 1385 5679 multa
1423 5642 1708 5699 persequar
1749 5647 1866 5702 quae
1922 5644 2046 5691 sunt

439 5786 441 5789 -
476 5728 688 5806 “359?:
719 5728 948 5806 ίῗὲξνμίδκ
1261 5737 1446 5806 W41”-
1465 5740 1608 5791 Paulo
1621 5749 1743 5806 Ροθιι
1761 5746 1810 5794 in
1825 5749 2047 5802 omnibus

476 5783 585 5838 fere
602 5795 727 5852 uss,
743 5783 907 5854 surgat
927 5783 1445 5858 mensismensis;
1457 5783 1811 5867 Eéﬁ'dé’nél

1309 389 1397 449 DE
1432 389 1750 450 SERMONE
1787 386 2020 446 DOMINI
2055 386 2125 446 IN
2160 385 2414 454 MONTE,
2455 385 2516 443 S.
2555 383 2926 444 AUGUSTINI

3600 387 3742 450 1264

2180 501 2578 576 innumerabilia
2595 544 2611 570 ,
2651 501 2703 556 id
2729 500 2965 572 profecto
2989 499 3219 556 dandum
3242 509 3326 558 est
3354 503 3495 574 quod
3520 519 3620 562 nec
3647 507 3742 565 tibi

2177 609 2276 650 nec
2301 595 2450 649 alteri
2475 602 2706 661 noceat,
2730 604 2980 664 quantum
3006 595 3129 650 sciri
3149 603 3240 650 aut
3266 596 3412 652 credi
3435 597 3503 652 ab
3528 597 3741 656 homine

2176 695 2350 755 potest
2373 703 2385 739 :
2409 695 2462 740 et
2484 686 2568 740 cui
2609 685 2749 756 juste
2773 687 3050 756 negaveris
3087 687 3226 756 quod
3267 688 3430 758 petit,
3461 689 3741 747 indicanda

2175 784 2257 830 est
2301 777 2412 846 ipsa
2453 776 2690 846 justitia,
2718 785 2775 832 ut
2816 792 2920 832 non
2957 791 3078 832 eum
3122 778 3332 834 inanem
3366 779 3625 836 dimittas.
3665 781 3742 840 Ita

2175 866 2319 921 omni
2356 867 2555 936 petenti
2596 876 2647 922 te
2669 867 2819 922 dabis
2839 907 2853 932 ,
2880 867 3119 937 quamvis
3147 884 3252 923 non
3279 883 3490 940 semper
3515 872 3568 926 id
3601 873 3742 942 quod

2174 958 2303 1027 petit
2329 957 2512 1021 dabis;
2546 966 2600 1012 et
2635 957 2918 1027 aliquando
2957 959 3147 1016 melius
3186 961 3383 1032 aliquid
3408 962 3592 1031 dabis,
3619 979 3740 1020 cum

2171 1058 2439 1119 petentem
2469 1050 2664 1121 injusta
2689 1050 3007 1106 correxeris.

2243 1141 2328 1196 68.
2370 1141 2522 1208 Quod
2561 1150 2758 1210 autem,
2781 1142 2873 1205 ait,
2892 1141 2992 1208 Qui
3014 1143 3224 1198 uoluerit
3255 1161 3288 1199 a
3323 1153 3369 1199 te
3401 1148 3652 1216 mutuari,
3681 1165 3744 1202 nc

2171 1243 2429 1290 auersatus
2457 1235 2646 1306 fueris;
2673 1235 2740 1289 ad
2755 1235 2990 1290 animum
3019 1236 3354 1293 referendum
3379 1247 3483 1295 est.
3509 1240 3744 1296 Hilarem

2171 1327 2312 1382 enim
2354 1327 2594 1383 datorem
2621 1327 2792 1398 diligit
2839 1327 2978 1384 Deus
2999 1328 3068 1401 (ll
3108 1328 3436 1404 Cor.1x,7).
3479 1333 3746 1390 Mutuatur

2169 1427 2344 1473 autem
2373 1419 2547 1474 omnis
2575 1418 2664 1488 qui
2705 1419 2917 1490 accipit,
2942 1421 3100 1476 etiam
3131 1422 3177 1477 si
3214 1437 3320 1478 non
3345 1424 3458 1494 ipse
3475 1425 3744 1482 soluturus

2169 1520 2251 1566 est
2275 1530 2287 1566 :
2310 1527 2431 1566 cum
2457 1512 2598 1566 enim
2637 1512 3066 1568 misericordibus
3111 1515 3249 1570 Deus
3277 1516 3429 1586 plura
3463 1520 3740 1588 restituat,

2171 1603 2346 1657 omnis
2370 1603 2459 1672 qui
2489 1603 2801 1658 beneﬁcium
2825 1613 3040 1673 praestat
3059 1647 3074 1671 ,
3101 1605 3396 1662 feneratur.
3428 1609 3535 1663 Aut
3563 1611 3609 1664 si
3638 1625 3742 1665 non

2167 1694 2338 1764 placet
2355 1694 2598 1764 accipere
2619 1703 2944 1751 mutuantem
2968 1695 3069 1750 nisi
3097 1712 3220 1752 eum
3241 1698 3331 1768 qui
3358 1699 3551 1769 accipit
3569 1700 3742 1755 reddi-

2168 1791 2339 1851 turus,
2360 1783 2756 1854 intelligendum
2773 1794 2854 1840 est
2870 1785 3148 1840 Dominum
3167 1787 3271 1840 duo
3284 1788 3393 1856 ipsa
3410 1803 3602 1858 genera
3616 1804 3741 1858 prm-

2165 1873 2341 1929 standi
2383 1889 2502 1929 esse
2542 1875 2892 1945 complexum.
2930 1875 3168 1946 Namque
3195 1885 3286 1931 aut
3314 1876 3575 1933 donamus
3598 1879 3740 1950 quod

2167 1963 2356 2020 damus
2382 1965 2658 2031 benevole,
2684 1975 2774 2020 aut
2799 1965 3068 2022 reddituro
3093 1967 3510 2026 commodamus.
3542 1969 3611 2023 Et
3627 1971 3739 2038 ple-

2166 2070 2389 2125 rumque
2410 2056 2677 2124 homines,
2697 2057 2786 2127 qui
2805 2058 3077 2128 pr0posito
3093 2058 3271 2118 divino
3291 2061 3512 2128 praemio
3538 2061 3739 2117 donare

2163 2149 2331 2216 parati
2377 2158 2536 2218 sunt,
2565 2148 2631 2202 ad
2674 2148 2903 2202 dandum
2946 2148 3084 2218 quod
3115 2159 3355 2204 mutuum
3387 2151 3578 2221 petitur
3606 2153 3737 2223 pigri

2165 2238 2332 2303 ﬁunt,
2364 2238 2512 2308 quasi
2538 2239 2667 2293 nihil
2696 2242 2958 2309 recepturi
2987 2255 3018 2294 a
3047 2241 3157 2296 Deo
3177 2282 3193 2308 ,
3221 2256 3341 2296 cum
3363 2257 3473 2297 rem
3503 2258 3620 2312 quae
3644 2243 3740 2298 da-

2163 2337 2266 2393 tur,
2293 2329 2382 2384 ille
2405 2329 2495 2398 qui
2518 2329 2710 2399 accipit
2736 2331 2991 2386 exsolvat.
3018 2331 3183 2387 Recte
3213 2332 3390 2402 itaque
3417 2333 3482 2389 ad
3509 2333 3612 2390 hoc
3639 2335 3737 2390 be-

2161 2419 2335 2474 neﬁcii
2368 2419 2631 2476 tribuendi
2658 2435 2826 2491 genus
2853 2436 2951 2476 nos
2986 2421 3163 2477 divina
3187 2423 3430 2479 hortatur
3451 2427 3737 2482 auctoritas

2161 2495 2359 2578 dicens,
2383 2510 2449 2565 Et
2472 2513 2558 2582 qui
2578 2512 2785 2566 uoluerit
2802 2529 2834 2566 a
2853 2521 2900 2566 te
2924 2515 3164 2579 mutuari,
3182 2531 3246 2569 ne
3263 2526 3517 2571 aversatus
3540 2519 3694 2588 fueris
3711 2534 3732 2573 :

2161 2602 2214 2657 id
2235 2612 2347 2670 est,
2377 2618 2444 2658 ne
2495 2613 2772 2674 propterea
2817 2605 3142 2662 voluntatem
3190 2609 3390 2664 alienes
3431 2611 3500 2665 ab
3537 2626 3606 2667 eo
3643 2611 3733 2682 qui

2160 2696 2319 2763 petit,
2345 2697 2465 2766 quia
2506 2705 2561 2751 et
2588 2699 2810 2767 pecunia
2840 2707 2926 2753 tua
2969 2701 3238 2770 vacabit‘,
3270 2712 3324 2758 et
3347 2703 3487 2759 Deus
3511 2705 3607 2760 tibi
3631 2721 3736 2762 non

2159 2787 2460 2842 redditurus
2485 2797 2600 2857 est,
2629 2804 2750 2843 cum
2779 2789 2939 2846 homo
2967 2790 3282 2860 reddiderit;
3313 2793 3408 2849 sed
3444 2810 3566 2849 cum
3596 2795 3647 2850 id
3671 2811 3734 2851 ex

2160 2889 2426 2947 praecepto
2456 2878 2550 2934 Dei
2590 2878 2754 2944 iacis,
2781 2881 2920 2949 apud
2963 2879 3109 2936 illum
3153 2883 3243 2952 qui
3285 2883 3400 2939 htec
3441 2885 3619 2955 jubet,
3649 2885 3733 2941 in-

2159 2957 2488 3023 fructuosum
2515 2983 2633 3024 esse
2662 2985 2770 3026 non
2800 2979 2993 3040 potest.

2227 3058 2451 3116 CAPUT
2464 3060 2771 3117 XXl.—69.
2786 3063 2984 3120 Deinde
2996 3064 3058 3118 ad
3063 3065 3249 3136 jungit,
3269 3075 3323 3122 et
3335 3065 3463 3124 dicit
3479 3085 3492 3121 :
3507 3069 3728 3126 Audistis

2156 3152 2276 3220 quia
2295 3151 2480 3205 dictant
2499 3162 2589 3218 est,
2606 3152 2801 3224 Diliges
2824 3157 3106 3225 proximum
3125 3166 3284 3225 tuum,
3308 3167 3353 3212 et
3373 3159 3538 3214 oderis
3563 3161 3730 3215 inimi-

2159 3256 2273 3293 cum
2292 3252 2450 3295 tuum.
2466 3241 2575 3314 Ego
2591 3253 2757 3297 autem
2772 3245 2885 3298 dico
2904 3245 3056 3312 vobis,
3075 3246 3267 3319 diligite
3281 3249 3506 3305 inimicos
3523 3261 3726 3320 vestros,

2157 3331 2426 3404 benefacite
2441 3334 2518 3388 his
2533 3334 2619 3404 qui
2632 3351 2716 3388 vos
2737 3335 2968 3405 oderunt,
2987 3346 3030 3390 et
3057 3347 3196 3392 orate
3211 3355 3303 3408 pro
3319 3340 3390 3394 eis
3409 3342 3496 3410 qui
3509 3357 3594 3396 vos
3614 3359 3728 3411 per-

2157 3434 2428 3494 sequuntur
2447 3441 2464 3480 :
2483 3436 2536 3479 ut
2559 3428 2667 3480 sitis
2692 3427 2788 3496 ﬁlii
2813 3426 2984 3482 Patris
3009 3431 3155 3484 vestri
3181 3432 3269 3500 qui
3291 3433 3343 3486 in
3368 3432 3504 3486 caelis
3529 3441 3621 3499 est,
3643 3434 3728 3502 qui

2155 3516 2311 3570 solem
2323 3533 2467 3570 suum
2485 3518 2605 3571 oriri
2611 3519 2752 3590 jubet
2766 3535 2914 3590 super
2935 3520 3086 3575 bonos
3102 3530 3148 3574 ct
3168 3522 3343 3588 malos,
3364 3533 3410 3576 et
3435 3523 3565 3593 pluit
3579 3540 3729 3592 super

2146 3607 2317 3676 justas
2345 3617 2388 3662 et
2427 3609 2660 3679 injustas.
2702 3609 2764 3663 Si
2792 3611 2923 3663 enim
2961 3611 3235 3666 dilexeritis
3278 3629 3360 3667 eos
3389 3614 3474 3682 qui
3493 3630 3580 3667 vos
3608 3615 3727 3668 dili-

2155 3706 2298 3767 gunt,
2324 3715 2474 3767 quam
2500 3699 2773 3753 mercedem
2794 3701 3069 3756 habebitis?
3088 3719 3252 3756 nonne
3264 3713 3310 3757 et
3337 3702 3608 3757 Publicani
3630 3706 3722 3758 hoc

2156 3785 2388 3856 faciunt?
2416 3787 2483 3841 Et
2513 3790 2557 3842 si
2585 3789 2916 3846 salutaveritis
2943 3793 3122 3862 fratres
3142 3802 3326 3848 uestros
3350 3802 3547 3848 tantum
3566 3837 3579 3860 ,
3603 3794 3722 3864 quid

2156 3882 2375 3950 amplius
2400 3882 2602 3952 facitis?
2629 3899 2794 3938 nonne
2834 3894 2881 3938 et
2922 3883 3132 3939 Ethnici
3155 3887 3246 3939 hoc
3289 3876 3459 3955 ipsum
3496 3887 3728 3956 faciunt?

2153 3971 2330 4028 Estote
2345 3989 2464 4044 ergo
2492 3989 2576 4028 vos
2596 3975 2823 4046 perfecti,
2848 3975 2972 4030 sicut
3001 3984 3046 4030 et
3071 3974 3225 4031 Pater
3247 3986 3406 4031 uester
3436 3979 3522 4048 qui
3549 3979 3603 4032 in
3624 3993 3726 4033 cae-

2155 4063 2216 4117 lis
2235 4074 2340 4132 est,
2380 4069 2628 4136 perfectus
2669 4075 2761 4120 est.
2805 4065 2936 4122 Nam
2981 4067 3097 4124 sine
3139 4069 3237 4122 ista
3277 4059 3600 4135 dileCtione,
3626 4083 3726 4140 qua

2154 4155 2311 4210 etiam
2353 4156 2594 4213 inimicos
2621 4167 2674 4214 et
2702 4170 3069 4229 persecutores
3095 4171 3306 4217 nostros
3325 4160 3549 4232 diligere
3570 4163 3726 4232 jube-

2153 4263 2292 4316 mur,
2323 4263 2384 4303 ea
2407 4265 2526 4320 qua:
2550 4252 2792 4320 superius
2820 4252 2960 4308 dicta
2981 4262 3106 4308 sunt
3130 4254 3353 4322 implere
3376 4255 3494 4323 quis
3521 4254 3726 4324 potest?

2153 4339 2412 4396 Perfectio
2436 4350 2610 4398 autem
2637 4343 3016 4400 misericordiae
3036 4386 3051 4413 ,
3085 4361 3185 4416 qua
3216 4347 3500 4416 plurimum
3529 4349 3725 4404 animae

2153 4432 2417 4488 laboranti
2447 4435 2758 4504 consulitur,
2778 4436 2914 4490 ultra
2935 4436 3271 4494 dilectionem
3302 4439 3499 4494 inimici
3529 4439 3730 4510 porrigi

2153 4537 2255 4577 non
2285 4532 2484 4592 potest;
2515 4534 2570 4580 et
2593 4525 2714 4581 ideo
2739 4527 2816 4581 sic
2840 4527 3102 4582 clauditur
3127 4546 3139 4582 :
3167 4527 3339 4583 Estote
3361 4546 3479 4600 ergo
3506 4517 3594 4584 uos
3615 4547 3730 4600 per-

2153 4613 2298 4683 fecti,
2327 4614 2450 4667 sicut
2470 4624 2516 4668 et
2545 4613 2701 4669 Pater
2725 4625 2880 4670 vester
2901 4617 2985 4683 qui
3007 4618 3061 4671 in
3081 4617 3218 4673 caelis
3243 4628 3316 4673 est
3331 4659 3345 4684 ,
3369 4623 3616 4690 perfectus
3633 4628 3725 4675 est.

2152 4702 2227 4757 Ita
2278 4712 2450 4758 tamen
2495 4713 2555 4759 ut
2593 4705 2734 4761 Deus
2782 4707 3106 4778 intelligatur
3157 4708 3426 4778 perlectus
3475 4719 3727 4782 tanquam

2152 4781 2321 4862 Deus,
2346 4803 2400 4850 et
2424 4795 2597 4850 anima
2624 4795 2854 4865 perfecta
2879 4806 3131 4868 tanquam
3157 4799 3357 4854 anima.

2223 4883 2309 4938 70.
2350 4885 2582 4940 Gradum
2609 4894 2786 4942 tamen
2823 4883 3212 4961 esse‘aliquem
3251 4888 3308 4946 in
3336 4889 3728 4949 Pharisaeorum

2146 4974 2376 5044 justitia,
2407 4992 2524 5046 qua:
2551 4977 2617 5032 ad
2647 4978 2840 5050 Legem
2866 4990 3101 5036 veterem
3127 4982 3388 5052 pertinet,
3414 4981 3542 5038 hinc
3569 4983 3725 5038 intel-

2153 5067 2350 5138 ligitur,
2365 5069 2506 5139 quod
2522 5071 2672 5126 multi
2691 5070 2931 5128 homines
2949 5088 3045 5129 eos
3061 5074 3218 5128 etiam
3241 5088 3271 5127 a
3295 5074 3488 5145 quibus
3502 5075 3730 5146 diligun-

2153 5167 2240 5212 tur
2262 5158 2520 5226 oderunt;
2548 5163 2682 5216 sicut
2707 5162 2961 5218 luxuriosi
3012 5164 3105 5218 ﬁlii
3135 5173 3381 5234 parentes
3405 5165 3727 5222 coercitores

2153 5249 2374 5304 luxuria:
2390 5265 2499 5305 suae
2519 5269 2532 5307 :
2551 5253 2788 5308 ascendit
2802 5269 2928 5324 ergo
2948 5255 3176 5326 aliquem
3198 5255 3420 5327 gradum
3440 5256 3535 5327 qui
3554 5255 3742 5326 praxis

2153 5355 2297 5394 mum
2343 5341 2546 5412 diligit,
2576 5345 2815 5413 quamvis
2849 5345 3031 5401 adhuc
3071 5346 3244 5402 oderit
3271 5348 3569 5402 inimicum.
3600 5347 3726 5417 Ejus

2153 5442 2324 5486 autem
2347 5433 2568 5503 imperio
2581 5475 2596 5500 ,
2620 5437 2708 5506 qui
2724 5438 2868 5492 venit
2883 5438 3076 5510 Legem
3099 5439 3323 5510 implere
3335 5480 3352 5508 ,
3373 5455 3479 5496 non
3497 5440 3722 5507 solvere,

2153 5520 2391 5590 perﬁciet
2438 5523 2856 5582 benevolentiam
2902 5536 2957 5584 et
2998 5529 3402 5599 benignitatem,
3443 5545 3567 5585 cum
3606 5543 3720 5585 eam

2153 5627 2320 5683 usque
2346 5613 2410 5667 ad
2435 5615 2632 5670 inimici
2653 5617 2985 5676 dilectionem
3004 5621 3328 5690 perduxerit.
3349 5621 3478 5677 Nam
3497 5623 3588 5680 ille
3604 5636 3724 5691 gra-

2153 5703 2254 5758 dus
2294 5706 2532 5774 quamvis
2579 5710 2860 5765 nonnullus
2905 5711 3004 5778 sit,
3030 5702 3146 5766 tam
3173 5727 3366 5781 parvus
3389 5721 3475 5770 est
3510 5721 3684 5769 tamen
3697 5750 3720 5787 ,

2217 5815 2234 5850 ⁸
2259 5818 2332 5868 sic
2349 5825 2454 5868 Mss.
2473 5825 2531 5870 At
2545 5818 2680 5880 editi.
2718 5821 2920 5886 pecunia
2935 5830 3017 5876 tua
3037 5829 3082 5876 te
3104 5813 3290 5876 mw.
