4076 6474
360 463 497 523 1265

352 591 413 641 ut
432 595 554 638 cum
582 579 884 637 Publicanis
906 578 1066 634 etiam
1098 576 1262 648 possit
1300 589 1419 630 esse
1464 568 1781 627 communis.
1824 565 1936 621 Nec

355 674 494 747 quod
525 674 577 728 in
603 673 744 744 Lege
769 672 969 726 dictum
990 680 1101 737 est,
1135 668 1312 723 Oderis
1347 666 1605 721 inimicum
1631 674 1802 729 tuum,
1832 674 1936 715 vox

354 766 590 838 jubentis
609 764 754 835 justo
771 762 1074 833 accipienda
1100 770 1201 827 est,
1221 760 1311 815 sed
1334 756 1686 828 permittentis
1703 754 1935 810 inﬁrmo.

426 861 515 914 7i.
541 859 720 914 Oritur
745 858 831 913 hic
867 872 993 912 sane
1024 857 1167 910 nullo
1192 854 1351 910 modo
1379 849 1757 908 dissimulanda
1792 862 1939 918 quae-

359 952 483 1016 stio,
502 949 644 1022 quod
662 949 784 1005 huic
806 956 1070 1020 praecepto
1088 945 1318 1011 Domini,
1334 959 1439 1014 quo
1457 958 1551 998 nos
1568 942 1809 996 hortatur
1823 938 1941 993 dili-

359 1058 487 1113 gere
513 1042 757 1097 inimicos
784 1051 1014 1104 nostros,
1044 1047 1096 1093 et
1121 1037 1434 1093 benefacere
1462 1035 1544 1089 his
1569 1034 1659 1105 qui
1689 1047 1787 1088 nos
1812 1030 1943 1086 ode-

356 1144 501 1198 runt,
515 1145 570 1189 et
589 1150 745 1190 orare
766 1148 860 1204 pro
882 1133 962 1187 his
978 1132 1064 1203 qui
1084 1146 1181 1186 nos
1200 1137 1606 1201 persequuntur,
1628 1127 1804 1181 multae
1825 1123 1943 1178 alite

357 1227 753 1297 Scripturarum
774 1233 953 1296 partes
984 1225 1156 1279 minus
1185 1222 1461 1292 diligenter
1481 1229 1535 1276 et
1563 1218 1736 1275 sobrie
1760 1216 1939 1272 consi-

359 1316 670 1373 derantibus
685 1317 930 1371 videntur
941 1316 1206 1381 adversae;
1226 1314 1345 1385 quia
1365 1321 1419 1368 et
1434 1313 1485 1366 in
1504 1310 1781 1381 Prophetis
1798 1311 1946 1365 inve.

359 1412 579 1466 niuntur
608 1412 787 1465 multae
816 1410 1227 1480 imprecationes
1260 1407 1515 1462 adversus
1545 1404 1804 1467 inimicos,
1826 1417 1946 1473 qua:

359 1500 762 1557 maledictioncs
790 1508 1038 1570 putantur
1070 1514 1083 1553 :
1117 1500 1251 1554 sicut
1299 1506 1379 1553 est
1430 1495 1590 1563 illud,
1626 1494 1746 1548 Fiat
1774 1509 1948 1548 mensa

360 1610 537 1647 eorum
577 1594 631 1646 in
670 1594 903 1662 laqueum
943 1591 1113 1664 (Psal.
1146 1606 1313 1647 vaut
1334 1632 1348 1652 ,
1377 1588 1503 1662 2'5);
1532 1598 1585 1644 et
1609 1598 1803 1644 caetera
1829 1602 1948 1656 quae

363 1686 436 1740 ibi
464 1685 711 1739 dicuntur
736 1701 748 1738 :
774 1694 827 1739 et
852 1683 983 1738 illud
1004 1726 1019 1750 ,
1050 1682 1206 1736 Fiant
1237 1681 1331 1751 ﬁlii
1368 1683 1477 1753 ejus
1504 1679 1719 1750 pupilli,
1744 1687 1788 1732 et
1817 1694 1947 1731 uxor

363 1778 477 1847 ejus
502 1777 653 1831 vidua
677 1776 847 1850 (Psal.
878 1792 1041 1843 cvm,
1070 1776 1124 1847 9)
1149 1791 1163 1840 ;
1186 1781 1241 1829 et
1269 1789 1387 1844 qua:
1417 1772 1519 1827 alia
1566 1771 1649 1827 vel
1680 1784 1838 1839 supra
1865 1767 1950 1823 vel

364 1870 502 1923 infra
547 1870 601 1923 in
642 1868 829 1923 eodem
876 1866 1170 1937 psalmoin
1199 1879 1480 1934 personam
1511 1861 1659 1918 Juda:
1689 1876 1785 1931 per
1814 1859 1949 1914 Pro-

366 1962 583 2033 phetam
612 1960 879 2017 dicuntur.
907 1958 1067 2014 Multa
1096 1958 1197 2012 alia
1224 1970 1600 2026 usquequaque
1627 1953 1679 2007 in
1703 1951 1948 2021 Scriptu-

361 2055 439 2108 ris
486 2052 852 2124 reperiuntur,
907 2066 1027 2121 quae
1083 2048 1363 2103 videantur
1406 2061 1526 2101 esse
1576 2044 1843 2100 contraria
1896 2051 1954 2098 et

363 2146 493 2201 huic
538 2153 803 2215 praecepto
834 2142 1080 2209 Domini,
1113 2151 1167 2197 et
1211 2141 1287 2194 illi
1334 2138 1652 2217 apostolico,
1686 2151 1793 2205 quo
1839 2135 1947 2201 ait,

368 2236 689 2298 Benedicite,
722 2245 768 2289 et
791 2235 945 2289 nolite
972 2233 1269 2288 maledicere
1299 2231 1491 2301 (Rom.
1521 2245 1632 2293 xu,
1667 2227 1758 2297 14)
1788 2244 1801 2279 :
1829 2241 1953 2282 cum

367 2339 421 2385 et
452 2330 520 2385 de
548 2329 771 2383 Domino
796 2328 1051 2397 scriptum
1080 2326 1149 2381 sit
1185 2324 1325 2395 quod
1352 2322 1685 2377 maledixerit
1719 2320 1951 2376 civitati-

368 2420 469 2475 bus
515 2434 633 2488 qua:
678 2419 896 2473 verbum
945 2417 1061 2486 ejus
1100 2432 1202 2471 non
1254 2422 1575 2483 acceperunt
1617 2412 1825 2480 (Matth.
1858 2427 1950 2474 ιι,

368 2510 565 2576 ΞΟ-ἓιί,
596 2509 787 2564 etLuc.
816 2526 870 2573 x,
896 2507 1122 2577 15-15);
1154 2516 1207 2561 et
1232 2514 1554 2562 memoratus
1576 2504 1865 2574 Apostolus
1886 2503 1953 2558 de

368 2601 600 2671 quodam
652 2601 721 2655 ita
776 2600 999 2666 dixerit,
1028 2598 1224 2654 Reddet
1263 2598 1340 2653 illi
1390 2596 1637 2652 Dominus
1680 2594 1954 2651 secundum

370 2710 527 2765 apera
552 2692 691 2746 illius
718 2692 782 2761 (ll
815 2692 946 2746 Tim.
977 2708 1051 2758 IV,
1083 2692 1194 2758 M).
1230 2748 1235 2751 χ

445 2784 531 2838 7‘2.
573 2783 675 2839 Sed
708 2784 821 2839 haec
840 2783 995 2839 facile
1023 2784 1319 2850 solvuntur,
1346 2783 1469 2854 quia
1490 2792 1543 2837 et
1568 2782 1833 2851 Propheta
1854 2796 1954 2851 per

374 2875 811 2946 imprecationem
830 2875 951 2946 quid
979 2884 1121 2931 esset
1138 2875 1372 2930 futurum
1395 2874 1607 2943 cecinit,
1627 2890 1734 2928 non
1763 2884 1957 2945 optan-

373 2969 443 3023 tis
489 2975 646 3034 voto,
676 2967 769 3023 sed
809 2968 999 3038 spiritu
1046 2968 1412 3038 prmvidentis;
1445 2969 1515 3022 ita
1563 2976 1619 3023 et
1662 2968 1951 3036 Dominus,

372 3059 443 3113 ita
488 3068 540 3114 et
584 3059 906 3128 Apostolus:
935 3074 1238 3130 quanquam
1264 3060 1316 3114 in
1348 3060 1538 3114 horum
1568 3061 1729 3114 etiam
1774 3060 1952 3116 verbis

372 3166 479 3205 non
518 3149 619 3205 hoc
660 3151 924 3205 invenitur
963 3150 1104 3221 quod
1143 3152 1476 3220 optaverint,
1505 3151 1599 3207 sed
1630 3153 1772 3222 quod
1814 3168 1954 3223 pra:-

371 3243 624 3305 dixerint.
660 3244 774 3298 Non
819 3244 959 3298 enim
990 3259 1112 3299 cum
1154 3245 1227 3299 ait
1256 3244 1512 3299 Dominus
1533 3288 1548 3313 ,
1590 3245 1678 3300 γω
1705 3245 1822 3311 tibi,
1854 3244 1955 3300 Ca-

375 3337 663 3405 pharnaum
681 3377 694 3400 ,
723 3336 866 3389 aliud
896 3345 1051 3391 sonat
1077 3336 1178 3391 nisi
1199 3336 1396 3406 aliquid
1416 3337 1465 3391 ei
1491 3337 1616 3391 mali
1643 3347 1956 3393 eventurum

374 3426 567 3480 merito
611 3424 931 3481 infidelitatis
955 3444 968 3479 :
992 3427 1132 3497 quod
1161 3427 1391 3483 futurum
1423 3429 1678 3485 Dominus
1707 3446 1813 3485 non
1840 3447 1957 3485 ma-

374 3517 661 3573 levolentia
692 3519 939 3587 optabat,
969 3519 1063 3574 sed
1100 3518 1376 3575 divinitate
1406 3522 1673 3575 cernebat.
1718 3522 1783 3576 Et
1811 3523 1955 3592 Apo-

373 3610 544 3665 stolus
568 3624 676 3664 non
705 3609 779 3664 ait
800 3654 814 3677 ,
842 3609 1079 3673 Reddat;
1109 3610 1201 3665 sed
1222 3652 1235 3675 ,
1270 3611 1462 3665 Reddet
1486 3612 1562 3664 illi
1591 3610 1844 3667 Dominus
1868 3631 1952 3667 se-

375 3702 599 3756 cundum
626 3718 777 3772 opera
804 3702 913 3772 ejus
937 3717 954 3755 :
974 3701 1114 3771 quod
1153 3702 1372 3757 verbum
1401 3704 1803 3772 praenuntiantis
1832 3712 1952 3771 est,

374 3811 481 3849 non
498 3795 856 3865 imprecantis.
882 3794 1033 3850 Sicut
1060 3802 1113 3849 et
1137 3794 1203 3849 de
1228 3794 1312 3849 illa
1337 3794 1603 3866 hypocrisi
1630 3795 1953 3864 Judaeorum,

372 3885 441 3941 de
484 3900 587 3956 qua
638 3885 747 3955 jam
788 3884 991 3940 dictum
1030 3894 1146 3951 est,
1171 3886 1254 3940 cui
1303 3887 1632 3942 eversionem
1680 3888 1958 3945 imminere

372 3977 661 4045 cernebat,
703 3977 867 4044 dixit,
913 3977 1169 4033 Percutiet
1213 3988 1260 4032 te
1310 3977 1482 4046 Deus,
1526 3982 1692 4051 paries
1730 3981 1959 4035 dealbate

374 4068 601 4140 (Supra,
633 4070 866 4139 cap.l9,
901 4086 956 4123 n.
1011 4070 1122 4141 58).
1173 4069 1454 4140 Prophetze
1504 4081 1681 4126 autem
1730 4071 1957 4128 maxime

372 4162 548 4217 Solent
570 4161 732 4232 ﬁgura
756 4162 1096 4233 imprecantis
1118 4162 1290 4218 futura
1310 4163 1620 4232 praedicere,
1640 4164 1955 4235 sicutﬁgura

372 4254 633 4325 praeteriti
678 4254 934 4325 temporis
973 4269 1034 4309 ea
1079 4271 1199 4325 quae
1229 4263 1450 4310 ventura
1478 4265 1629 4310 erant
1652 4272 1793 4327 swpe
1820 4258 1958 4313 ceci-

373 4353 603 4402 nerunt:
627 4345 767 4401 sicut
805 4352 889 4401 est
932 4344 1094 4413 illud,
1130 4346 1296 4412 Quare
1333 4346 1641 4417 fremuerunt
1681 4358 1878 4419 gentes,
1912 4359 1959 4404 et

375 4438 551 4507 populi
593 4436 819 4491 meditati
865 4446 981 4492 sunt
1022 4438 1195 4491 inania
1233 4436 1403 4512 (Psal.
1432 4454 1499 4506 II,
1534 4440 1626 4511 1)?
1654 4440 1767 4495 Non
1814 4443 1955 4496 enim

374 4527 535 4592 dixit,
565 4526 745 4594 Quare
772 4527 1004 4584 frement
1031 4538 1214 4599 gentes
1232 4570 1249 4597 ,
1277 4538 1332 4584 et
1360 4531 1534 4599 populi
1562 4532 1958 4588 meditabuntur

375 4618 585 4683 inania;
616 4634 736 4673 cum
765 4635 827 4675 ea
856 4634 961 4675 non
987 4620 1134 4688 quasi
1159 4620 1267 4687 jam
1304 4629 1565 4675 transacta
1596 4623 1954 4691 meminisset,

373 4711 468 4764 sed
495 4719 716 4763 ventura
743 4710 1087 4779 prospiceret.
1122 4709 1249 4763 Tale
1278 4710 1437 4764 etiam
1466 4711 1593 4766 illud
1619 4721 1728 4781 est,
1763 4715 1956 4771 Divise-

373 4808 495 4854 runt
522 4799 615 4853 sibi
658 4800 945 4854 vestimenta
977 4816 1115 4864 mea,
1139 4808 1184 4853 et
1221 4817 1372 4871 super
1407 4803 1754 4859 vestimentum
1792 4824 1957 4863 meum

372 4894 615 4946 miserunt
638 4900 822 4945 sortem
855 4889 1023 4964 (Psal.
1054 4908 1169 4957 xxr,
1201 4891 1291 4963 19)
1318 4901 1408 4948 :et
1449 4894 1535 4949 hic
1573 4896 1714 4951 enim
1740 4913 1847 4954 non
1876 4900 1957 4954 di-

373 4983 480 5049 xit,
520 4982 767 5038 Divident
807 4982 907 5038 sibi
950 4984 1265 5038 vestimenta
1313 4995 1540 5052 mea,et
1590 5002 1751 5059 super
1796 4994 1956 5048 vesti-

374 5082 613 5129 mentum
660 5090 836 5129 meum
880 5074 1089 5130 mittent
1135 5085 1353 5130 sortem.
1394 5077 1503 5132 Nec
1549 5087 1722 5135 tamen
1759 5081 1826 5138 de
1871 5085 1954 5140 his

372 5166 550 5222 verbis
569 5166 845 5238 quisquam
869 5168 1240 5235 calumniatur,
1263 5170 1362 5224 nisi
1380 5171 1467 5240 qui
1485 5186 1590 5226 non
1606 5175 1769 5229 sentit
1783 5177 1951 5232 varie-

375 5269 536 5317 tatem
563 5262 716 5316 istam
734 5262 1017 5332 ﬁgurarum
1040 5264 1093 5317 in
1115 5264 1380 5334 loquendo
1399 5265 1527 5321 nihil
1545 5267 1753 5323 veritati
1772 5286 1952 5327 rerum

375 5352 615 5407 minuere
635 5395 650 5419 ,
676 5360 728 5407 et
764 5353 1048 5423 plurimum
1094 5353 1293 5409 addere
1321 5355 1593 5413 affectibus
1630 5361 1951 5419 animorum.

446 5443 670 5525 CAPUT
704 5443 866 5498 XXII.
911 5476 981 5484 —
1006 5446 1095 5500 75.
1123 5445 1226 5501 Sed
1270 5447 1393 5501 illud
1426 5450 1592 5519 magis
1618 5461 1769 5521 urget
1797 5452 1951 5509 istam

376 5536 752 5603 quaestionem,
784 5536 926 5606 quod
973 5537 1101 5592 dicit
1146 5540 1416 5608 apostolus
1458 5540 1718 5609 Joannes,
1751 5544 1811 5600 Si
1843 5549 1954 5617 quis

376 5627 466 5678 scit
509 5642 711 5697 peccare
740 5630 950 5697 fratrem
993 5645 1137 5683 suum
1184 5641 1443 5700 peccatum
1472 5650 1570 5687 non
1611 5637 1679 5689 ad
1704 5647 1948 5707 mortem,

378 5718 676 5786 postulabit,
708 5728 754 5773 et
778 5719 917 5774 dabit
954 5721 1029 5775 illi
1071 5719 1320 5778 Dominus
1358 5726 1509 5779 vitam
1537 5728 1625 5798 qui
1662 5740 1831 5799 peccat
1852 5749 1954 5788 non

377 5812 445 5864 ad
468 5820 711 5869 mortem:
736 5822 809 5869 est
850 5823 1018 5869 autem
1060 5828 1318 5885 peccatum
1361 5819 1428 5871 ad
1465 5830 1709 5887 mortem;
1732 5839 1833 5877 non
1859 5843 1954 5895 pro

378 5902 469 5960 illo
496 5905 609 5963 dico
631 5917 687 5964 ut
709 5917 848 5981 roget
874 5908 1093 5983 (lJoan.
1118 5926 1174 5982 γ,
1205 5911 1316 5987 16).
1343 5913 1540 5986 Aperte
1557 5915 1701 5973 enim
1720 5919 1955 5977 ostendit

1728 446 1933 506 LIBER
1968 442 2244 504 PRIMUS.

3479 446 3620 506 1266

2042 596 2163 636 esse
2187 580 2444 651 quosdam
2467 580 2655 637 fratres
2676 595 2770 651 pro
2787 580 2976 651 quibus
3001 595 3157 637 orare
3183 595 3290 637 non
3309 582 3614 654 nobisprte

2043 673 2257 742 cipitur,
2275 687 2395 727 cum
2418 673 2672 727 Dominus
2683 673 2845 727 etiam
2867 688 2961 743 pro
2977 673 3401 743 persecutoribus
3420 674 3621 729 nostris

2044 777 2201 819 orare
2242 763 2446 833 jubeat.
2474 762 2581 819 Nec
2608 764 2704 818 ista
2744 763 2966 834 quaestio
2996 764 3136 818 solvi
3176 772 3379 833 potest,
3409 763 3512 818 nisi
3538 763 3623 818 fa-

2045 864 2253 911 teamur
2294 870 2416 910 esse
2443 855 2616 924 aliqua
2654 864 2869 925 peccata
2906 855 2957 908 in
2985 854 3266 920 fratribus,
3295 870 3413 925 quae
3444 854 3623 908 inimi~

2046 960 2232 1000 corum
2258 949 2624 1016 persecutione
2639 946 2879 1016 graviora
2903 946 3028 1000 sint.
3047 945 3262 1001 Fratres
3285 954 3459 1001 autem
3473 944 3629 1001 Chri-

2048 1036 2248 1091 stianos
2296 1036 2627 1106 signiﬁcare,
2660 1037 2838 1091 multis
2887 1036 3183 1090 divinarum
3234 1035 3628 1105 Scriptumrum

2049 1128 2382 1185 documentis
2427 1131 2641 1199 probari
2679 1139 2873 1202 potest.
2918 1130 3398 1185 Manifestissimum
3454 1137 3631 1183 tamen

2051 1219 2179 1273 illud
2205 1229 2287 1275 est
2306 1260 2320 1282 ,
2348 1221 2489 1290 quod
2518 1221 2807 1291 Apostolus
2836 1221 2907 1274 ita
2952 1221 3127 1289 ponit,
3171 1220 3527 1289 Sanctiﬁcatus
3553 1229 3628 1272 est

2051 1312 2183 1364 enim
2209 1312 2284 1365 vir
2310 1310 2533 1381 inﬁdelis
2557 1312 2611 1365 in
2634 1328 2791 1366 uxore
2811 1352 2825 1378 ,
2855 1321 2903 1365 et
2925 1312 3240 1381 sanctiﬁcata
3264 1320 3334 1365 est
3355 1310 3533 1364 mulier
3550 1312 3632 1363 in-

2052 1401 2217 1470 ﬁdelis
2242 1402 2294 1455 in
2316 1407 2489 1473 fratre.
2517 1402 2633 1457 Non
2662 1403 2805 1457 enim
2831 1402 3062 1469 addidit,
3092 1411 3304 1465 nostro;
3337 1401 3430 1455 sed
3460 1401 3634 1455 mani-

2051 1494 2245 1548 festum
2290 1494 2641 1560 existimavit,
2670 1510 2791 1549 cum
2820 1493 3001 1549 fratris
3025 1492 3241 1548 nomine
3285 1491 3634 1547 christianum

2054 1585 2273 1656 intelligi
2298 1586 2481 1650 voluit,
2509 1587 2598 1656 qui
2620 1586 2887 1641 inﬁdelem
2910 1586 3131 1641 haberet
3158 1599 3397 1639 uxorem.
3426 1584 3493 1637 Et
3516 1583 3639 1638 ideo

2054 1678 2211 1746 paulo
2239 1686 2360 1748 post
2382 1678 2537 1745 dicit,
2572 1679 2719 1745 Quod
2764 1679 2807 1732 si
2855 1677 3074 1746 inﬁdelis
3105 1677 3342 1742 discedit,
3372 1676 3639 1729 discedat:

2054 1791 2155 1828 non
2176 1783 2343 1827 autem
2371 1775 2595 1828 servituti
2621 1774 2873 1844 subjectus
2899 1782 2971 1826 est
2996 1776 3154 1843 frater
3177 1772 3251 1826 vel
3292 1787 3434 1825 soror
3461 1771 3512 1823 in
3540 1770 3640 1821 liu-

2047 1866 2276 1936 jusmodi
2298 1865 2343 1936 (l
2368 1865 2486 1921 Cor.
2514 1882 2607 1931 vn,
2639 1867 2723 1932 14,
2760 1867 2872 1936 15).
2904 1866 3184 1920 Peccatum
3215 1878 3342 1934 ergo
3368 1862 3547 1917 fratris
3573 1861 3640 1916 ad

2056 1966 2284 2013 mortem
2334 1968 2459 2028 puto
2506 1973 2660 2023 esse,
2692 1973 2813 2012 cum
2866 1966 2986 2026 post
3025 1956 3349 2026 agnitionem
3395 1954 3491 2009 Dei
3547 1969 3641 2023 per

2057 2051 2281 2119 gratiam
2312 2050 2522 2104 Domini
2547 2050 2715 2104 nostri
2744 2049 2870 2104 Jesu
2897 2048 3098 2103 Christi
3122 2048 3345 2118 quisque
3372 2056 3643 2117 oppugnat

2057 2139 2471 2205 fraternitatem,
2500 2149 2554 2194 et
2603 2139 2858 2194 adversus
2908 2140 3075 2208 ipsam
3118 2138 3373 2207 gratiam,
3402 2152 3506 2206 qua
3553 2151 3642 2189 re-

2057 2230 2370 2285 conciliatus
2413 2238 2495 2285 est
2529 2230 2667 2295 Deo,
2700 2228 3003 2284 invidentia:
3040 2228 3241 2283 facibus
3286 2227 3514 2297 agitatur
3540 2226 3641 2296 (a).

2058 2322 2340 2376 Peccatum
2382 2330 2559 2377 autem
2611 2336 2721 2376 non
2760 2320 2827 2375 ad
2872 2328 3097 2376 mortem
3139 2327 3250 2385 est,
3280 2320 3324 2374 si
3367 2320 3643 2389 quisquam

2059 2428 2163 2468 non
2186 2428 2422 2471 amorem
2450 2428 2481 2466 a
2500 2412 2665 2467 fratre
2708 2413 3035 2479 alienaverit,
3077 2412 3170 2467 sed
3196 2410 3364 2465 officia
3395 2410 3645 2466 fraterni-

2059 2506 2184 2560 tatis
2207 2505 2381 2560 debita
2404 2521 2499 2575 per
2523 2506 2753 2575 aliquam
2780 2504 3139 2559 inﬁrmitatem
3165 2504 3326 2558 animi
3352 2520 3457 2557 non
3488 2504 3643 2559 exhi-

2058 2597 2251 2652 buerit.
2281 2596 2615 2667 Quapropter
2652 2607 2706 2651 et
2750 2596 3008 2652 Dominus
3053 2597 3109 2652 in
3150 2612 3309 2651 cruce
3336 2597 3437 2664 ait,
3469 2595 3643 2664 Pater,

2058 2690 2259 2762 ignosce
2288 2689 2408 2754 illis,
2432 2690 2552 2759 quia
2572 2690 2796 2744 nesciunt
2817 2689 2939 2759 quid
2959 2689 3153 2760 faciunt
3174 2687 3322 2761 (Luc.
3342 2705 3489 2755 xxm,
3515 2688 3607 2760 '54)
3629 2707 3643 2743 :

2061 2780 2297 2837 nondum
2324 2782 2469 2836 enim
2498 2781 2681 2851 gratia:
2719 2778 2951 2850 Spiritus
2994 2781 3163 2836 sancti
3198 2780 3486 2850 participes
3521 2780 3647 2835 facti

2062 2872 2370 2927 societatem
2417 2880 2615 2925 sancta:
2659 2871 3005 2925 fraternitatis
3050 2869 3299 2925 inierant.
3346 2870 3416 2925 Et
3461 2870 3648 2925 beatus

2061 2964 2365 3035 Stephanus
2399 2964 2454 3018 in
2504 2964 2723 3018 Actibus
2765 2962 3144 3033 Apostolorum
3187 2971 3305 3017 orat
3345 2978 3442 3034 pro
3490 2963 3566 3018 eis
3612 2978 3643 3017 a

2060 3056 2251 3128 quibus
2282 3055 2546 3126 lapidatur
2574 3053 2708 3127 (Act.
2740 3070 2843 3122 vu,
2875 3053 2995 3126 59);
3020 3055 3141 3125 quia
3174 3054 3406 3109 nondum
3433 3054 3647 3110 Christo

2061 3151 2429 3215 crediderant,
2460 3165 2631 3220 neque
2676 3149 2932 3205 adversus
2977 3149 3119 3203 illam
3148 3164 3489 3205 communem
3518 3164 3643 3220 gra-

2065 3242 2188 3296 tiam
2238 3241 2582 3296 dimicabant.
2644 3241 2706 3295 Et
2755 3239 3027 3311 apostolus
3079 3240 3276 3294 Paulus
3328 3250 3644 3311 pr0pterea,

2061 3333 2380 3400 credo,non
2431 3340 2551 3386 orat
2600 3347 2699 3403 pro
2780 3331 3109 3396 Alexandro,
3149 3332 3272 3401 quia
3317 3331 3427 3401 jam
3478 3330 3644 3387 frater

2062 3433 2204 3491 erat,
2232 3432 2287 3479 et
2326 3424 2394 3478 ad
2434 3431 2661 3478 mortem
2682 3464 2696 3488 ,
2728 3423 2781 3478 id
2807 3432 2916 3490 est,
2948 3422 3233 3477 invidentia
3262 3422 3645 3478 fraternitatem

2063 3514 2453 3585 Oppugnando,
2504 3524 2833 3584 peccaverat.
2886 3514 2989 3571 Pro
3033 3514 3114 3569 his
3165 3524 3341 3569 autem
3404 3514 3493 3585 qui
3538 3530 3648 3570 non

2061 3606 2401 3676 abruperant,
2436 3620 2671 3660 amorem
2689 3605 2729 3673 ³,
2765 3605 2858 3661 sed
2876 3605 3067 3660 timore
3103 3604 3510 3671 succubuerant,
3531 3614 3648 3660 orat

2062 3707 2121 3753 ut
2148 3696 2227 3753 eis
2275 3698 2596 3768 ignoscatur.
2636 3697 2723 3773 Sic
2755 3698 2897 3751 enim
2935 3696 3063 3753 dicit
3090 3714 3103 3750 :
3129 3697 3416 3752 Alexander
3436 3698 3648 3752 aerarius

2061 3790 2223 3843 multa
2244 3788 2367 3842 mihi
2388 3788 2524 3842 mala
2544 3788 2757 3843 ostendit
2774 3803 2793 3852 ,'
2808 3788 2980 3842 reddet
3004 3786 3082 3842 illi
3102 3786 3352 3842 Dominus
3373 3790 3647 3842 secundum

2061 3896 2214 3950 opera
2259 3881 2364 3952 ejus
2411 3896 2429 3933 :
2470 3896 2615 3949 quem
2667 3889 2715 3932 et
2767 3889 2820 3932 tu
2870 3879 3066 3943 devita;
3096 3880 3241 3934 valde
3294 3880 3425 3934 enim
3467 3882 3647 3936 restitit

2061 3972 2244 4026 nostris
2270 3972 2600 4027 sermonibus.
2638 3970 2837 4026 Deinde
2866 3972 3134 4042 subjungit
3160 3988 3254 4042 pro
3284 3972 3474 4042 quibus
3493 3984 3609 4030 orat
3630 4017 3645 4042 ,

2062 4062 2134 4117 ita
2159 4062 2340 4118 dicens
2367 4081 2378 4116 :
2407 4062 2476 4116 In
2511 4063 2673 4132 prima
2701 4079 2813 4116 mea
2839 4064 3128 4134 defensione
3150 4080 3294 4117 nemo
3314 4065 3438 4118 nti/ti
3464 4064 3610 4132 a/fuit
3627 4108 3642 4131 ,

2062 4152 2152 4206 sed
2177 4169 2347 4207 omnes
2366 4169 2441 4206 me
2461 4153 2831 4224 dereliquerunt
2857 4169 2874 4207 :
2891 4172 2989 4208 non
3012 4155 3113 4208 illis
3132 4155 3404 4224 imputetur
3424 4156 3489 4228 (ll
3513 4156 3643 4211 Tim.

2062 4261 2134 4310 ιν,
2169 4246 2379 4316 14-16).

2135 4337 2220 4391 74.
2248 4336 2349 4390 Ista
2370 4336 2663 4391 differentia
2702 4343 3037 4403 peccatorum
3072 4336 3261 4393 Judam
3293 4340 3588 4400 tradentem
3614 4364 3646 4404 a

2063 4429 2222 4482 Petro
2242 4436 2468 4498 negante
2493 4426 2770 4496 distinguit
2803 4443 2816 4477 :
2848 4440 2953 4481 non
2984 4429 3103 4498 quia
3127 4431 3400 4498 pmnitcnti
3442 4451 3548 4491 non
3577 4438 3648 4494 sit

2062 4519 2438 4587 ignoscendum
2459 4560 2473 4584 ,
2502 4534 2568 4574 ne
2591 4526 2777 4573 contra
2806 4518 2949 4573 illam
2983 4524 3296 4578 sententiam
3323 4525 3527 4584 Domini
3550 4547 3646 4587 ve-

2062 4612 2267 4665 niamus
2288 4651 2302 4676 ,
2350 4626 2451 4680 qua
2481 4610 2716 4680 praecipit
2746 4626 2956 4681 semper
2981 4613 3357 4683 ignoscendum
3385 4636 3503 4677 esse
3540 4622 3647 4678 fra-

2065 4703 2129 4756 tri
2157 4701 2355 4772 petenti
2380 4711 2434 4756 ut
2460 4702 2559 4755 sibi
2598 4702 2762 4756 frater
2788 4702 3025 4772 ignoscat
3054 4703 3201 4776 (Luc.
3230 4724 3340 4765 xvu
3360 4752 3375 4779 ,
3412 4712 3466 4786 5)
3504 4731 3517 4768 :
3550 4716 3645 4771 sed

2063 4794 2182 4864 quia
2215 4793 2355 4848 illius
2380 4794 2580 4864 peccati
2613 4802 2756 4849 tanta
2795 4795 2940 4850 labes
2965 4805 3078 4863 est,
3116 4809 3170 4853 ut
3197 4801 3513 4873 deprecandi
3543 4808 3644 4863 hu-

2061 4885 2339 4940 militatem
2369 4886 2546 4940 subire
2565 4901 2670 4941 non
2694 4888 2894 4956 possit,
2924 4889 3084 4944 etiam
3111 4892 3155 4945 si
3185 4906 3459 4961 peccatum
3486 4915 3642 4958 suum

2059 4980 2198 5034 mala
2235 4979 2556 5035 conscientia
2585 4989 2637 5035 et
2665 4996 2954 5051 agnoscere
2994 4993 3049 5039 et
3082 4988 3359 5045 enuntiare
3402 5004 3640 5065 cogatur.

2060 5069 2193 5124 Cum
2219 5070 2358 5125 enim
2401 5071 2621 5127 dixisset
2660 5071 2852 5139 Judas,
2901 5072 3143 5145 Peccavi,
3186 5081 3320 5149 quod
3347 5085 3641 5143 tradiderint

2059 5163 2349 5232 sanguinem
2396 5164 2628 5235 justum;
2670 5164 2873 5220 facilius
2919 5174 3094 5222 tamen
3136 5169 3505 5240 desperatione
3545 5193 3642 5233 cu-

2056 5256 2223 5311 currit
2241 5255 2308 5310 ad
2337 5256 2582 5327 laqueum
2610 5256 2819 5327 (Matth.
2848 5274 3024 5325 xxvn,
3059 5262 3092 5316 4
3111 5303 3125 5328 ,
3156 5263 3244 5333 5),
3273 5281 3429 5335 quam
3460 5268 3641 5325 humi-

2062 5345 2208 5402 litate
2235 5352 2442 5403 veniam
2474 5349 2783 5418 deprecatus
2809 5362 2908 5407 est.
2938 5350 3270 5424 Quapropter
3296 5360 3519 5415 multum
3556 5364 3642 5419 in-

2061 5445 2224 5493 terest
2269 5440 2407 5509 quali
2455 5442 2781 5510 paenitentia:
2823 5443 3062 5513 ignoscat
3109 5447 3266 5501 Deus.
3305 5450 3453 5506 Multi
3498 5458 3640 5513 enim

2058 5535 2225 5585 multo
2263 5531 2419 5587 citius
2444 5547 2501 5588 se
2530 5534 2756 5589 fatentur
2783 5550 3063 5607 peccasse,
3089 5549 3245 5609 atque
3272 5542 3341 5596 ita
3386 5544 3488 5599 sibi
3522 5563 3643 5603 suc-

2060 5637 2283 5684 censent
2309 5639 2365 5683 ut
2392 5630 2737 5686 vehementer
2762 5646 2820 5687 se
2861 5648 3111 5704 peccasse
3153 5636 3386 5705 nollent;
3429 5641 3521 5696 sed
3564 5652 3639 5697 ta-

2124 5808 2270 5888 ἱῗὲἓέ
2288 5808 2420 5888 1.13992
2437 5821 2538 5888 re?
2549 5808 2847 5888 Ερνξιρβνρπι
2861 5825 3093 5880 mm
3108 5817 3159 5868 in
3177 5816 3320 5870 emus
3340 5818 3550 5888 additur.
3571 5820 3639 5875 ad

2057 5874 2261 5934 mortem
2290 5882 2308 5920 :
2331 5872 2461 5934 quod
2476 5874 2618 5922 abest
2640 5872 2791 5925 a'Mss.

2124 5928 2199 5993 (a)
2222 5940 2241 5983 ι
2263 5928 2464 5985 Retract.
2488 5947 2592 6000 cap.
2619 5934 2698 5998 i9,
2720 5950 2772 5988 n.
2796 5936 2844 5989 7.
