4076 6516
483 508 620 565 {9.67

481 637 604 679 men
651 619 888 677 animum
925 617 990 673 ad
1037 609 1415 672 bumiliandum
1458 622 1513 670 et
1553 611 1898 669 obterendum
1935 624 2051 679 cor,

480 711 967 786 implorandamque
993 711 1198 766 veniam
1221 725 1324 764 non
1345 709 1614 779 deponunt
1638 725 1650 762 :
1681 719 1838 778 quam
1863 704 2055 762 mentis

479 805 811 862 all'ectionem
831 846 846 869 ,
878 793 1091 876 propter
1115 800 1319 872 peccati
1357 799 1804 870 magnitudinem,
1841 798 1952 868 jam
1987 795 2054 853 de

477 898 817 955 damnatione
835 895 953 950 illos
972 891 1166 949 habere
1186 891 1510 948 credendum
1531 899 1631 946 εει.

553 992 638 1046 75.
660 989 726 1044 Ει
745 987 845 1043 hoc
867 994 949 1042 est
963 977 1184 1040 feriasse
1210 999 1431 1055 peccare
1450 984 1500 1037 iii
1517 975 1769 1053 Spiritum
1790 981 2049 1050 sanctum,

477 1080 530 1136 id
560 1089 678 1146 est,
721 1095 816 1150 per
852 1067 1105 1133 malitiam
1143 1086 1198 1132 et
1238 1074 1521 1141 invidiam,
1553 1061 1839 1127 fraternam
1881 1085 2051 1140 oppu-

475 1187 640 1244 gnare
655 1168 964 1229 charitatem
979 1167 1095 1239 post
1106 1173 1374 1237 acceptam
1390 1165 1608 1236 gratiam
1626 1153 1851 1234 Spiritus
1863 1157 2049 1231 Sancti,

473 1261 617 1334 quod
644 1271 916 1332 peccatum
941 1259 1194 1315 Dominus
1223 1272 1395 1329 neque
1435 1253 1551 1323 hic,
1587 1271 1756 1325 neque
1796 1254 1848 1309 in
1879 1255 2053 1308 liituro

473 1353 669 1409 saeculo
690 1349 878 1407 dimitti
903 1348 1052 1406 dicit.
1082 1347 1235 1406 Unde
1256 1343 1420 1420 (μικιί
1441 1355 1614 1418 potest
1642 1354 1816 1401 utrum
1847 1343 1900 1399 in
1930 1343 2051 1414 Spi-

472 1443 634 1500 ritum
677 1453 918 1500 sanctum
966 1439 1135 1497 Judaei
1177 1437 1544 1510 peccaverint,
1573 1435 1782 1510 quando
1807 1436 2053 1491 dixerunt

472 1533 616 1607 quod
651 1534 705 1590 in
742 1529 1035 1590 Beelzebub
1083 1531 1320 1604 principe
1369 1529 1747 1586 daemoniorum
1791 1527 2050 1585 daemonia

471 1625 728 1682 Dominus
755 1625 1082 1698 expelleret:
1115 1632 1292 1679 utrum
1328 1622 1428 1676 hoc
1471 1622 1524 1676 in
1564 1621 1738 1691 ipsum
1774 1617 2050 1675 Dominum

471 1717 669 1775 dictum
695 1715 1012 1788 accipiamus
1031 1759 1043 1781 ,
1063 1717 1183 1787 quia
1213 1715 1280 1771 de
1310 1729 1369 1771 se
1393 1713 1522 1770 dicit
1546 1713 1650 1769 alio
1671 1713 1808 1778 loco,
1833 1711 1895 1768 Si
1919 1713 2050 1767 enim

473 1819 667 1881 patrem
706 1809 926 1879 familias
982 1805 1254 1862 Beelzebub
1303 1805 1630 1872 vocaverunt,
1668 1813 1851 1875 quanto
1889 1804 2049 1875 magis

470 1901 765 1956 domesticos
785 1901 891 1970 ejus
910 1885 1121 1969 (Matth.
1150 1913 1187 1954 ι
1205 1939 1219 1963 ,
1247 1897 1378 1969 25)?
1407 1901 1488 1954 An
1514 1899 1762 1969 quoniam
1777 1897 1844 1952 de
1861 1907 2051 1966 magna

471 1987 758 2046 invidentia
793 1989 1078 2056 dixerant,
1113 1987 1301 2060 ingrati
1335 1997 1440 2044 tam
1473 1987 1816 2058 praesentibus
1852 1986 2052 2042 benefi-

469 2081 601 2149 ciis,
629 2077 869 2151 quamvis
893 2079 1132 2135 nondum
1153 2079 1428 2134 christiani
1459 2078 1685 2143 fuerint,
1716 2085 1891 2132 tamen
1923 2087 2048 2147 pro-

469 2182 590 2244 pter
612 2172 782 2243 ipsam
812 2173 1112 2229 invidentia:
1133 2171 1546 2243 magnitudinem
1576 2173 1628 2226 in
1658 2167 1909 2240 Spiritum
1935 2183 2049 2224 san-

469 2274 615 2323 ctum
630 2279 880 2336 peccasse
899 2262 1151 2321 credendi
1175 2264 1331 2319 sunt?
1353 2263 1467 2318 Non
1494 2264 1637 2318 enim
1666 2263 1766 2318 hoc
1788 2261 2050 2333 colligitur

469 2356 536 2413 de
557 2357 733 2413 verbis
759 2357 986 2412 Domini.
1027 2355 1277 2424 Quamvis
1305 2357 1442 2411 enim
1462 2355 1647 2411 eodem
1679 2355 1796 2410 loco
1821 2347 2043 2421 dixerit,

474 2468 495 2502 ι
528 2450 855 2521 Quicumque
882 2447 1025 2505 enim
1054 2447 1247 2505 dixerit
1274 2449 1496 2504 verbum
1525 2463 1751 2518 nequam
1793 2445 2048 2502 adversus

467 2539 661 2600 Filium
690 2541 938 2607 hominis,
968 2541 1266 2598 remittetur
1285 2542 1334 2598 ei
1365 2559 1378 2595 :
1405 2541 1494 2612 qui
1515 2550 1689 2596 autem
1714 2540 1907 2596 dixerit
1930 2555 2050 2596 ver-

467 2633 597 2691 bum
620 2634 873 2690 adversus
911 2634 1165 2706 Spiritum
1200 2641 1439 2690 sanctum
1461 2675 1474 2700 ,
1509 2649 1616 2688 non
1642 2634 1936 2688 remittetur
1959 2633 2042 2701 ei,

469 2741 638 2798 neque
667 2728 720 2783 in
749 2727 848 2783 hoc
867 2725 1082 2794 saeculo,
1112 2741 1283 2797 neque
1312 2726 1364 2782 in
1395 2724 1601 2791 futuro;
1631 2742 1650 2777 ι
1681 2733 1857 2780 tamen
1880 2721 2047 2780 videri

469 2828 643 2890 potest
656 2818 722 2875 ad
739 2819 841 2876 hoc
856 2834 947 2876 eos
965 2820 1253 2887 monuisse,
1273 2826 1332 2873 ut
1353 2817 1606 2873 accedant
1633 2817 1697 2872 ad
1714 2817 1932 2889 gratiam
1950 2856 1966 2882 ,
1992 2823 2048 2872 et

467 2919 591 2984 post
616 2923 887 2983 acceptam
913 2911 1137 2983 gratiam
1163 2927 1267 2965 non
1296 2911 1368 2965 ita
1394 2917 1645 2980 peccent,
1671 2919 1728 2964 ut
1751 2923 1890 2963 nunc
1919 2922 2046 2978 pec-

469 3013 739 3060 caverunt.
770 3003 918 3060 Nunc
945 3003 1087 3061 enim
1114 3003 1167 3058 in
1191 3001 1381 3058 Filium
1411 3003 1639 3058 hominis
1667 3001 2048 3056 dixeruntver-

469 3093 594 3148 bum
625 3109 875 3164 nequam,
909 3101 963 3148 et
987 3101 1159 3164 potest
1192 3095 1268 3148 eis
1310 3093 1534 3160 dimitti,
1576 3093 1620 3146 si
1649 3092 1892 3148 conversi
1925 3091 2046 3147 fue-

467 3184 609 3251 rint,
653 3191 706 3238 et
734 3183 782 3239 ei
807 3183 1160 3251 crediderint,
1190 3189 1243 3238 et
1271 3169 1523 3255 Spiritum
1549 3193 1786 3237 sanctum
1823 3197 2042 3253 accepe-

469 3272 578 3330 rint
605 3291 620 3329 :
647 3289 754 3346 quo
779 3283 997 3344 accepto
1034 3274 1415 3330 si‘i'raternitali
1447 3273 1711 3338 invidere,
1743 3280 1797 3328 et
1822 3273 2046 3344 gratiam

468 3383 625 3439 quam
662 3373 978 3441 acceperunt
1018 3371 1322 3441 oppugnare
1363 3357 1659 3438 voluerint,
1692 3385 1794 3425 non
1838 3371 1914 3425 eis
1960 3367 2044 3424 di-
2078 3378 2087 3392 '

468 3457 605 3512 mitti
624 3499 639 3524 ,
668 3474 841 3530 neque
870 3458 922 3514 in
952 3459 1049 3514 hoc
1080 3461 1273 3515 saeculo
1311 3463 1481 3531 neque
1516 3459 1570 3515 in
1609 3459 1802 3516 futuro.
1838 3459 1970 3516 Nam
1999 3463 2045 3516 si

469 3563 564 3604 eos
591 3548 669 3604 sic
698 3549 916 3605 haberet
941 3549 1321 3605 condemnatos
1340 3591 1354 3615 ,
1386 3558 1442 3605 ut
1476 3550 1615 3606 nulla
1647 3565 1766 3620 spes
1787 3551 1888 3605 illis
1918 3552 2043 3607 reli-

467 3655 571 3710 qua
605 3649 772 3707 esset,
819 3651 923 3696 non
953 3635 1124 3695 adhuc
1153 3640 1444 3696 monendos
1472 3640 1764 3711 judicaret,
1796 3657 1918 3698 cum
1945 3643 2042 3698 ad-

467 3729 602 3786 didit
625 3720 807 3788 dicens
837 3751 849 3785 :
879 3731 977 3787 Aut
998 3732 1145 3804 facite
1168 3734 1394 3787 arborem
1415 3731 1624 3800 bonam,
1643 3741 1690 3788 et
1705 3733 1921 3803 fructum
1937 3733 2043 3804 ejus

468 3821 652 3877 bonum
678 3840 698 3878 :
723 3831 810 3878 aut
837 3825 986 3896 facite
1002 3825 1228 3878 arborem
1247 3823 1433 3880 malam
1453 3864 1466 3890 ,
1489 3831 1535 3878 et
1556 3828 1778 3895 fructum
1804 3825 1910 3893 eius
1930 3840 2041 3879 ma-

475 3911 577 3967 lum
604 3913 711 3985 (Id.
743 3932 843 3984 xu,
874 3915 1092 3986 24—53).

538 4004 626 4060 76.
665 4005 751 4062 Sic
780 4006 954 4076 itaque
982 4006 1270 4076 accipiatur
1295 4005 1588 4077 diligendos
1610 4004 1850 4061 inimicos
1888 4019 2037 4071 esse,

466 4105 520 4150 et
555 4095 989 4152 benefaciendum
1033 4096 1116 4154 his
1150 4097 1238 4168 qui
1284 4113 1380 4153 uos
1418 4098 1672 4164 oderunt,
1702 4106 1757 4153 et
1784 4096 2041 4151 orandum

467 4203 562 4256 pro
582 4185 665 4242 his
681 4185 769 4257 qui
797 4201 896 4242 nos
922 4196 1328 4258 persequuntur,
1355 4199 1410 4243 ut
1437 4203 1532 4258 pro
1548 4187 1857 4259 quibusdam
1880 4187 2038 4241 etiam

465 4278 686 4336 fratrum
730 4281 959 4351 peccatis
1003 4281 1329 4351 intelligatur
1350 4297 1458 4335 non
1486 4287 1801 4350 princepuim
1829 4293 1945 4332 esse
1985 4285 2042 4333 ut

463 4377 708 4440 oremus;
738 4389 804 4429 ne
831 4389 926 4444 per
950 4371 1264 4444 imperitiam
1302 4381 1538 4428 nostram
1563 4371 1740 4428 divina
1770 4369 2039 4440 Scriptura

469 4462 630 4535 (quod
669 4465 782 4519 ﬁeri
820 4459 926 4519 non
951 4465 1143 4536 potest)
1185 4481 1217 4519 a
1257 4480 1315 4520 se
1338 4463 1618 4519 dissentire
1644 4462 1900 4517 videatur.
1932 4461 2040 4518 Sed

464 4564 641 4610 utrum
687 4557 826 4611 sicut
872 4573 968 4628 pro
1015 4556 1328 4627 quibusdam
1375 4572 1478 4611 non
1515 4565 1596 4610 est
1634 4553 1925 4620 orandum,
1966 4554 2039 4609 ita

465 4649 622 4703 etiam
653 4658 837 4703 contra
871 4647 1075 4719 aliquos
1102 4645 1360 4702 orandum
1397 4647 1497 4714 sit,
1530 4645 1761 4701 nondum
1792 4646 1918 4700 satis
1947 4661 2041 4716 ap-

464 4739 658 4808 paruit.
695 4738 1026 4794 Gcneraliter
1064 4739 1203 4793 enim
1235 4739 1432 4793 dictum
1471 4745 1584 4805 est,
1627 4736 1949 4804 Benedicite,
1991 4746 2039 4792 et

466 4829 620 4885 nolite
656 4831 954 4886 maledicere
985 4849 998 4885 :
1039 4839 1093 4885 et
1134 4830 1259 4886 illud
1281 4875 1294 4895 ,
1326 4831 1530 4885 Nemini
1569 4831 1756 4884 malum
1784 4849 1874 4902 pro
1906 4833 2038 4888 malo

463 4923 725 4979 reddentes
775 4919 947 4996 (Rom.
990 4941 1092 4988 xu,
1135 4925 1230 4988 M,
1278 4925 1387 4996 17).
1431 4924 1532 4978 Pro
1579 4941 1683 4994 quo
1718 4935 1892 4981 autem
1933 4943 2037 4982 non

463 5029 614 5082 oras,
640 5032 743 5071 non
766 5017 923 5070 etiam
952 5027 1132 5072 contra
1160 5017 1304 5071 illum
1331 5032 1449 5071 oras
1479 5035 1491 5070 :
1524 5025 1673 5086 potes
1695 5021 1833 5074 enim
1860 5019 2038 5075 videre

465 5115 663 5162 certam
683 5107 797 5176 ejus
824 5123 1030 5176 poenam
1051 5149 1064 5172 ,
1097 5117 1149 5163 et
1177 5107 1384 5178 penitus
1411 5105 1742 5176 desperatam
1775 5109 2033 5176 salutem,

465 5207 517 5252 et
545 5213 651 5252 non
679 5197 801 5268 quia
840 5197 992 5252 odisti
1030 5214 1149 5253 eum
1170 5240 1185 5264 ,
1215 5198 1332 5254 ideo
1370 5213 1464 5269 pro
1495 5199 1583 5252 illo
1611 5215 1714 5254 non
1756 5215 1907 5265 oras;
1942 5201 2036 5256 sed

465 5290 584 5358 quia
614 5288 778 5343 sentis
795 5288 928 5343 nihil
952 5296 1004 5344 te
1026 5301 1181 5358 posse
1207 5288 1483 5359 prolicere,
1507 5299 1560 5345 et
1583 5291 1870 5344 orationem
1896 5299 2036 5346 tuam

464 5394 570 5435 non
599 5380 679 5435 vis
719 5379 905 5450 repelli
936 5393 964 5433 a
987 5379 1277 5450 justissimo
1301 5379 1498 5450 judice.
1533 5379 1637 5436 Sed
1672 5379 1795 5452 quid
1834 5381 2037 5452 agimus

463 5469 529 5526 ile
559 5471 644 5526 his
666 5480 851 5527 contra
880 5487 1012 5542 quos
1046 5481 1251 5526 oratum
1282 5487 1311 5526 a
1340 5473 1536 5527 sanctis
1562 5457 1858 5542 accepimus
1878 5514 1891 5538 ,
1929 5488 2034 5527 non

467 5576 521 5618 ut
551 5565 961 5634 corrigerentur,
990 5579 1111 5618 nam
1139 5559 1240 5619 hoc
1269 5563 1424 5618 modo
1454 5564 1624 5633 potius
1649 5580 1740 5632 pro
1766 5563 1894 5633 ipsis
1918 5578 2037 5618 ora-

437 5665 574 5711 ‘tum
622 5665 737 5720 est;
779 5655 871 5711 scd
915 5654 981 5710 ad
1028 5654 1168 5708 illam
1198 5653 1432 5708 ultimam
1461 5653 1887 5709 damnationem:
1927 5670 2035 5710 non

464 5748 600 5800 sicut
627 5755 809 5802 contra
839 5745 1046 5800 Domini
1075 5743 1380 5799 traditorem
1408 5760 1502 5813 per
1527 5743 1870 5814 prophetam;
1912 5761 2035 5801 nam

466 5835 550 5890 illa
571 5877 586 5900 ,
613 5845 670 5890 ut
695 5836 889 5891 dictum
927 5832 1010 5891 est
1029 5877 1043 5904 ,
1089 5833 1361 5905 pricdictio
1388 5835 1682 5890 futurorum
1703 5875 1720 5902 ,
1752 5851 1858 5890 non
1882 5846 2034 5907 opta-

463 5929 538 5982 tio
566 5927 810 6001 supplicii
842 5927 940 5984 fuit
967 5944 980 5982 :
1011 5941 1108 5983 nec
1135 5927 1272 5984 sicut
1308 5927 1374 5984 ab
1401 5927 1656 5999 Apostoio
1689 5938 1873 5987 contra
1909 5928 2031 5986 Aie-

1288 502 1379 559 DE
1417 497 1737 557 sermons
1776 495 2010 555 DOMINI
2047 493 2119 552 IN
2155 483 2409 572 MONTE,
2449 504 2508 562 s.
2547 504 2914 563 AUGUSTlNl

2163 616 2456 684 xandrum;
2487 634 2610 674 nam
2647 627 2700 676 et
2748 619 2871 676 inde
2915 619 3026 692 jam
3063 619 3192 678 satis
3239 617 3438 680 dictum
3463 632 3546 683 est
3585 644 3602 684 :
3639 630 3737 686 sed

2159 708 2296 766 Sicut
2332 711 2386 767 in
2423 712 2742 787 Apocalypsi
2779 713 2997 772 Joannis
3036 717 3260 788 legimus
3287 729 3550 791 martyres
3577 731 3736 782 orare

2159 801 2216 886 ut
2243 802 2575 859 vindicentur
2603 805 2784 876 (Apoc.
2814 822 2894 874 vi,
2924 807 3012 878 10)
3037 809 3052 875 ς
3096 824 3215 865 cum
3242 809 3331 868 ille
3361 813 3561 882 primus
3596 831 3738 872 mar-

2158 899 2244 964 tyr
2273 901 2328 948 ut
2354 892 2733 965 lapidatoribus
2761 899 2871 954 suis
2896 899 3279 970 ignosceretur,
3309 907 3557 962 oraverit.

2227 983 2317 1039 77.
2350 983 2455 1041 Sed
2499 986 2624 1043 hinc
2661 1004 2767 1044 non
2799 979 3009 1060 oportet
3051 993 3270 1049 moveri.
3304 995 3432 1063 Quis
3458 997 3601 1054 enim
3637 1015 3738 1056 au-

2159 1071 2281 1133 deat
2308 1075 2754 1150 allirmare,,cum
2791 1081 2864 1138 illi
2890 1085 3056 1140 sancti
3093 1085 3357 1142 candidati
3384 1101 3442 1144 se
3473 1091 3734 1148 vindicari

2157 1169 2438 1238 petierint,
2466 1179 2645 1227 utrum
2669 1181 2853 1228 contra
2879 1175 3024 1244 ipsos
3045 1171 3286 1233 homines
3303 1219 3318 1244 ,
3348 1193 3414 1234 an
3439 1181 3622 1238 contra
3653 1199 3741 1240 re-

2157 1273 2318 1332 gnum
2349 1263 2549 1332 peccati
2571 1259 2850 1334 petierint?
2869 1265 3003 1324 Nam
3028 1269 3140 1340 ipsa
3161 1278 3243 1325 est
3268 1273 3471 1328 sincera
3499 1283 3552 1330 et
3580 1277 3736 1345 plena

2152 1351 2370 1424 justitiae
2398 1364 2452 1410 et
2481 1357 2860 1415 miseriCordiae
2886 1355 3114 1418 vindicta
3145 1373 3434 1436 martyrum
3453 1409 3467 1432 ,
3501 1377 3559 1423 ut
3587 1385 3741 1425 ever-

2158 1447 2298 1534 tatur
2325 1461 2545 1534 regnum
2596 1449 2828 1519 peccati,
2857 1465 2962 1521 quo
3007 1463 3261 1524 regnante
3310 1465 3452 1512 tanta
3493 1463 3738 1530 perpessi

2156 1533 2296 1592 sunt.
2329 1537 2411 1592 Ad
2437 1539 2587 1609 cujus
2612 1541 2941 1598 eversionem
2967 1544 3152 1599 nititur
3169 1547 3451 1616 Apostolus
3470 1591 3486 1616 ,
3518 1549 3736 1609 dicens:

2157 1623 2282 1706 Non
2320 1645 2438 1702 ergo
2480 1642 2662 1717 regnet
2691 1629 2950 1704 peccatum
2985 1635 3040 1690 in
3082 1647 3242 1694 vestro
3286 1641 3486 1696 mortali
3527 1659 3742 1717 corpore

2160 1717 2334 1792 (Rom.
2363 1735 2445 1787 vi,
2476 1721 2589 1794 l2).
2620 1715 2922 1781 Destruitur
2948 1731 3122 1783 antem
3164 1731 3218 1785 et
3259 1732 3510 1788 evertitur
3533 1715 3740 1805 peccati

2154 1821 2405 1880 regnum,
2449 1811 2638 1881 partim
2681 1817 3010 1871 correctione
3055 1817 3356 1888 hominum,
3400 1829 3455 1876 ut
3479 1839 3604 1880 caro
3630 1829 3742 1898 Spi-

2155 1900 2276 1953 ritui
2315 1901 2658 1970 subjiciatur;
2707 1901 2898 1974 partim
2924 1904 3260 1964 damnatione
3285 1916 3738 1980 perseverantium

2153 1989 2207 2044 in
2250 2001 2499 2060 peccato,
2547 2002 2604 2048 ut
2648 1995 2719 2049 ita
2753 1995 2956 2066 justitia
2985 1997 3318 2068 ordinentur,
3347 2007 3404 2057 ut
3422 2005 3580 2074 justis
3613 2024 3739 2064 cum

2153 2079 2364 2138 Christo
2393 2086 2735 2155 regnantibus
2766 2087 2974 2144 molesti
3000 2103 3119 2145 esse
3152 2107 3257 2146 non
3277 2093 3499 2162 possint.
3526 2097 3740 2155 Intuere

2153 2177 2451 2244 apostolum
2480 2177 2730 2246 Paulum;
2764 2195 2943 2236 nonne
2969 2182 3062 2237 tibi
3091 2182 3302 2239 videtur
3326 2185 3379 2241 in
3417 2187 3592 2258 seipso
3618 2189 3740 2247 Ste-

2154 2265 2384 2336 phanum
2412 2277 2696 2341 martyrem
2723 2271 3023 2342 vindicare,
3046 2289 3166 2330 cum
3192 2275 3320 2332 dicit
3348 2297 3362 2332 :
3395 2277 3516 2333 Non
3545 2283 3617 2335 sic
3639 2301 3742 2354 pip

2153 2377 2251 2432 gno
2270 2402 2285 2428 ,
2319 2369 2556 2432 tanquam
2575 2379 2738 2418 aerem
2763 2365 2957 2421 cwdens
2974 2383 2995 2431 ;
3015 2367 3102 2422 sed
3126 2366 3315 2441 castigo
3341 2387 3522 2442 corpus
3548 2391 3734 2445 meum,

2150 2459 2198 2506 et
2221 2451 2443 2506 servituti
2470 2453 2677 2524 subjicio
2699 2453 2740 2525 (l
2761 2455 2875 2511 Cor.
2903 2472 2988 2524 ix,
3016 2455 3086 2512 26
3105 2499 3120 2526 ,
3150 2458 3278 2532 27)?
3301 2461 3434 2516 Nam
3465 2463 3567 2519 hoc
3591 2465 3644 2520 in
3673 2481 3733 2521 se

2150 2540 2330 2612 utique
2358 2541 2754 2613 prosternebat,
2787 2552 2840 2601 et
2872 2545 3210 2615 debilitabat,
3243 2552 3518 2619 etvictum
3547 2555 3563 2586 ¹
3586 2555 3738 2609 ordi-

2151 2635 2328 2702 nabat,
2381 2635 2519 2691 unde
2548 2635 2872 2706 Stephanum
2922 2647 3248 2711 caeterosque
3272 2639 3600 2700 Christianos
3622 2645 3741 2704 lue-

2150 2735 2232 2780 rat
2253 2736 2580 2796 persecutus.
2610 2728 2738 2794 Quis
2761 2744 2890 2799 ergo
2912 2730 3177 2786 convincit
3211 2737 3470 2805 martyres
3516 2746 3732 2792 sanctos

2151 2829 2260 2870 non
2281 2817 2436 2872 talem
2461 2833 2610 2874 suam
2633 2817 2918 2874 vindictam
2945 2835 2975 2875 a
3007 2819 3229 2878 Domino
3253 2839 3372 2880 esse
3396 2825 3735 2898 deprecatus,

2149 2920 2270 2962 cum
2319 2906 2479 2962 etiam
2529 2907 2688 2963 linem
2735 2907 2891 2978 huius
2919 2911 3131 2977 saeculi,
3174 2911 3228 2966 iu
3267 2928 3369 2983 quo
3402 2921 3545 2969 tanta
3574 2917 3740 2972 exitia

2151 2997 2510 3067 pertulerunt,
2557 2999 2624 3053 ad
2672 3013 2822 3054 suam
2869 3001 3152 3057 vindictam
3192 3006 3462 3073 potuerint
3511 3006 3739 3064 licenter

2151 3092 2374 3160 optare?
2403 3091 2555 3158 Quod
2602 3091 2692 3162 qui
2733 3099 2918 3158 orant,
2962 3097 3016 3148 et
3056 3110 3152 3164 pro
3181 3096 3408 3152 inimicis
3434 3099 3544 3154 suis
3572 3109 3734 3156 orant

2150 3181 2238 3250 qui
2269 3179 2530 3237 sanabiles
2559 3191 2708 3248 sunt,
2743 3189 2797 3238 et
2824 3193 3006 3238 contra
3035 3184 3152 3240 illos
3180 3201 3281 3240 non
3310 3196 3464 3242 orant
3492 3191 3515 3221 ⁸
3542 3191 3629 3260 qui
3651 3191 3738 3246 in-

2149 3273 2411 3330 sanabiles
2438 3285 2556 3331 esse
2581 3275 2896 3331 voluerunt:
2925 3277 3043 3346 quia
3073 3279 3212 3333 Deus
3233 3294 3440 3350 quoque
3464 3283 3734 3351 puniendo

2150 3365 2270 3421 illos
2301 3381 2404 3420 non
2431 3373 2512 3421 est
2535 3366 2826 3422 malevb‘lds
2847 3376 3034 3433 tortor,
3065 3369 3157 3423 sed
3171 3369 3496 3438 jiistissimus
3517 3373 3735 3428 ordina-

2150 3465 2252 3512 tor.
2283 3456 2408 3513 Sine
2434 3458 2537 3511 ulla
2567 3473 2693 3528 ergo
2717 3458 3048 3514 dubitatione
3069 3459 3344 3530 diligamus
3371 3461 3614 3519 inimicos
3637 3480 3737 3520 no—

2147 3557 2287 3603 stros
2306 3589 2319 3612 ,
2347 3547 2736 3603 benefaciamus
2762 3548 2848 3602 his
2876 3549 2964 3618 qui
2993 3549 3222 3605 oderunt
3254 3565 3381 3618 nos,
3423 3562 3476 3608 et
3517 3568 3736 3614 oremus

2149 3647 2244 3710 pro
2270 3639 2346 3693 eis
2381 3640 2468 3709 qui
2498 3655 2596 3694 nos
2625 3650 3025 3710 persequuntur.

2215 3731 2439 3788 CAPUT
2483 3732 2667 3788 XXIII.
2699 3764 2770 3775 —
2798 3733 2886 3789 78.
2929 3734 3078 3802 Quod
3122 3742 3298 3792 autem
3337 3746 3729 3806 consequenter

2145 3824 2372 3894 positum
2405 3835 2485 3880 εει
2509 3868 2521 3891 ,
2559 3825 2627 3880 Ut
2649 3827 2758 3880 sitis
2782 3827 2870 3894 lilii
2895 3826 3064 3882 Patris
3091 3830 3241 3883 uestri
3263 3831 3349 3900 qui
3382 3832 3435 3884 in
3462 3832 3598 3886 ctelis
3624 3842 3730 3900 est,

2146 3927 2210 3973 ex
2237 3918 2324 3973 illa
2350 3917 2530 3988 regula
2555 3918 2951 3988 intelligendum
2980 3930 3089 3989 est,
3118 3937 3219 3992 qua
3238 3932 3292 3977 et
3319 3921 3551 3979 Joannes
3577 3925 3728 3992 dicit,

2145 4010 2296 4064 Dedit
2313 4009 2416 4064 illis
2441 4014 2729 4080 potestatem
2751 4009 2884 4079 ﬁlios
2910 4010 3007 4065 Dei
3027 4013 3136 4080 ﬁeri
3163 4012 3338 4084 (Joan.
3366 4032 3406 4083 ι,
3437 4015 3552 4088 12).
3575 4015 3730 4073 Unus

2144 4101 2283 4156 enim
2315 4101 2620 4156 naturaliter
2654 4101 2821 4157 Filius
2847 4109 2962 4169 est,
3001 4104 3090 4173 qui
3134 4105 3301 4158 nescit
3341 4107 3558 4160 omnino
3602 4123 3729 4177 pec-

2143 4207 2265 4247 care
2295 4211 2308 4246 :
2338 4205 2435 4247 nos
2480 4199 2652 4246 autem
2694 4199 2954 4262 poteState
2981 4202 3198 4263 accepta
3238 4193 3500 4250 efficimur
3528 4197 3638 4263 ﬁlii,
3669 4199 3724 4252 in

2146 4289 2398 4353 quantum
2417 4297 2478 4337 ea
2499 4299 2617 4353 qua:
2641 4283 2709 4337 ab
2734 4285 2823 4338 illo
2849 4285 3224 4353 pra-cipiuntur
3247 4286 3547 4356 impiemus.
3572 4288 3726 4344 Unde

2143 4371 2430 4442 apostolica
2477 4372 2753 4441 disciplina
2815 4371 3152 4442 adoptionem
3197 4376 3463 4445 appellat,
3520 4390 3621 4447 qua
3670 4378 3727 4432 in

2143 4470 2396 4517 aeternam
2423 4459 2784 4517 haereditate'n’i
2809 4476 3078 4531 vocamur,
3111 4473 3168 4519 ut
3193 4465 3502 4522 cohmredes
3525 4467 3726 4523 Christi

2143 4565 2262 4609 esse
2299 4553 2562 4624 possimus
2604 4552 2780 4624 (Rom.
2811 4556 2898 4608 vui
2920 4594 2934 4618 ,
2969 4554 3069 4619 17,
3104 4563 3150 4607 et
3192 4553 3362 4608 Galat.
3391 4570 3464 4620 iv,
3498 4556 3571 4627 5).
3600 4556 3723 4613 Filii

2143 4660 2269 4716 ergo
2295 4645 2554 4700 ei‘iicimur
2577 4643 2978 4715 regeneratione
3014 4645 3274 4714 spirituaii
3290 4688 3304 4712 ,
3329 4655 3382 4701 et
3409 4648 3726 4716 adoptamur

2143 4733 2197 4791 in
2226 4751 2446 4805 regnum
2473 4735 2601 4801 Dei,
2630 4751 2736 4789 non
2760 4743 3004 4805 tanquam
3029 4736 3189 4790 alieni
3211 4765 3224 4801 ,-
3259 4736 3350 4792 sed
3375 4749 3628 4809 tanquam
3653 4739 3725 4796 ab

2143 4828 2235 4883 illo
2261 4827 2382 4882 facti
2420 4836 2474 4884 et
2500 4829 2663 4883 creati
2687 4841 2702 4881 :
2735 4836 2793 4882 ut
2819 4844 2982 4883 unum
3012 4829 3079 4883 sit
3115 4827 3428 4884 beneﬁcium
3450 4872 3466 4898 ,
3493 4846 3597 4901 quo
3626 4847 3722 4887 nos

2141 4918 2266 4974 lecit
2287 4931 2404 4973 esse
2429 4933 2525 4989 per
2544 4919 2978 4989 omnipotentiam
3030 4927 3215 4987 suam,
3265 4937 3384 4977 cum
3425 4931 3547 4978 ante
3587 4924 3722 4979 nihil

2141 5022 2412 5075 essemus;
2439 5009 2663 5064 alterum
2688 5024 2792 5080 quo
2818 5010 3120 5086 adoptavit,
3151 5019 3208 5064 ut
3231 5027 3352 5066 cum
3377 5027 3443 5068 eo
3473 5019 3724 5081 tanquam

2141 5100 2233 5154 lilii
2265 5101 2369 5155 vita
2408 5109 2603 5154 aeterna
2645 5116 2739 5169 pro
2765 5109 2943 5154 nostra
2968 5100 3366 5172 participatione
3401 5102 3722 5159 fruerentur.

2140 5189 2321 5260 Itaque
2350 5204 2455 5244 non
2480 5189 2588 5256 ait,
2616 5189 2795 5244 Facite
2824 5189 2924 5243 ista
2943 5230 2960 5258 ,
2987 5191 3110 5260 quia
3130 5193 3259 5247 estis
3290 5191 3421 5260 lilii;
3465 5193 3588 5260 sed,
3613 5193 3721 5248 Fa-

2141 5281 2245 5336 cite
2270 5280 2368 5335 ista
2387 5321 2402 5342 ,
2433 5289 2488 5334 ut
2507 5280 2620 5334 sitis
2641 5279 2753 5334 lilii.

2211 5372 2298 5425 79.
2341 5370 2473 5426 Cum
2492 5379 2667 5425 autem
2692 5369 2758 5424 ad
2789 5369 2891 5425 hoc
2915 5385 3012 5426 nos
3030 5382 3181 5427 vocat
3211 5387 3304 5442 per
3325 5371 3498 5443 ipsum
3519 5373 3723 5445 Unige-

2144 5462 2343 5529 nitum,
2376 5461 2439 5514 ad
2469 5460 2869 5516 similitudinem
2922 5472 3069 5517 suam
3097 5478 3195 5517 nos
3218 5473 3389 5517 vocat.
3418 5464 3512 5520 Ille
3539 5467 3679 5519 enim
3702 5508 3720 5535 ,

2141 5553 2276 5607 sicut
2301 5562 2688 5622 consequenter
2717 5553 2878 5621 dicit,
2921 5553 3074 5608 solem
3098 5570 3247 5608 suum
3273 5555 3395 5609 oriri
3419 5556 3541 5624 facit
3569 5573 3724 5628 super

2142 5644 2295 5699 bonos
2320 5652 2367 5696 et
2394 5643 2581 5710 malos,
2611 5654 2659 5696 et
2693 5642 2821 5713 pluit
2863 5660 3016 5712 super
3049 5645 3219 5714 justas
3244 5654 3288 5699 et
3327 5647 3560 5717 injustas.
3593 5648 3722 5705 Sive

2141 5736 2311 5794 solem
2339 5749 2492 5789 suum
2521 5749 2625 5789 non
2657 5734 2814 5790 istum
2841 5735 3048 5791 carneis
3078 5736 3244 5791 oculis
3270 5735 3529 5792 visibilem
3573 5739 3720 5793 acci-

2203 5877 2220 5910 ι
2238 5876 2460 5926 Undecim
2479 5881 2607 5936 Mss,
2623 5872 2843 5925 vinctum.

2203 5940 2224 5972 ⁸
2247 5946 2352 5991 Mss.
2374 5937 2491 5998 duo,
2520 5943 2567 5988 et
2583 5943 2748 5991 contra
2770 5936 2878 5991 illos
2898 5943 3068 6001 orant;
3089 5939 3265 5994 omisi
3279 5942 3555 6005 negatione.
