4076 6466
399 349 540 412 ιιιι

402 471 513 528 hoc
535 483 658 527 eum
685 464 1022 541 prohibuisse
1046 469 1104 517 ut
1129 467 1274 516 recte
1323 458 1415 511 ﬁat
1452 466 1635 510 coram
1681 444 2006 507 hominibus,

403 564 505 620 sed
531 577 600 620 ne
619 539 697 618 obl
713 560 767 617 id
792 559 928 616 forte
953 565 1098 613 recte
1140 552 1232 608 ﬁat
1261 564 1442 605 coram
1482 543 1806 611 hominibus,
1832 549 1890 596 ut
1925 539 2006 594 vi-

406 657 634 714 deamur
656 655 726 710 ab
759 654 859 719 eis,
892 650 944 706 id
973 656 1074 713 est,
1104 654 1160 701 ut
1187 643 1290 700 hoc
1321 642 1644 707 intueamur,
1665 644 1722 693 et
1749 633 1822 690 ibi
1848 632 2008 688 ﬁnem

407 748 582 808 nostri
613 743 870 818 propositi
887 741 1230 797 collocemus.

482 842 538 898 δ.
567 817 697 896 Nam
721 847 775 893 et
796 831 1082 906 Apostolus
1106 829 1252 896 dicit,
1288 827 1352 884 ss
1387 825 1556 880 adhuc
1583 819 1867 877 hminibus
1899 817 2012 889 pla-

407 949 596 999 cerem,
623 929 809 986 Christi
855 941 1025 981 servus
1067 939 1168 978 non
1215 935 1375 976 essent
1419 915 1631 989 (Galat.
1657 929 1700 983 ι,
1729 910 1857 983 10);
1887 923 2008 964 cum

406 1025 522 1080 alio
540 1024 656 1078 loco
683 1021 845 1086 dicat,
878 1017 1086 1072 Placete
1104 1013 1332 1069 omnibus
1363 1027 1451 1082 per
1477 1008 1669 1072 omnia,
1700 1006 1826 1061 sicut
1845 1010 1892 1057 et
1917 1017 2013 1072 ego

410 1116 646 1170 oninibus
673 1130 763 1184 per
791 1111 961 1166 omnia
983 1110 1157 1180 placeo
1191 1105 1233 1177 (Ι
1259 1105 1376 1162 Cor.
1398 1119 1454 1169 ι,
1482 1101 1573 1169 52,
1602 1098 1713 1170 55).
1741 1095 1896 1164 Quod
1922 1094 2014 1164 qui

412 1225 524 1264 non
553 1206 874 1277 intelligunt,
914 1200 1239 1258 contrarium
1265 1205 1486 1269 putant;
1513 1209 1635 1250 cum
1664 1192 1752 1248 ille
1783 1204 1842 1245 se
1861 1188 2014 1244 dixe-

412 1301 487 1358 rit
508 1316 612 1355 non
630 1300 844 1370 placere
865 1294 1188 1359 hominibus,
1215 1292 1336 1363 quia
1358 1304 1464 1345 non
1487 1287 1606 1344 ideo
1626 1292 1772 1342 recte
1792 1282 2018 1338 faciebat

417 1401 482 1448 ιιι
509 1393 740 1462 placeret
771 1388 1096 1466 licininibus,
1133 1383 1226 1440 sed
1249 1392 1308 1438 ut
1331 1383 1464 1449 Deo,
1490 1378 1556 1434 ad
1585 1378 1737 1448 cujus
1776 1387 2017 1430 amorem

415 1485 581 1540 Corda
601 1485 877 1539 hominum
897 1480 1110 1536 volebat
1123 1485 1456 1543 convertere,
1474 1487 1541 1530 eo
1570 1473 1687 1542 ipso
1713 1484 1818 1540 quo
1838 1467 2018 1538 place-

419 1576 515 1634 bat
549 1576 872 1632 hominibus.
920 1573 1102 1643 itaque
1126 1577 1183 1626 et
1209 1583 1317 1624 non
1359 1581 1418 1622 se
1461 1565 1676 1637 placere
1717 1559 2021 1618 hominibus

418 1679 569 1728 recte
590 1669 822 1736 dicebat,
851 1667 974 1737 quia
995 1667 1048 1721 in
1071 1679 1138 1720 eo
1160 1665 1275 1734 ipso
1295 1669 1354 1717 ut
1375 1661 1488 1715 Deo
1514 1657 1750 1729 placeret
1782 1653 2024 1710 intueba-

417 1771 546 1820 tur:
574 1771 628 1818 et
654 1759 970 1832 placendum
997 1773 1120 1814 esse
1146 1753 1452 1810 hominibus
1475 1759 1621 1808 recte
1661 1747 2020 1820 praecipiebat,

418 1870 531 1911 non
553 1865 610 1910 ut
629 1854 734 1911 hoc
760 1859 1102 1923 appeteretur
1139 1857 1391 1918 tanquam
1439 1858 1645 1900 merces
1675 1849 1820 1898 recte
1861 1839 2027 1894 facto—

360 2001 370 2012 ,,
420 1963 577 2014 rum;
602 1947 700 2002 sed
728 1947 850 2017 quia
880 1946 988 2000 Deo
1016 1944 1227 2014 placere
1255 1955 1364 1996 non
1389 1947 1590 2011 posset,
1617 1935 1708 2008 qui
1745 1949 1851 1989 non
1873 1947 1934 1990 se
1961 1930 2026 1986 iis

418 2055 561 2112 quos
587 2040 766 2095 salvos
806 2037 917 2094 fieri
949 2036 1117 2092 vellet
1134 2034 1401 2106 praeberet
1443 2029 1758 2107 imitandum
1785 2043 1800 2081 :
1833 2023 2028 2082 imitari

417 2141 604 2188 autem
635 2131 784 2186 illum
817 2129 907 2200 qui
955 2127 1058 2183 sibi
1078 2141 1184 2182 non
1215 2123 1499 2197 placuerit,
1529 2121 1675 2176 nullo
1701 2127 1856 2191 pacto
1879 2117 2029 2189 quis-

420 2239 585 2294 quam
628 2231 822 2293 potest.
850 2218 1000 2277 Sicut
1026 2233 1153 2290 ergo
1181 2233 1288 2272 non
1313 2212 1546 2272 absurde
1579 2213 1908 2284 loqueretur,
1939 2210 2032 2282 qui

422 2317 652 2386 diceret,
683 2314 740 2370 ln
771 2316 868 2370 hac
895 2328 1058 2384 opera
1105 2326 1209 2383 qua
1259 2325 1450 2366 navem
1473 2322 1675 2380 quaero,
1704 2322 1814 2362 non
1838 2319 2030 2362 navem

422 2421 634 2478 qumro,
669 2405 765 2462 sed
804 2405 1030 2476 patriam
1063 2422 1076 2458 :
1109 2403 1190 2459 sic
1229 2412 1284 2458 et
1314 2399 1606 2472 Apostolus
1657 2397 2034 2454 convenienter

424 2498 654 2565 diceret,
681 2498 738 2553 In
769 2497 868 2552 hac
888 2511 1072 2566 opera,
1103 2510 1208 2566 qua
1229 2493 1536 2550 hominibus
1563 2492 1769 2563 placeo,
1799 2505 1907 2545 non
1932 2491 2033 2545 ho-

427 2592 688 2657 minibus,
720 2591 814 2648 sed
834 2591 945 2646 Deo
975 2590 1180 2662 placeo,
1213 2589 1336 2660 quia
1358 2602 1464 2643 non
1491 2585 1597 2643 hoc
1617 2593 1832 2658 appeto,
1851 2581 1946 2638 sed
1967 2581 2035 2637 ad

425 2684 482 2741 id
519 2684 694 2740 refero
737 2692 791 2739 ut
840 2698 926 2738 me
969 2681 1262 2746 imitentur,
1281 2695 1415 2752 quos
1430 2681 1607 2736 salvos
1625 2678 1739 2734 ﬁeri
1762 2677 1905 2732 volo.
1928 2675 2038 2732 Sic-

427 2787 488 2832 ut
507 2776 634 2832 dicit
657 2775 724 2832 de
747 2775 1016 2831 oblatione
1041 2787 1160 2845 qua:
1183 2774 1243 2827 lit
1270 2773 1323 2826 in
1350 2779 1586 2838 sanctos,
1618 2768 1740 2825 Non
1759 2769 1877 2836 quia
1895 2783 2036 2838 quaa-

429 2884 493 2924 ro
510 2868 708 2937 datum,
735 2867 822 2922 sed
842 2867 1040 2937 inquiro
1069 2864 1292 2935 fructum
1315 2861 1554 2935 (Plutpp.
1585 2877 1660 2930 tv,
1689 2860 1780 2930 17)
1811 2878 1824 2915 :
1855 2859 1906 2914 id
1931 2867 2036 2928 est,

430 2961 787 3032 Quodquairo
811 2959 994 3015 datum
1023 2967 1282 3024 vestrum,
1311 2971 1418 3012 non
1442 2955 1546 3012 hoc
1573 2969 1779 3027 quaero,
1809 2953 1906 3010 sed
1930 2951 2039 3008 fru-

430 3063 578 3110 ctum
625 3060 884 3108 vestrum.
942 3049 1051 3106 Hoc
1097 3064 1240 3105 enim
1291 3047 1488 3109 indicio
1531 3062 1791 3119 apparere
1833 3054 2042 3118 petent

429 3153 693 3216 quantum
726 3141 1080 3215 profecnssent
1104 3139 1158 3195 in
1184 3140 1373 3207 Deum,
1395 3153 1515 3194 cum
1540 3140 1594 3194 id
1615 3138 1842 3195 libenter
1876 3137 2041 3194 ofler-

430 3249 560 3296 rent
586 3238 628 3304 ⁸,
658 3236 800 3308 quod
827 3251 931 3290 non
959 3243 1178 3305 propter
1207 3233 1455 3304 gaudium
1484 3231 1552 3287 de
1579 3231 1910 3298 muneribus,
1945 3231 2042 3288 sed

432 3340 661 3402 propter
685 3327 1116 3384 communionem
1145 3324 1421 3380 charitatis
1445 3323 1514 3379 ab
1541 3339 1608 3380 eo
1633 3325 1988 3394 quaerebatur.

509 3423 565 3478 4.
594 3420 909 3492 Quanquam
937 3426 993 3474 ct
1020 3432 1142 3473 cum
1169 3416 1336 3484 addit,
1365 3426 1420 3472 et
1447 3416 1592 3482 dicit,
1625 3416 1863 3487 Alioquin
1906 3433 2042 3472 nter-

434 3514 611 3572 cedem
635 3529 738 3568 non
764 3511 1006 3567 habebitis
1047 3512 1186 3581 apud
1227 3509 1436 3565 Patrem
1479 3519 1695 3564 uestrum
1720 3509 1807 3577 qui
1833 3508 1888 3562 in
1907 3509 2045 3562 caelis

440 3619 545 3675 cst,
578 3606 712 3664 nihil
749 3606 892 3662 aliud
912 3605 1244 3661 demonstrat
1283 3601 1386 3658 nisi
1419 3601 1473 3658 id
1507 3617 1608 3657 nos
1652 3615 1844 3658 cavere
1883 3617 2045 3672 opor-

438 3709 579 3766 tere,
611 3713 678 3755 ne
698 3699 984 3757 humanam
1003 3695 1212 3751 laudent
1236 3709 1332 3765 pro
1348 3701 1649 3748 nostrorum
1667 3708 1888 3764 Operum
1905 3708 2048 3748 mer-

439 3791 575 3847 cede
595 3805 918 3861 quaeramus,
945 3788 997 3843 id
1013 3796 1115 3855 est,
1137 3803 1200 3844 ea
1226 3800 1325 3842 nos
1353 3785 1537 3841 beatos
1550 3785 1689 3841 ellici
1705 3784 2043 3840 arbitremur.

514 3883 746 3941 CAPUT
771 3882 834 3938 ll.
864 3914 934 3923 —
960 3883 1014 3939 5.
1043 3881 1173 3938 Cum
1216 3897 1334 3954 ergo
1378 3880 1505 3951 facis
1550 3879 1934 3950 elcemosynam,
1968 3879 2049 3934 in-

441 3976 582 4048 quit,
611 3976 716 4031 noli
736 3975 852 4029 tuba
879 3989 1059 4028 canere
1075 3982 1193 4027 ante
1207 3981 1274 4038 te,
1306 3973 1436 4025 sicut
1469 3972 1748 4042 hypocrita
1775 3970 1966 4040 faciunt
1995 3971 2049 4024 in

443 4065 724 4138 synagogis
748 4074 796 4119 et
825 4065 879 4118 in
900 4063 1042 4126 vicis,
1075 4071 1129 4115 ut
1151 4061 1494 4133 gloriﬁcentur
1519 4061 1581 4114 ab
1611 4059 1914 4115 hominibus.
1943 4059 2045 4115 No-

439 4159 507 4226 li,
534 4159 724 4230 inquit,
757 4157 835 4213 sic
863 4156 999 4210 velle
1028 4155 1383 4217 innotescere,
1409 4160 1466 4206 ut
1493 4153 1803 4224 hypocritac.
1833 4150 2052 4207 Manife-

443 4265 590 4312 stum
620 4262 704 4308 est
729 4260 908 4307 autem
953 4246 1259 4321 hypocritas
1299 4261 1402 4300 non
1444 4245 1587 4318 quod
1622 4246 1788 4301 oculis
1817 4253 2049 4316 praeten-

447 4346 585 4403 dunt
605 4343 904 4408 hominum,
935 4340 986 4396 id
1005 4340 1162 4396 etiam
1194 4338 1355 4396 corde
1380 4345 1612 4409 gestare.
1641 4337 1778 4394 Sunt
1799 4337 1941 4392 enim
1963 4337 2055 4409 hy-

447 4436 676 4511 pocrita:
725 4436 1062 4492 simulatores
1088 4473 1104 4499 ,
1163 4440 1412 4502 tanquam
1453 4430 1883 4500 pronuntiatores
1927 4444 2052 4498 per-

437 4525 709 4586 sonarum
776 4527 1072 4583 alienarum
1098 4566 1116 4593 ,
1174 4523 1312 4580 sicut
1372 4523 1426 4578 in
1488 4521 1763 4578 theatricis
1839 4520 2050 4576 fabulis.

449 4621 572 4679 Non
620 4619 766 4678 enim
817 4619 908 4690 qui
937 4618 1045 4690 agit
1088 4625 1266 4688 partes
1312 4613 1730 4686 Agamemnonis
1774 4612 1827 4667 in
1859 4622 2058 4682 tragus-

451 4711 738 4783 dia,verbi
776 4711 964 4782 gratia,
1008 4709 1123 4765 sive
1165 4707 1389 4776 alicujus
1421 4705 1641 4760 alterius
1682 4704 1748 4758 ad
1780 4704 2054 4760 historiam

453 4807 541 4862 vel
571 4803 803 4862 fabulam
829 4819 948 4873 quae
974 4801 1148 4872 agitur
1177 4797 1512 4870 pertinentis,
1535 4813 1658 4852 vere
1679 4798 1792 4866 ipse
1819 4805 1930 4861 est;
1960 4795 2055 4851 sed

453 4896 676 4956 simulat
701 4910 847 4961 cum,
877 4902 932 4950 et
974 4890 1250 4964 hypocrita
1293 4889 1506 4945 dicitur.
1558 4889 1645 4945 Sic
1687 4890 1740 4943 in
1789 4887 2053 4955 Ecclesia,

454 4989 546 5044 vel
575 4988 630 5043 in
659 4987 804 5044 omni
832 4986 938 5039 vita
969 4985 1218 5049 humana,
1246 4981 1486 5052 quisquis
1507 4995 1566 5036 se
1591 4981 1704 5035 vult
1726 4981 1893 5036 videri
1913 4980 2056 5052 quod

455 5088 690 5145 nonest,
718 5077 994 5150 hypocrita
1023 5084 1124 5129 est.
1154 5073 1384 5129 Simulat
1410 5071 1554 5128 enim
1577 5071 1802 5142 justum,
1831 5087 1937 5126 non
1959 5089 2056 5128 ex-

457 5166 648 5235 hibet;
678 5169 802 5240 quia
845 5176 1012 5222 totum
1061 5164 1289 5219 fructum
1316 5163 1368 5217 in
1395 5161 1550 5218 laude
1576 5161 1851 5216 hominum
1887 5163 2055 5232 ponit,

457 5276 623 5334 quam
649 5268 875 5332 possunt
900 5259 1060 5315 etiam
1091 5256 1403 5312 simulantes
1437 5257 1732 5326 percipere,
1785 5253 1913 5309 dum
1960 5254 2059 5310 fal-

459 5351 583 5412 lunt
607 5367 703 5410 eos
725 5352 919 5423 quibus
949 5349 1198 5404 videntur
1222 5347 1372 5415 boni,
1422 5347 1488 5402 ab
1532 5348 1716 5419 eisque
1755 5347 2057 5403 laudantur.

463 5447 576 5508 Sed
603 5446 738 5502 tales
760 5445 829 5500 ab
845 5443 1145 5513 inspectore
1171 5440 1347 5495 cordis
1376 5440 1485 5495 Deo
1509 5439 1812 5497 mercedem
1839 5456 1946 5496 non
1972 5456 2062 5500 ac-

464 5542 692 5612 cipiunt,
735 5539 836 5594 nisi
869 5537 1091 5592 fallacia:
1135 5534 1452 5605 supplicium
1487 5551 1500 5587 :
1531 5534 1600 5589 ab
1628 5533 1934 5592 hominibus
1960 5552 2060 5592 au-

461 5645 597 5702 tem,
628 5634 816 5706 inquit,
849 5639 1174 5704 perceperunt
1218 5627 1495 5684 mercedem
1520 5644 1696 5694 suam;
1731 5627 2060 5687 rectissime-

461 5741 570 5801 que
585 5724 667 5780 bis
692 5724 916 5791 dicetur,
939 5721 1194 5778 Recedite
1208 5736 1240 5778 a
1255 5735 1363 5789 me,
1383 5717 1613 5791 Operarii
1632 5718 1804 5781 dolosi
1817 5737 1839 5791 ;
1865 5737 2060 5780 nomen

451 5883 458 5912 ι
528 5839 549 5873 ⁸
570 5847 754 5892 omnes
764 5845 888 5902 uss,
906 5839 1130 5892 facerent.

1192 340 1282 398 DE
1319 332 1646 396 SERMONE
1683 325 1918 387 DOMINI
1960 321 2028 380 IN
2065 319 2321 391 MONTE,
2360 321 2419 381 S.
2459 315 2832 377 AUGUSTINI

3559 312 3709 372 12⁸12

2116 453 2293 495 meum
2324 436 2604 501 habuistis,
2636 433 2729 490 sed
2749 447 2910 504 opera
2933 445 3052 487 mea
3078 444 3187 488 non
3217 427 3437 487 fecistis.
3469 427 3550 486 llli
3576 446 3717 502 ergo

2116 539 2470 604 perceperunt
2509 527 2809 584 mercedem
2848 539 3021 592 suam,
3051 523 3140 595 qui
3165 537 3270 578 non
3295 522 3368 578 ob
3393 522 3533 577 aliud
3560 524 3718 578 elec—

2114 638 2394 696 mosynam
2427 621 2642 688 faciunt,
2670 619 2771 675 nisi
2795 627 2852 673 ut
2878 616 3242 689 gloriﬁcentur
3260 615 3330 671 ab
3357 614 3662 670 hominibus
3695 632 3710 668 :

2115 733 2222 774 non
2250 716 2294 772 si
2317 715 2684 787 gloriﬁcentur
2704 711 2772 766 ab
2801 708 3122 776 hominibus,
3149 706 3244 763 sed
3278 707 3324 762 si
3367 705 3486 762 ideo
3512 704 3717 760 faciant

2115 819 2177 867 ut
2202 807 2585 881 gloriﬁcentur,
2635 805 2774 861 sicut
2809 802 3054 874 superius
3103 808 3384 856 tractatum
3435 809 3537 854 est.
3571 798 3719 852 Laus

2117 906 2260 963 enim
2306 905 2539 961 humana
2564 918 2673 958 non
2711 900 2889 974 appeti
2917 915 2948 954 a
2969 907 3114 954 recte
3136 896 3383 963 faciente,
3413 895 3506 950 sed
3528 893 3723 949 subse—

2119 1001 2209 1071 qui
2231 999 2391 1056 debet
2408 1007 2554 1054 recte
2580 996 2862 1052 facientem
2894 1010 2910 1048 :
2941 1001 3001 1046 ut
3019 991 3097 1046 illi
3121 988 3419 1061 proficiant,
3436 987 3527 1058 qui
3551 987 3718 1042 etiam

2119 1091 2315 1148 imitari
2343 1099 2568 1162 possunt
2590 1087 2732 1161 quod
2760 1085 3007 1150 laudant;
3032 1099 3140 1138 non
3156 1092 3214 1138 ut
3238 1081 3326 1137 hic
3349 1089 3498 1152 putet
3515 1077 3718 1149 aliquid

2119 1199 2214 1243 eos
2242 1183 2344 1241 sibi
2373 1182 2653 1256 prodesse,
2683 1195 2841 1252 quem
2875 1176 3114 1233 laudant.

2177 1300 2232 1356 6.
2250 1297 2326 1355 Te
2341 1308 2506 1354 autem
2525 1297 2740 1368 faciente
2755 1295 3138 1365 eleemosynam,
3161 1306 3263 1346 non
3276 1289 3402 1345 sciat
3411 1286 3617 1344 sinistra
3635 1296 3724 1340 tua

2122 1395 2248 1465 quid
2277 1394 2432 1466 faciat
2459 1392 2665 1447 dextera
2689 1400 2796 1443 tua.
2828 1387 2886 1442 Si
2914 1383 3240 1442 intellexeris
3284 1379 3558 1440 sinistram
3599 1377 3725 1434 inﬁ-

2126 1486 2278 1542 deles
2305 1485 2432 1553 dici,
2460 1482 2724 1539 videbitur
2748 1480 2891 1536 nulla
2911 1493 3031 1534 esse
3050 1475 3224 1547 culpa,
3242 1473 3452 1546 placere
3471 1469 3726 1526 ﬁdelibus

2127 1580 2303 1636 velle:
2330 1594 2452 1636 cum
2478 1591 2700 1650 prorsus
2726 1571 3072 1631 nihilominus
3090 1571 3145 1626 in
3163 1565 3520 1641 quorumlibet
3545 1564 3730 1620 homi-

2129 1689 2258 1728 num
2287 1671 2444 1728 laude
2483 1671 2711 1728 fructnm
2741 1677 2796 1726 et
2831 1667 2988 1724 ﬁnem
3017 1665 3142 1721 boni
3180 1663 3356 1734 operis
3399 1660 3730 1718 constituere

2130 1764 2532 1836 prohibeamur.
2559 1761 2715 1832 Quod
2739 1769 2916 1816 autem
2936 1758 3004 1815 ad
3034 1757 3087 1813 id
3114 1756 3344 1829 pertinet
3362 1763 3420 1810 ut
3445 1764 3496 1809 te
3516 1753 3732 1808 imiten-

2132 1865 2238 1922 tur,
2269 1856 2463 1929 quibus
2487 1865 2634 1912 recte
2663 1853 2801 1910 facta
2849 1861 2940 1908 tua
2985 1849 3280 1922 placuerint
3303 1888 3319 1915 ,
3368 1861 3475 1903 non
3522 1855 3728 1901 tantum

2133 1948 2400 2017 ﬁdelibus,
2447 1947 2544 2004 sed
2590 1947 2752 2004 etiam
2801 1943 3101 2000 inﬁdelibus
3146 1938 3502 1998 exhibendum
3537 1945 3642 2004 est,
3676 1945 3735 1991 ut

2133 2041 2416 2097 laudandis
2464 2040 2618 2096 bonis
2652 2037 2904 2110 operibus
2932 2035 3130 2092 nostris
3156 2035 3325 2090 Deum
3361 2031 3644 2097 honorent,
3679 2039 3733 2085 et

2136 2134 2351 2191 veniant
2374 2133 2442 2189 ad
2461 2133 2708 2188 salutem.
2734 2131 2792 2188 Si
2817 2137 2996 2185 autem
3015 2127 3286 2184 sinistram
3325 2124 3600 2180 inimicum
3629 2139 3730 2194 pu-

2138 2225 2354 2293 taveris,
2403 2233 2461 2279 ut
2498 2223 2700 2280 nesciat
2742 2221 2993 2278 inimicus
3019 2229 3142 2276 tuus
3177 2233 3300 2274 cum
3337 2217 3730 2286 eleemosynam

2138 2316 2300 2384 facis;
2331 2331 2426 2372 cur
2453 2317 2568 2386 ipse
2611 2314 2866 2370 Dominus
2901 2312 3129 2368 inimicis
3153 2309 3353 2366 Iudaeis
3381 2309 3732 2364 circumstan-

2140 2409 2282 2464 tibus
2325 2405 2746 2463 misericorditer
2793 2404 3002 2462 sanavit
3038 2399 3320 2458 homines?
3345 2415 3440 2456 cur
3464 2399 3738 2469 apostolus

2141 2502 2357 2568 Petrus,
2373 2509 2559 2556 sanato
2574 2515 2642 2556 eo
2667 2515 2826 2572 quem
2845 2498 2913 2555 ad
2931 2507 3140 2570 portam
3155 2495 3484 2567 Speciosam,
3506 2491 3740 2548 debilem

2141 2595 2426 2650 miseratus
2461 2601 2565 2661 est,
2609 2594 2770 2650 etiam
2811 2593 2917 2648 iras
2963 2591 3298 2646 inimicorum
3327 2589 3384 2644 in
3417 2603 3478 2644 se
3502 2597 3663 2657 atque
3687 2586 3741 2642 in

2143 2685 2278 2740 alios
2315 2683 2515 2741 Christi
2553 2683 2847 2754 discipulos
2891 2682 3106 2754 pertulit
3125 2680 3260 2753 (Act.
3287 2695 3363 2747 ιιι,
3388 2678 3500 2750 tv)?
3537 2676 3745 2734 Deinde

2144 2779 2191 2834 si
2218 2793 2325 2835 non
2351 2787 2563 2849 oportet
2589 2779 2728 2834 scire
2755 2778 3050 2845 inimicum,
3081 2791 3203 2831 cum
3245 2775 3640 2844 eleemosynam
3666 2771 3746 2826 fa-

2144 2873 2346 2939 cimus,
2375 2870 2643 2943 quomodo
2667 2885 2788 2926 cum
2829 2869 2946 2940 ipso
2969 2869 3182 2924 inimico
3206 2857 3480 2931 faciemus,
3526 2873 3586 2920 ut
3613 2863 3747 2919 illud

2146 2964 2464 3034 impleamus
2489 2972 2835 3033 praaceptum,
2864 2960 2927 3016 Si
2946 2960 3174 3015 esurierit
3201 2959 3434 3014 inimicus
3458 2967 3595 3025 tuus,
3635 2955 3749 3011 ciba

2145 3057 2322 3125 illum,
2351 3057 2395 3112 si
2418 3055 2616 3119 sitierit,
2645 3064 2819 3126 potum
2845 3055 2912 3106 da
2936 3051 3015 3106 illi
3042 3051 3220 3122 (Prov.
3251 3066 3360 3107 xxv
3383 3092 3398 3118 ,
3429 3049 3556 3122 21)?

2221 3150 2276 3204 7.
2304 3148 2483 3205 Tertia
2512 3147 2650 3203 solet
2675 3160 2796 3202 esse
2823 3143 3115 3200 carnalium
3145 3143 3344 3214 opinio,
3387 3154 3495 3197 tam
3515 3140 3749 3197 absurda

2148 3253 2207 3301 et
2225 3240 2466 3308 ridenda,
2493 3249 2554 3296 ut
2572 3254 2678 3295 non
2705 3253 2824 3295 eam
2852 3250 3348 3299 commemorarem,
3367 3234 3472 3288 nisi
3495 3243 3751 3304 expertus

2149 3350 2327 3395 essem
2351 3349 2457 3390 non
2485 3345 2683 3404 paucos
2710 3345 2777 3386 eo
2811 3345 2993 3386 errore
3017 3327 3262 3394 detineri,
3289 3326 3380 3398 qui
3403 3324 3586 3380 dicunt
3621 3325 3751 3380 sini-

2151 3437 2278 3485 stra:
2305 3426 2520 3482 nomine
2547 3437 2768 3480 uxorem
2787 3420 3071 3493 signiﬁcari
3101 3437 3115 3473 :
3143 3428 3200 3475 ut
3224 3417 3470 3490 quoniam
3500 3416 3556 3472 in
3583 3431 3645 3472 re
3671 3415 3754 3470 fa-

2151 3519 2349 3575 miliari
2380 3518 2683 3574 tenaciores
2703 3515 3044 3586 pecuniarum
3071 3512 3245 3569 solent
3263 3526 3382 3567 esse
3407 3510 3648 3576 feminae,
3664 3511 3748 3566 la-

2155 3619 2263 3667 teat
2291 3625 2384 3666 eas
2409 3624 2533 3665 cum
2553 3607 2752 3679 aliquid
2777 3605 3197 3662 misericorditer
3223 3605 3324 3660 viri
3346 3619 3530 3660 earum
3568 3604 3754 3676 egenis

2154 3702 2473 3774 impendunt
2497 3708 2716 3772 propter
2742 3699 3064 3754 domesticas
3091 3697 3230 3754 lites.
3280 3697 3440 3765 Quasi
3481 3711 3607 3752 vero
3650 3697 3754 3752 soli

2152 3795 2253 3850 viri
2280 3792 2558 3849 christiani
2581 3791 2710 3857 sint,
2733 3799 2788 3845 et
2817 3804 2923 3844 non
2950 3788 3054 3844 hoc
3082 3797 3403 3860 praeceptum
3420 3789 3585 3844 etiam
3607 3787 3758 3843 femi-

2154 3887 2240 3942 nis
2261 3885 2444 3942 datum
2487 3884 2577 3939 sit.
2599 3881 2698 3939 Cui
2719 3895 2848 3953 ergo
2867 3880 3097 3937 sinistra:
3116 3881 3331 3952 jubetur
3355 3879 3554 3936 femina
3577 3881 3756 3936 occul-

2155 3987 2270 4034 tare
2289 3991 2422 4049 opus
2443 3973 2825 4031 misericordiae
2849 3973 2994 4028 sure?
3023 3974 3106 4028 An
3135 3973 3294 4028 etiam
3317 3973 3399 4028 vir
3423 3973 3637 4028 sinistra
3653 3972 3758 4028 erit

2155 4072 2406 4129 feminm?
2433 4069 2576 4142 quod
2605 4067 2985 4126 absurdissime
3023 4066 3234 4122 dicitur.
3286 4067 3392 4121 Aut
3418 4065 3462 4121 si
3490 4066 3754 4137 quispiam

2157 4174 2310 4236 putat
2339 4165 2566 4220 invicem
2604 4162 2705 4217 sibi
2731 4161 2977 4216 sinistras
3000 4174 3150 4225 esse;
3181 4159 3224 4214 si
3253 4158 3320 4214 ab
3347 4159 3516 4214 altero
3541 4158 3614 4213 ita
3636 4173 3758 4214 erc-

2157 4265 2312 4327 getur
2338 4254 2537 4326 aliquid
2566 4253 2635 4309 de
2659 4269 2719 4309 re
2744 4251 3008 4318 familiari,
3042 4259 3102 4306 ut
3123 4251 3188 4306 sit
3211 4260 3395 4306 contra
3419 4251 3638 4306 alterius
3659 4265 3756 4305 vo-

2159 4349 2440 4415 luntatem,
2479 4363 2586 4404 non
2633 4347 2737 4404 erit
2782 4345 3132 4402 christianum
3163 4345 3268 4400 tale
3291 4345 3632 4416 conjugium:
3663 4342 3757 4400 sed

2160 4456 2382 4499 necesse
2408 4447 2491 4496 est
2515 4448 2573 4495 ut
2595 4438 2834 4511 quisquis
2854 4453 3040 4494 eorum
3056 4437 3450 4506 eleemosynam
3468 4434 3646 4493 facere
3665 4451 3760 4493 vo-

2161 4534 2321 4591 luerit
2335 4549 2403 4590 ex
2423 4540 2690 4604 praecepto
2711 4531 2826 4598 Dei,
2848 4545 3236 4601 quemcumque
3253 4529 3536 4586 adversum
3557 4529 3760 4586 habue-

2160 4627 2252 4695 rit,
2284 4626 2530 4681 inimicus
2549 4624 2619 4680 sit
2634 4631 2900 4693 prmcepto
2914 4621 3029 4690 Dei,
3053 4630 3108 4678 et
3124 4621 3244 4678 ideo
3263 4621 3400 4678 inter
3413 4620 3660 4678 inﬁdeles
3675 4622 3759 4677 de-

2163 4726 2380 4788 putetur
2411 4734 2424 4770 :
2463 4724 2786 4786 praeceptum
2804 4721 2886 4768 est
2908 4722 3085 4768 autem
3103 4711 3176 4769 de
3196 4711 3406 4776 talibus,
3432 4722 3490 4768 ut
3509 4711 3647 4767 bona
3665 4727 3758 4767 sua

2163 4808 2566 4864 conversatione
2595 4822 2656 4860 ac
2694 4805 2932 4862 moribus
2965 4804 3260 4862 lucrifaciat
3291 4821 3510 4861 uxorem
3540 4806 3763 4862 maritus

2163 4899 2354 4967 ﬁdelis,
2386 4899 2468 4954 vel
2512 4898 2763 4954 maritum
2814 4897 3005 4952 mulier
3054 4897 3256 4964 ﬁdelis;
3304 4906 3630 4969 quapropter
3655 4914 3760 4954 non

2163 4992 2263 5048 sibi
2294 4990 2491 5046 debent
2515 4990 2786 5046 occultare
2814 4989 2954 5044 bona
2975 5003 3138 5057 opera
3159 5003 3271 5052 sua,
3292 4988 3484 5057 quibus
3504 4988 3759 5043 invitandi

2163 5092 2290 5139 sunt
2319 5083 2388 5139 ad
2422 5082 2674 5148 invicem,
2716 5089 2772 5136 ut
2796 5080 2936 5136 alter
2962 5080 3189 5135 alterum
3231 5081 3401 5151 possit
3427 5083 3493 5135 ad
3520 5081 3758 5136 christia-

2165 5189 2249 5232 nze
2283 5175 2407 5233 fidei
2444 5175 2874 5232 communionem
2923 5173 3167 5229 invitare.
3213 5173 3321 5228 Nec
3361 5172 3497 5229 furta
3525 5175 3761 5231 facienda

2163 5279 2310 5336 sunt,
2339 5275 2783 5339 utpromereatur
2805 5267 2964 5321 Deus.
2996 5265 3151 5334 Quod
3178 5266 3221 5320 si
3261 5266 3634 5321 occultandam
3687 5280 3765 5324 est

2166 5361 2386 5432 aliquid,
2429 5359 2680 5431 quamdiu
2720 5358 2940 5413 alterius
2982 5357 3262 5412 infirmitas
3305 5373 3460 5428 :equo
3502 5359 3683 5414 animo
3716 5361 3767 5414 id

2168 5470 2275 5510 non
2307 5462 2482 5524 potest
2522 5454 2809 5519 sustinere,
2835 5449 2977 5522 quod
3018 5460 3193 5506 tamen
3229 5467 3336 5506 non
3383 5451 3579 5522 injuste
3606 5462 3766 5522 atque

2167 5549 2349 5605 iﬂicite
2374 5547 2461 5614 ﬁt;
2495 5562 2600 5602 non
2631 5555 2806 5601 tamen
2835 5545 3002 5615 ipsam
3027 5560 3170 5600 nunc
3189 5545 3456 5600 sinistram
3479 5545 3764 5617 signiﬁcari

2168 5645 2330 5701 totius
2371 5643 2589 5713 capituli
2637 5639 3064 5696 consideratione
3110 5638 3265 5696 facile
3315 5650 3554 5712 apparet,
3581 5644 3637 5699 in
3663 5658 3766 5715 qua

2114 5767 2120 5771 -
2165 5739 2325 5796 simul
2356 5737 2655 5793 invenietur
2683 5751 2839 5806 quam
2870 5735 3140 5791 sinistram
3162 5745 3334 5792 vocet.

2247 5832 2300 5888 8.
2339 5829 2516 5887 Cavete
2534 5871 2550 5900 ,
2582 5829 2790 5900 inquit,
2835 5831 3004 5901 facere
3042 5827 3289 5901 iustitiam
3319 5837 3555 5903 vestram
3596 5845 3768 5886 caram
