4076 6524
334 438 466 498 1275

335 549 605 608 hominibus
632 558 687 604 ut
713 550 974 605 videamini
1009 551 1069 605 ab
1099 552 1169 606 eis
1193 567 1211 607 :
1233 552 1452 623 alioquin
1489 554 1762 608 mercedem
1790 570 1891 609 non

334 644 566 699 habebitis
603 642 739 712 apud
780 640 986 696 Patrem
1009 651 1223 697 vestrum
1251 644 1335 713 qui
1357 645 1410 697 in
1439 644 1573 698 caelis
1599 653 1688 698 est.
1716 643 1891 700 Gene-

331 734 509 792 raliter
532 732 618 788 hic
637 732 893 802 justitiam
936 734 1250 800 nominavit,
1282 734 1473 791 deinde
1511 736 1894 805 particulariter

332 826 650 897 exsequitur.
681 825 776 879 Est
799 827 938 880 enim
968 842 1089 897 pars
1118 827 1291 897 aliqua
1334 827 1550 897 justitia:
1594 844 1726 898 opus
1750 828 1893 899 quod

234 960 239 963 .
331 932 423 987 per
450 916 837 987 eleemosynam
869 918 943 985 ﬁt,
970 926 1024 972 et
1050 918 1169 973 ideo
1188 920 1454 974 connectit
1472 919 1697 974 dicendo
1719 962 1733 987 ,
1766 919 1894 975 Cum

332 1024 444 1078 ergo
468 1007 594 1076 facis
622 1006 983 1079 eleemosynam
1003 1051 1015 1073 ,
1047 1010 1149 1063 noli
1178 1009 1294 1063 tuba
1318 1026 1495 1065 canere
1518 1020 1631 1065 ante
1660 1021 1737 1077 te,
1767 1013 1897 1066 sicut

332 1100 601 1170 hypocrita
628 1098 816 1168 faciunt
838 1101 891 1153 in
919 1102 1187 1172 synagogis
1211 1110 1257 1156 et
1283 1102 1335 1155 in
1360 1103 1477 1157 vicis
1494 1144 1508 1169 ,
1532 1112 1585 1156 ut
1613 1102 1897 1174 gloriﬁcen-

333 1204 410 1248 tur
428 1194 488 1248 ab
517 1195 823 1249 hominibus.
851 1195 929 1250 Ad
955 1195 1057 1250 hoc
1087 1196 1301 1265 respicit
1338 1196 1475 1267 quod
1518 1198 1760 1266 superius
1788 1199 1889 1263 ait,

331 1272 504 1346 Cavete
528 1287 693 1356 facere
711 1288 959 1357 justitiam
992 1297 1201 1343 vestram
1225 1305 1393 1343 coram
1418 1288 1724 1353 hominibus,
1751 1298 1800 1342 ut
1824 1290 1897 1342 vi-

333 1366 572 1438 deamini‘
579 1383 641 1437 ab
663 1384 750 1437 eis.
775 1383 924 1449 Quod
952 1392 1127 1439 autem
1147 1384 1402 1453 sequitur,
1425 1383 1582 1437 Amen
1604 1384 1716 1437 dico
1736 1382 1889 1449 vobis,

330 1483 655 1545 perceperunt
700 1475 975 1529 mercedem
1003 1490 1178 1541 suam,
1221 1474 1285 1528 ad
1324 1473 1452 1528 illud
1500 1474 1713 1544 reSpicit
1753 1472 1893 1542 qurd

329 1580 483 1635 supra
528 1565 735 1635 posuit,
775 1565 1009 1635 Alioquin
1046 1564 1320 1620 mercedem
1356 1581 1456 1618 non
1483 1564 1719 1619 habebitis
1759 1564 1896 1634 apud

330 1657 535 1713 Patrem
572 1666 786 1712 vestrum
822 1660 905 1725 qui
942 1659 993 1711 in
1032 1658 1166 1712 ctelis
1189 1666 1279 1711 est.
1310 1656 1508 1712 Deinde
1537 1657 1791 1726 sequitur,
1824 1655 1896 1709 Te

326 1759 490 1804 autem
535 1752 747 1821 faciente
792 1750 1171 1819 eleemosynam.
1214 1746 1347 1803 Cum
1389 1748 1547 1814 dicit,
1579 1747 1653 1802 Te
1693 1756 1891 1813 autem,

325 1841 448 1913 quid
472 1840 614 1895 aliud
640 1840 786 1906 dicit,
813 1855 968 1909 quam
990 1881 1005 1906 ,
1028 1839 1142 1894 Non
1168 1838 1433 1910 quomodo
1457 1838 1569 1892 illi?
1604 1836 1739 1904 Quid
1765 1852 1892 1906 ergo

324 1934 450 1989 mihi
471 1933 661 2004 jubet?
692 1933 762 1987 Te
788 1942 951 1987 autem
989 1933 1232 2003 faciente,
1269 1932 1469 2001 inquit,
1497 1931 1892 2000 eleemosynam,

324 2044 422 2081 non
450 2027 575 2079 sciat
598 2024 799 2078 sinistra
828 2034 916 2077 tua
940 2023 1060 2094 quid
1086 2024 1238 2095 faciat
1278 2023 1480 2077 dextera
1514 2031 1619 2075 tua.
1654 2020 1794 2091 Ergo
1819 2020 1894 2074 illi

323 2117 399 2171 sic
423 2116 642 2180 faciunt,
666 2122 724 2168 ut
752 2115 883 2168 sciat
904 2114 1114 2168 sinistra
1136 2128 1320 2168 eorum
1342 2112 1467 2183 quid
1494 2111 1649 2167 faciat
1676 2112 1894 2166 dextera

323 2221 526 2262 eorum.
553 2203 702 2271 Quod
732 2202 963 2272 igiturin
993 2202 1093 2257 illis
1112 2201 1374 2271 culpatum
1398 2208 1495 2265 est,
1514 2199 1617 2255 hoc
1644 2208 1697 2253 tu
1723 2199 1894 2253 facere

323 2297 533 2351 vetaris.
571 2296 626 2349 ln
653 2295 755 2350 illis
781 2304 958 2348 autem
985 2295 1085 2349 hoc
1109 2293 1377 2361 culpatum
1404 2300 1516 2358 est,
1544 2290 1685 2361 quod
1714 2290 1784 2344 ita
1814 2289 1893 2343 fa-

323 2388 467 2442 ciunt
504 2395 562 2441 ut
605 2385 785 2440 laudes
811 2385 1082 2440 hominum
1108 2392 1363 2453 quaerant.
1395 2382 1725 2452 Quapropter
1761 2380 1894 2435 nihil

322 2478 728 2549 consequentius
746 2479 958 2551 sinistra
982 2476 1189 2531 videtur
1208 2475 1522 2545 signiﬁcare,
1546 2489 1701 2543 (luam
1724 2474 1892 2542 ipsam

323 2570 725 2626 delectationem
751 2569 939 2624 laudis.
969 2568 1196 2624 Dextera
1223 2575 1397 2622 autem
1435 2566 1691 2636 signiﬁcat
1722 2566 1893 2620 inten-

324 2664 518 2719 tionem
551 2662 803 2732 implendi
847 2669 1108 2732 przecepta
1137 2660 1331 2715 divina.
1374 2660 1504 2715 Cum
1549 2660 1722 2728 itaque
1760 2672 1891 2712 con-

323 2757 555 2811 scientia:
598 2754 833 2811 facientis
880 2755 1271 2825 eleemosynam
1310 2755 1498 2809 miscet
1538 2769 1596 2808 se
1640 2752 1892 2823 appetitio

321 2846 491 2901 laudis
528 2846 797 2914 humanae,
828 2846 887 2899 ﬁt
915 2846 1127 2901 sinistra
1170 2845 1383 2901 conscia
1412 2844 1587 2914 operis
1613 2843 1845 2899 dexterae
1875 2861 1889 2898 :

326 2939 535 2994 Nesciat
564 2954 690 3010 ergo
714 2940 917 2993 sinistra
947 2949 1034 2993 tua
1062 2938 1188 3009 quid
1204 2939 1359 3006 faciat
1376 2938 1578 2991 dextera
1596 2947 1703 3003 tua,
1719 2936 1771 2990 id
1787 2942 1887 3002 cst,

321 3047 429 3087 non
457 3046 515 3087 se
539 3031 759 3086 misceat
785 3030 1122 3086 conscientia:
1144 3038 1247 3084 tua:
1266 3028 1438 3084 laudis
1462 3028 1706 3082 humanae
1732 3042 1891 3096 appe-

326 3122 462 3188 titio,
480 3137 599 3177 cum
622 3122 672 3175 in
700 3122 1034 3193 eleemosyna
1050 3119 1289 3175 facienda
1315 3119 1547 3173 divinum
1569 3125 1889 3188 praeceptum

320 3215 597 3271 contendis
624 3216 860 3284 implere.

389 3308 443 3361 9.
490 3304 553 3360 Ut
582 3306 645 3359 sit
668 3305 978 3375 eleemosyna
1007 3313 1093 3357 tua
1114 3304 1167 3356 in
1192 3301 1499 3356 abscondito.
1530 3300 1663 3369 Quid
1691 3309 1804 3366 est,
1835 3300 1890 3355 in

320 3397 631 3464 abscondito,
664 3397 763 3450 nisi
792 3397 844 3449 in
874 3397 987 3465 ipsa
1014 3395 1148 3450 bona
1177 3392 1529 3458 conscientia,
1551 3407 1668 3461 quas
1698 3394 1885 3444 huma-

319 3489 403 3543 nis
426 3487 591 3542 oculis
610 3486 962 3541 demonstrari
990 3500 1093 3539 non
1118 3491 1311 3553 potest,
1338 3497 1439 3537 nec
1457 3481 1632 3536 verbis
1657 3482 1890 3551 aperiri?

318 3578 751 3648 Quandoquidem
793 3576 942 3631 multi
982 3576 1145 3630 multa
1186 3574 1529 3629 mentiuntur.
1560 3572 1888 3642 Quapropter

317 3671 362 3724 si
390 3670 607 3726 dextera
629 3669 943 3723 intrinsecus
970 3667 1076 3737 agit
1103 3666 1154 3719 in
1180 3665 1508 3731 abscondito,
1528 3664 1594 3719 ad
1623 3665 1888 3718 sinistram

317 3761 587 3830 pertinent
612 3760 788 3815 omnia
818 3758 1103 3823 exteriora,
1132 3773 1247 3826 qua:
1273 3765 1398 3812 sunt
1424 3755 1648 3810 visibilia
1678 3763 1730 3809 et
1756 3762 1888 3808 tem-

327 3852 544 3921 poralia.
569 3849 649 3907 Sit
671 3866 796 3921 ergo
844 3850 1181 3919 eleemosyna
1223 3857 1308 3901 tua
1347 3847 1398 3900 in
1425 3847 1535 3916 ipsa
1563 3846 1886 3900 conscientia

315 3952 429 4012 tua,
458 3943 547 3999 ubi
572 3942 721 3998 multi
747 3942 1140 4012 eleemosynam
1186 3938 1384 3993 faciunt
1425 3938 1561 3993 bona
1599 3937 1883 4001 voluntate,

315 4035 475 4089 etiam
502 4033 546 4087 si
575 4034 851 4102 pecuniam
871 4072 885 4097 ,
907 4032 991 4086 vel
1021 4030 1066 4085 si
1094 4029 1217 4101 quid
1243 4028 1384 4083 aliud
1403 4069 1418 4095 ,
1448 4028 1586 4097 quod
1612 4027 1752 4096 inopi
1777 4028 1884 4081 lar-

314 4123 563 4199 giendum
608 4131 724 4190 est,
781 4136 887 4177 non
937 4121 1152 4176 habent.
1194 4118 1337 4173 Multi
1392 4127 1567 4172 autem
1632 4117 1757 4171 loris
1802 4116 1884 4170 fa-

313 4218 490 4280 ciunt,
523 4222 576 4268 et
609 4214 748 4268 intus
794 4227 901 4265 non
950 4211 1147 4264 faciunt
1187 4208 1276 4279 qui
1316 4207 1401 4262 vel
1439 4207 1756 4271 ambitione,
1800 4206 1884 4261 vel

311 4307 534 4376 alicujus
584 4304 661 4360 rei
707 4301 1010 4373 temporalis
1057 4300 1225 4370 gratia
1276 4299 1456 4352 volunt
1513 4296 1884 4351 misericordes

312 4397 521 4463 videri,
562 4396 615 4449 in
661 4394 851 4464 quibus
886 4392 996 4446 sola
1035 4390 1245 4445 sinistra
1284 4388 1491 4458 operari
1539 4388 1883 4441 existimanda

312 4496 414 4544 est.
459 4486 589 4542 Item
635 4486 722 4540 alii
767 4484 918 4555 quasi
962 4481 1196 4538 medium
1237 4480 1375 4535 inter
1429 4488 1677 4549 utrosque
1706 4480 1884 4533 locum

314 4584 523 4641 tenent,
555 4584 611 4631 ut
654 4583 706 4629 et
752 4573 1042 4629 intentione
1092 4586 1210 4642 quae
1260 4571 1313 4623 in
1356 4569 1519 4622 Deum
1548 4578 1629 4622 est
1653 4569 1883 4623 eleemo-

311 4684 498 4741 synam
551 4665 793 4732 faciant,
837 4674 893 4720 et
936 4675 1111 4718 tamen
1162 4664 1361 4716 inserat
1403 4675 1461 4715 se
1502 4660 1621 4713 huic
1671 4660 1883 4729 optima:

310 4760 567 4816 voluntati
592 4757 843 4812 nonnulla
862 4756 1021 4810 etiam
1064 4753 1231 4807 laudis
1281 4752 1365 4806 vel
1409 4752 1623 4821 cuiusce
1657 4752 1734 4806 rei
1772 4750 1878 4805 fra-

310 4854 429 4922 gilis
478 4858 531 4905 et
584 4846 885 4917 temporalis
934 4844 1211 4914 cupiditas.
1252 4843 1353 4899 Sed
1396 4844 1649 4899 Dominus
1700 4855 1885 4899 noster

310 4943 479 4997 multo
506 4938 868 4994 vehementius
897 4935 1139 5006 prohibet
1165 4935 1328 4990 solam
1360 4935 1626 4991 sinistram
1657 4935 1706 4989 in
1732 4935 1883 4990 nobis

310 5033 553 5105 operari,
587 5029 797 5101 quando
839 5029 996 5083 etiam
1037 5027 1251 5082 misceri
1292 5041 1408 5082 eam
1446 5036 1593 5082 vetat
1632 5027 1882 5098 operibus

310 5125 542 5180 dextera:
565 5138 579 5177 :
605 5129 660 5175 ut
698 5120 899 5174 scilicet
926 5132 1032 5172 non
1072 5117 1231 5171 modo
1260 5117 1370 5171 sola
1401 5117 1763 5186 temporalium
1793 5133 1881 5172 re-

311 5231 428 5271 rum
473 5212 756 5283 cupiditate
790 5225 1069 5265 caveamus
1108 5210 1498 5281 eleemosynam
1544 5210 1749 5276 facere;
1789 5211 1882 5266 sed

313 5322 412 5362 nec
440 5306 510 5361 ita
542 5305 595 5359 in
623 5303 725 5358 hoc
749 5317 909 5372 opere
938 5301 1268 5357 attendamus
1307 5302 1502 5359 Deum.
1533 5311 1590 5356 ut
1628 5317 1746 5357 sese
1786 5304 1883 5357 mi-

315 5407 457 5454 sceat
481 5396 564 5452 vel
587 5396 837 5466 adiungat
860 5394 1179 5449 exteriorum
1193 5394 1444 5464 appetitio
1461 5394 1879 5450 commodorum.

316 5493 501 5561 Agitur
541 5491 681 5545 enim
729 5487 793 5542 de
837 5486 997 5541 corde
1034 5486 1370 5553 mandando,
1408 5488 1549 5557 quod
1586 5489 1687 5543 nisi
1726 5488 1885 5544 fuerit

316 5582 558 5649 simplex,
591 5578 843 5633 mundum
872 5592 974 5632 non
1004 5579 1123 5632 erit.
1155 5577 1389 5646 Simplex
1417 5587 1595 5632 autem
1621 5579 1884 5649 quomodo

317 5676 416 5731 erit
443 5676 487 5729 si
516 5673 720 5728 duobus
749 5672 976 5727 dominis
1004 5672 1197 5740 servit,
1226 5687 1325 5727 nec
1354 5689 1455 5726 una
1483 5673 1772 5729 intentione
1803 5689 1884 5729 re-

315 5782 433 5821 rum
459 5775 772 5819 internarum
800 5764 1040 5834 purilicat
1068 5764 1235 5819 aciem
1260 5778 1408 5819 suam
1426 5804 1441 5831 ,
1474 5763 1568 5819 sed
1592 5780 1707 5821 eam
1736 5781 1884 5822 mor-

313 5858 500 5913 talium
526 5873 733 5930 quoque
761 5857 1127 5935 fragiliumque
1156 5872 1333 5914 rerum
1362 5873 1542 5918 amore
1576 5858 1883 5921 obnubilat?

1643 437 1845 495 LIBER
1876 438 2244 500 SECUNDUS.

3432 456 3569 514 ΗΠ

2005 555 2085 611 Sit
2126 572 2251 627 ergo
2275 557 2584 630 eleemosyna
2603 568 2689 615 tua
2707 561 2760 616 in
2781 563 3098 632 abscondito;
3113 573 3159 618 et
3172 563 3326 619 Pater
3347 576 3459 622 tuus
3477 576 3567 639 qut

1999 647 2128 700 videt
2142 649 2194 701 in
2204 648 2489 704 abscondito
2502 651 2671 707 reddet
2685 654 3106 710 tibi.l{ectissime
3118 661 3334 712 omnino
3345 667 3395 713 et
3407 662 3565 716 veris-

2000 738 2150 793 sime.
2165 739 2219 794 Si
2239 742 2377 795 enim
2400 744 2670 811 praemium
2696 741 2762 800 ab
2790 760 2854 801 eo
2881 756 3153 817 exspectas
3180 749 3267 819 qui
3295 753 3567 806 conscien-

2001 830 2088 885 tize
2111 833 2254 887 solus
2282 835 2548 903 inspector
2571 844 2670 899 est,
2699 836 2925 892 sufﬁciat
2953 838 3045 893 tibi
3069 839 3133 893 ad
3161 841 3567 911 promerendum

1999 923 2279 989 prmmium
2325 924 2439 994 ipsa
2488 928 2828 981 conscientia.
2872 928 3029 983 Multa
3059 930 3217 984 latina
3247 933 3570 1000 exemplaria

2001 1012 2079 1067 sic
2117 1015 2343 1083 habent,
2368 1016 2433 1069 Et
2453 1016 2610 1071 Pater
2632 1029 2743 1073 tuus
2767 1020 2850 1089 qui
2876 1020 3005 1073 videt
3028 1021 3079 1073 in
3110 1022 3419 1087 abscondito,
3454 1024 3571 1077 red-

2001 1104 2083 1157 det
2108 1105 2195 1158 tibi
2221 1107 2390 1176 palam
2420 1123 2438 1159 :
2464 1108 2557 1163 sed
2586 1109 2704 1178 quia
2733 1110 2784 1162 in
2817 1110 3004 1180 graecis
3025 1152 3039 1177 ,
3065 1126 3181 1180 quae
3211 1112 3383 1180 priora
3409 1121 3568 1178 sunt,

2002 1209 2106 1248 non
2136 1194 2451 1264 invenimus,
2482 1200 2650 1268 palam
2679 1199 2757 1272 (a)
2779 1242 2794 1268 ,
2822 1216 2926 1256 non
2956 1202 3250 1272 putavimus
3290 1204 3411 1259 hinc
3453 1219 3571 1260 esse

2001 1284 2195 1353 aliquid
2224 1286 2607 1342 disserendum.

2054 1374 2274 1433 CAPUT
2295 1378 2543 1434 lll.-—lO.
2562 1381 2627 1434 Et
2643 1398 2755 1436 cum
2770 1384 2943 1449 oratis,
2963 1385 3150 1454 inquit,
3172 1401 3271 1439 non
3291 1386 3425 1440 eritis
3446 1386 3572 1440 sicut

2001 1468 2288 1537 hypocrita,
2322 1472 2407 1540 qui
2428 1481 2599 1526 amant
2627 1475 2678 1527 in
2707 1476 2974 1546 synagogis
2999 1485 3045 1530 et
3070 1478 3122 1530 in
3146 1460 3345 1548 angulis
3380 1479 3545 1547 platea

2000 1576 2112 1612 rum
2154 1570 2337 1616 stantes
2381 1580 2546 1631 orare,
2578 1574 2631 1618 ut
2659 1566 2920 1620 videantur
2956 1566 3017 1620 ab
3059 1568 3359 1622 hominibus.
3388 1568 3569 1637 Neque

2003 1651 2086 1705 hic
2113 1653 2278 1708 videri
2300 1655 2365 1708 ab
2392 1655 2694 1711 hominibus
2719 1657 2864 1713 nefas
2889 1668 2999 1724 est;
3023 1659 3118 1714 sed
3144 1659 3261 1715 ideo
3283 1660 3394 1715 haec
3414 1676 3571 1731 agere

2001 1753 2057 1798 ut
2088 1744 2312 1800 videaris
2340 1747 2405 1801 ab
2436 1747 2768 1804 hominibus:
2793 1760 2846 1806 et
2883 1752 3148 1821 superﬂuo
3190 1754 3343 1809 toties
3384 1755 3567 1809 eadem

2000 1835 2264 1903 dicuntur,
2292 1853 2410 1893 cum
2459 1840 2528 1894 sit
2563 1841 2672 1910 jam
2715 1858 2819 1897 una
2864 1845 3042 1913 regula
3081 1844 3570 1915 custodienda,qua

2000 1928 2265 1997 cognitum
2295 1938 2408 1997 est,
2437 1946 2541 1985 non
2565 1932 2609 1986 si
2638 1932 2752 1987 hmo
2780 1934 2949 1988 sciant
2977 1933 3245 2000 homines,
3278 1936 3566 1990 formidan-

1999 2016 2123 2071 dum
2148 2034 2266 2074 esse
2292 2030 2382 2074 aut
2407 2022 2741 2091 fugiendum;
2774 2024 2866 2078 sed
2905 2025 2949 2079 si
2990 2025 3090 2080 hoc
3117 2027 3292 2079 animo
3322 2026 3481 2093 ﬁant,
3514 2035 3572 2081 ut

1998 2108 2197 2163 fructus
2236 2111 2404 2165 in~eis
2437 2122 2713 2181 expetatur
2743 2114 2981 2183 placendi
3028 2116 3345 2171 hominibus.
3385 2116 3572 2172 Servat

1998 2198 2154 2252 etiam
2185 2200 2298 2268 ipse
2339 2201 2589 2257 Dominus
2629 2204 2813 2258 eadem
2863 2206 3019 2260 verba
3041 2246 3053 2269 ,
3082 2221 3201 2259 cum
3232 2206 3469 2276 adjungit
3494 2207 3569 2261 si-

1999 2289 2217 2357 militer,
2248 2291 2405 2345 Amen
2432 2293 2543 2346 dico
2567 2293 2720 2360 vobis,
2745 2307 3068 2365 perceperunt
3090 2296 3362 2351 mercedem
3387 2313 3569 2364 suam;

1998 2380 2123 2436 hinc
2150 2382 2434 2437 ostendens
2456 2384 2507 2437 id
2535 2401 2591 2439 se
2617 2385 2920 2455 prohibere,
2939 2402 3003 2441 ne
3031 2402 3093 2442 ea
3116 2403 3321 2443 merces
3346 2398 3567 2458 appeta-

1998 2479 2106 2537 tur,
2138 2486 2239 2541 qua
2266 2473 2410 2526 stulti
2437 2474 2666 2544 gaudent
2709 2490 2829 2531 cum
2856 2476 3135 2531 laudantur
3157 2478 3223 2532 ab
3246 2477 3567 2534 hominibus.

2069 2562 2154 2616 11.
2188 2561 2286 2616 Vos
2323 2571 2486 2617 autent
2509 2580 2621 2618 cum
2651 2567 2822 2631 oratis,
2848 2566 3035 2636 inquit,
3063 2568 3262 2622 introite
3280 2569 3332 2621 in
3359 2567 3566 2621 cubicu-

1997 2654 2048 2707 la
2076 2664 2255 2709 vestra.
2275 2654 2402 2722 Quae
2431 2666 2553 2711 sunt
2579 2658 2676 2711 ista
2701 2659 2960 2727 cubicula,
2988 2660 3088 2715 nisi
3114 2661 3223 2731 ipsa
3254 2662 3432 2728 corda,
3453 2678 3569 2732 quae

1996 2744 2048 2797 in
2075 2745 2286 2799 Psalmo
2313 2747 2471 2801 etiam
2493 2748 2872 2817 signiﬁcantur,
2900 2765 3020 2805 cum
3046 2751 3254 2817 dicitur,
3288 2752 3411 2817 Quae
3439 2753 3569 2807 dici-

1997 2836 2059 2890 tis
2088 2837 2141 2889 in
2164 2838 2393 2892 cordibus
2416 2840 2589 2893 vestris
2606 2881 2620 2907 ,
2651 2851 2696 2894 et
2725 2841 2777 2894 in
2797 2840 3037 2896 cubilibus
3061 2844 3234 2898 vestris
3275 2846 3570 2916 compungi-

1994 2926 2118 2979 mini
2146 2925 2316 2999 (Psal.
2344 2942 2420 2991 1v,
2445 2928 2542 2999 5)?
2564 2928 2633 2983 Et
2659 2930 2943 2986 claudentes
2970 2933 3097 2986 ostia
3121 2943 3258 2987 orate
3275 2975 3291 3001 ,
3330 2935 3433 3001 ait,
3463 2933 3571 2987 Pa-

1996 3025 2121 3069 trem
2150 3018 2442 3071 vestrumin
2467 3018 2774 3075 abscondito.
2808 3022 2996 3077 Parum
3031 3032 3113 3078 est
3153 3024 3347 3079 intrare
3395 3026 3446 3079 in
3473 3041 3568 3080 cu-

1993 3104 2165 3160 bicula
2185 3148 2201 3174 ,
2231 3108 2276 3161 si
2303 3109 2492 3162 ostium
2522 3118 2698 3179 pateat
2723 3112 3053 3181 importunis,
3084 3129 3179 3183 per
3209 3115 3349 3185 quod
3374 3117 3565 3171 ostium

1994 3211 2056 3250 ea
2083 3212 2201 3266 quae
2224 3197 2352 3253 foris
2378 3209 2500 3253 sunt
2524 3200 2763 3269 improbe
2784 3218 2841 3256 se
2862 3203 3207 3274 immergunt,
3237 3212 3291 3260 et
3314 3206 3564 3262 interiora

1996 3297 2177 3342 nostra
2231 3300 2501 3359 appetunt.
2544 3292 2696 3346 Foris
2742 3305 2917 3347 autem
2958 3294 3189 3351 diximus
3227 3311 3345 3351 esse
3387 3297 3565 3351 omnia

1995 3379 2302 3446 temporalia
2348 3390 2401 3433 et
2448 3380 2703 3447 visibilia,
2733 3398 2850 3451 quae
2890 3398 2985 3452 per
3026 3385 3254 3451 ostium,
3283 3385 3335 3440 id
3362 3394 3444 3441 est
3472 3401 3567 3456 per

1993 3469 2260 3524 carnalem
2307 3484 2519 3525 sensum
2552 3514 2566 3538 ,
2620 3472 2673 3525 in
2718 3474 3060 3543 cogitationes
3126 3484 3333 3531 nostras
3402 3492 3567 3548 pene-

1993 3566 2176 3627 trant,
2223 3568 2278 3615 et
2322 3561 2471 3615 turba
2516 3578 2770 3617 vanorum
2824 3563 3247 3633 phantasmatum
3295 3568 3566 3623 orantibus

1992 3649 2321 3719 obstrepunt.
2352 3652 2709 3709 Claudendum
2739 3663 2821 3709 est
2859 3670 2983 3725 ergo
3009 3657 3223 3723 ostium,
3256 3656 3309 3711 id
3334 3667 3435 3725 est,
3458 3673 3569 3713 car-

1992 3740 2097 3793 nali
2128 3743 2306 3795 sensui
2336 3743 2687 3798 rcsistendum
2718 3754 2816 3806 est,
2843 3755 2899 3799 ut
2924 3747 3091 3800 oratio
3117 3748 3404 3817 spiritualis
3434 3749 3566 3804 diri-

1991 3841 2143 3903 gatur
2168 3833 2234 3886 ad
2259 3835 2498 3899 Patrem,
2526 3852 2643 3905 quae
2665 3836 2725 3891 ﬁt
2746 3838 2799 3891 in
2825 3837 3022 3893 intimis
3048 3840 3244 3907 cordis,
3272 3841 3361 3895 ubi
3386 3853 3567 3897 oratur

1991 3922 2147 3977 Pater
2174 3924 2225 3978 in
2253 3924 2584 3981 abscondito.
2612 3925 2683 3979 Et
2723 3927 2899 3995 Pater,
2922 3928 3121 3999 inquit,
3152 3940 3308 3985 vester
3331 3933 3414 3997 qui
3441 3933 3569 3987 videt

1990 4015 2044 4067 in
2065 4013 2372 4082 abscondito,
2399 4014 2571 4070 reddet
2592 4017 2745 4071 vobis.
2773 4018 2841 4071 Et
2872 4020 2971 4073 hoc
2999 4020 3087 4073 tali
3115 4020 3350 4076 clausula
3380 4023 3568 4077 termi-

1991 4104 2224 4158 nandum
2250 4104 2386 4159 fuit:
2413 4122 2517 4161 non
2544 4110 2683 4161 enim
2713 4107 2815 4163 hoc
2840 4119 3021 4165 monet
3058 4127 3198 4167 nunc
3230 4121 3287 4167 ut
3326 4128 3560 4181 oremus,

1990 4198 2082 4250 sed
2119 4197 2383 4266 quomodo
2427 4214 2673 4264 oremus;
2704 4214 2874 4270 neque
2919 4204 3190 4271 superius,
3221 4212 3278 4257 ut
3311 4203 3562 4260 faciamus

1989 4289 2415 4361 eleemosynam,
2449 4291 2541 4345 sed
2567 4306 2669 4360 quo
2696 4293 2873 4345 animo
2901 4292 3189 4349 faciamus:
3220 4298 3465 4366 quoniam
3496 4299 3561 4354 de

1989 4380 2148 4434 corde
2180 4380 2504 4445 mandando,
2534 4382 2793 4451 praecipit,
2826 4382 2968 4452 quod
3006 4400 3110 4439 non
3154 4387 3408 4453 mundat,
3460 4388 3561 4444 nisi

1989 4487 2089 4524 una
2112 4480 2160 4525 et
2193 4472 2419 4542 simplex
2438 4472 2659 4529 intentio
2684 4474 2737 4528 in
2765 4484 3017 4530 aeternam
3037 4478 3198 4533 vitam
3218 4480 3332 4535 solo
3352 4490 3406 4535 et
3425 4497 3558 4552 pure

1987 4578 2168 4618 amore
2193 4564 2484 4633 sapientiai.

2060 4653 2148 4707 12.
2180 4654 2393 4709 Orontes
2420 4665 2583 4709 autent
2609 4657 2921 4724 nolite,'ait,
2963 4661 3175 4715 multum
3219 4660 3388 4732 loqui,
3431 4667 3559 4721 sica.

1986 4743 2197 4800 Ethnici
2217 4763 2236 4800 :
2266 4747 2573 4801 arbitrantur
2612 4750 2745 4802 enim
2781 4751 2914 4820 quod
2940 4752 2995 4805 in
3020 4753 3332 4824 multiloquio
3359 4772 3452 4810 suo
3472 4774 3564 4811 ea:-

1985 4838 2275 4891 audiantur.
2315 4837 2460 4893 Sicut
2501 4838 2894 4910 hypocritarum
2929 4850 3011 4896 est
3056 4844 3294 4912 praebere
3335 4860 3393 4899 se
3439 4861 3564 4915 spe-

1986 4930 2207 4985 ctandos
2242 4932 2295 4986 in
2335 4933 2573 4988 oratione
2592 4974 2607 5000 ,
2636 4950 2863 5003 quorum
2900 4934 3099 4991 fructus
3124 4948 3205 4993 est
3232 4939 3442 5007 placere
3468 4940 3564 4995 ho-

1985 5023 2248 5090 minibus;
2282 5025 2352 5078 ita
2378 5025 2746 5093 Ethnicorum,
2779 5027 2831 5082 id
2858 5037 2939 5082 est
2971 5027 3274 5095 Gentilium,
3307 5032 3362 5085 in
3385 5035 3565 5087 multi-

1984 5117 2166 5187 loquio
2193 5134 2251 5173 se
2278 5127 2461 5188 putare
2496 5119 2753 5173 exaudiri.
2794 5120 2861 5173 Et
2904 5135 3086 5175 revera
3131 5137 3290 5179 omne
3328 5126 3561 5181 multilo-

1986 5210 2166 5279 quium
2186 5224 2215 5263 a
2239 5208 2535 5265 Gentilibus
2560 5210 2721 5274 venit,
2740 5210 2829 5280 qui
2847 5211 3158 5267 exercendae
3183 5214 3374 5284 linguae
3390 5218 3566 5285 potius

1988 5312 2146 5369 quam
2173 5299 2477 5354 mundando
2515 5299 2691 5353 animo
2721 5299 2850 5353 dant
2877 5316 3114 5370 operam.
3156 5303 3223 5357 Et
3262 5304 3363 5358 hoc
3405 5321 3563 5377 nuga-

1988 5388 2107 5443 torii
2156 5388 2312 5442 studii
2349 5402 2515 5459 genus
2556 5389 2716 5443 etiam
2758 5388 2824 5442 ad
2854 5390 3018 5444 Deum
3058 5406 3214 5460 prece
3253 5392 3567 5449 ﬂectendum

1992 5479 2279 5534 transferre
2311 5486 2588 5545 conantur,
2628 5479 2950 5535 arbitrantes
2976 5482 3111 5537 sicut
3138 5483 3405 5538 hominem
3428 5485 3569 5554 judi-

1989 5588 2105 5628 cem
2132 5573 2309 5629 verbis
2331 5573 2520 5628 adduci
2549 5575 2603 5628 in
2627 5576 2965 5632 sententiam.
2994 5576 3169 5632 Nolite
3192 5579 3356 5650 itaque
3379 5582 3568 5637 similes

1989 5666 2091 5721 illis
2116 5684 2239 5733 esse,
2262 5668 2389 5722 dicit
2416 5682 2548 5722 unus
2582 5678 2636 5723 et.
2678 5683 2836 5724 verus
2869 5671 3140 5741 magister.
3173 5672 3284 5727 Scit
3308 5674 3436 5728 enim
3457 5673 3567 5729 Pa-

1994 5766 2066 5813 ter
2088 5770 2246 5814 vester
2264 5759 2384 5831 quid
2411 5761 2544 5815 vobis
2569 5762 2900 5816 necessarium
2944 5766 3041 5831 sit,
3087 5772 3353 5835 antequam
3392 5769 3565 5837 petati.

2061 5872 2134 5935 (a)
2155 5878 2325 5923 contra
2353 5872 2497 5923 hodie
2519 5874 2567 5923 in
2601 5874 3055 5943 graecisjnvenitur,
3078 5889 3175 5928 non
3196 5877 3248 5926 in
3276 5857 3455 5928 laitnis.

3552 5964 3579 5973 ὑ
