4076 6520
585 437 727 512 ητις

584 565 648 623 at
671 572 749 623 eo.
777 564 835 625 Si
866 564 1008 624 enim
1040 554 1200 624 verna
1237 566 1399 623 multa
1424 566 1491 622 ad
1520 565 1573 622 id
1599 567 1957 638 proferuntur,
1979 573 2037 619 ut
2060 565 2144 619 in-

580 657 816 716 Struatut‘
840 662 894 716 ει
920 658 1171 717 doceatur
1191 658 1422 729 ignarus,
1453 657 1578 729 quid
1602 659 1680 713 eis
1707 660 1839 728 opus
1865 662 1948 712 eet
1972 654 2037 711 ad
2060 662 2146 711 re-

582 754 703 809 t‘u'iti
728 752 959 810 omnium
1002 751 1357 823 cogniturem,
1387 752 1472 808 cui
1508 751 1683 808 omnia
1728 756 1847 822 quiti
1891 752 2047 817 sum,
2077 756 2145 806 eo

582 841 700 917 ipso
727 844 832 916 quo
857 840 997 911 sditt,
1021 842 1328 914 loquantur,
1366 842 1591 912 seseque
1632 841 1864 897 indicant
1904 841 2145 907 iactant

578 934 643 994 ea
679 944 796 1009 qua:
839 930 1012 992 futura
1052 944 1173 993 sunt
1210 936 1326 1008 ejus
1366 940 1535 992 artem
1576 936 1993 1007 sapientiamque
2032 938 2143 989 non

578 1029 763 1097 latent,
795 1030 848 1084 in
876 1043 976 1100 qua
1001 1038 1125 1086 sunt
1151 1030 1203 1086 et
1227 1042 1345 1101 qua:
1368 1030 1705 1097 transierunt,
1735 1036 1787 1085 et
1827 1032 1945 1099 qua:
1969 1030 2141 1083 trans-

573 1121 710 1179 itura
730 1128 871 1189 sunt,
903 1123 1079 1178 Omnia
1103 1124 1400 1194 przesentia.
1430 1130 1484 1179 et
1508 1127 1611 1180 non
1637 1122 1999 1178 transeuntis?

645 1212 728 1270 15.
771 1212 876 1276 Sed
896 1217 1143 1287 quoniam
1164 1257 1180 1285 ,
1202 1217 1440 1288 quamvis
1474 1226 1633 1288 pauca
1653 1258 1668 1282 ,
1696 1218 1871 1272 tamen
1899 1215 2058 1271 verba
2084 1222 2138 1270 et

569 1305 683 1376 ipse
702 1306 938 1368 dicturus
950 1317 1031 1364 est
1045 1308 1235 1379 quibus
1250 1325 1348 1364 nos
1360 1310 1546 1365 doceat
1570 1324 1749 1376 orare;
1769 1311 1932 1381 quaeri
1964 1316 2137 1379 potest

568 1405 664 1454 cur
679 1384 760 1454 vei
779 1386 860 1455 liis
878 1388 1049 1458 verbis
1073 1402 1251 1472 paucis
1266 1401 1397 1472 opus
1408 1396 1476 1458 sit
1495 1388 1560 1458 ad
1579 1410 1699 1458 eum
1721 1403 1809 1474 qui
1835 1403 1935 1458 scit
1958 1403 2135 1457 omnia

566 1491 848 1562 anteqUani
882 1482 1025 1560 liam,
1058 1492 1111 1549 et
1138 1494 1303 1564 nov‘il,
1326 1500 1382 1550 ut
1401 1493 1597 1550 dictum
1623 1492 1722 1563 est,
1746 1484 1871 1565 quid
1896 1493 2046 1549 nobis
2067 1493 2135 1549 sit

564 1584 956 1653 necessarium,
1004 1588 1282 1658 aliterquam
1328 1590 1565 1657 petamus
1605 1586 1673 1643 ab
1716 1586 1818 1643 eo?
1843 1586 1938 1643 Hic
1962 1587 2133 1658 primo

562 1662 927 1743 rcSpondetu'r,
951 1682 1056 1732 non
1080 1677 1253 1733 verbis
1273 1688 1369 1733 nos
1388 1689 1543 1750 agere
1563 1676 1757 1735 debere
1777 1676 1917 1750 apud
1943 1679 2129 1747 Deum,

560 1756 620 1817 ut
649 1762 991 1834 impetremus
1028 1766 1167 1838 quod
1192 1768 1466 1838 volumus,
1495 1769 1590 1826 sed
1614 1768 1773 1826 rebus
1798 1778 1928 1842 quas
1954 1771 2131 1828 animo

560 1856 822 1926 gerimus,
861 1864 915 1912 et
965 1857 1255 1916 intentione
1296 1852 1653 1932 cogitationis,
1683 1866 1803 1918 cum
1848 1862 2130 1920 dilectione

559 1946 687 2018 'pura
717 1950 769 2004 et
798 1949 1021 2020 simplici
1048 1940 1240 2008 affectu
1267 1969 1281 2006 :
1310 1946 1404 2010 sed
1432 1969 1519 2010 res
1547 1955 1688 2025 ipsas
1714 1952 1892 2011 verbis
1912 1970 2008 2011 nos
2033 1952 2130 2012 do-

557 2040 732 2096 cuisse
760 2040 1038 2098 Dominum
1065 2050 1338 2113 nostrum,
1367 2046 1556 2117 quibus
1595 2048 1867 2102 memoriae
1910 2045 2127 2102 manda-

556 2128 623 2185 tis”
651 2132 742 2186 eas
770 2126 837 2187 ad
866 2138 1071 2204 tempus
1094 2124 1279 2191 orandi
1304 2135 1663 2193 recordemur.

629 2224 717 2279 14.
741 2222 846 2281 Sed
874 2232 1056 2283 rursus
1076 2230 1236 2298 quaeri
1258 2236 1449 2298 potest,
1478 2230 1588 2285 sive
1608 2229 1786 2296 rebus,
1816 2230 1927 2287 sive
1948 2230 2123 2287 verbis

553 2312 810 2373 orandum
837 2318 922 2383 sit,
949 2317 1075 2389 quid
1104 2324 1236 2390 opus
1261 2319 1329 2375 sit
1350 2321 1460 2390 ipsa
1488 2322 1756 2389 oratione,
1781 2322 1825 2377 si
1852 2322 1990 2378 Deus
2010 2323 2120 2393 jam

551 2406 700 2463 novit
723 2406 847 2478 quid
876 2402 1028 2464 nobis
1074 2411 1428 2466 necessarium
1459 2412 1526 2467 sit
1553 2430 1565 2467 :
1592 2412 1691 2467 nisi
1714 2414 1834 2483 quia
1862 2415 1973 2484 ipsa
2000 2420 2119 2468 or'a-

554 2486 711 2555 tionis
749 2499 970 2557 intentio
996 2517 1089 2558 cor
1116 2506 1351 2558 nostrum
1381 2510 1590 2560 serenat
1615 2508 1668 2561 et
1698 2514 1916 2576 purgat,
1956 2518 2118 2577 capa-

550 2588 768 2659 ciusque
796 2586 956 2646 eiiicit
982 2588 1049 2648 ad
1077 2590 1383 2664 eicipienda
1408 2592 1580 2650 divina
1607 2600 1845 2663 mouera,
1870 2604 1987 2667 qua:
2012 2598 2119 2668 Spi-

549 2677 809 2735 ritUaliter
852 2668 1007 2737 nobis
1064 2682 1423 2739 iiil'undunlm.
1468 2682 1583 2740 Non
1639 2687 1779 2742 enim
1830 2688 2116 2744 ambitione

547 2774 762 2839 precum
808 2785 906 2827 nos
944 2773 1157 2828 exaudit
1196 2770 1366 2839 Deus,
1395 2776 1483 2847 qui
1528 2791 1738 2847 semper
1785 2782 1997 2848 paratus
2035 2788 2118 2835 est

545 2850 674 2915 dare
697 2872 843 2916 suam
870 2859 1038 2917 lucem
1074 2862 1253 2932 nobis,
1286 2879 1390 2920 non
1418 2854 1705 2931 visibilem,
1736 2867 1829 2923 sed
1869 2868 2117 2939 intelligi-

543 2940 704 3005 bilem
730 2954 781 3005 el
805 2948 1129 3023 spiritualein
1155 2974 1169 3011 :
1191 2954 1284 3013 sed
1326 2964 1421 3011 nos
1460 2961 1564 3013 non
1599 2966 1809 3030 semper
1833 2961 2000 3030 parati
2027 2975 2115 3015 su-

544 3044 665 3098 mus
684 3045 942 3115 accipere,
971 3052 1090 3101 cum
1125 3047 1435 3104 inclinamur
1462 3052 1514 3105 in
1542 3038 1672 3120 alia,
1699 3052 1753 3107 et
1776 3068 1953 3109 rerum
1981 3062 2116 3109 tem-

546 3134 802 3205 poralium
828 3124 1109 3205 cupiditate
1136 3137 1488 3195 tenebramur.
1521 3140 1605 3195 Fit
1632 3157 1757 3213 ergo
1790 3143 1844 3198 in
1873 3145 2112 3200 oratione

541 3224 818 3282 conversio
851 3226 1025 3285 cordis
1054 3228 1120 3285 ad
1147 3247 1298 3300 eum,
1342 3232 1433 3303 qui
1475 3236 1687 3305 Semper
1723 3235 1849 3292 dare
1894 3248 2112 3307 paratus

541 3314 641 3385 est,
671 3306 716 3373 si
738 3324 832 3374 nos
854 3320 1123 3392 capiamus
1149 3318 1292 3394 quod
1317 3316 1548 3393 dederit;
1580 3332 1633 3381 et
1658 3326 1713 3381 in
1743 3328 1855 3397 ipsa
1888 3344 2112 3385 convcr-

1404 452 1493 511 DE
1519 450 1837 511 SERMONE
1877 440 2106 509 DOMiNl
2146 441 2214 509 ΙΝ
2238 442 2488 523 MONTE,
2528 455 2586 512 S.
2628 457 2993 522 AUGUSTINI

3222 416 3275 475 ί*
3677 462 3819 535 i276

2249 563 2345 620 sed
2368 562 2624 623 Dominus
2642 567 2721 625 eis
2745 570 3038 630 insinuatus
3055 580 3157 643 est,
3179 580 3429 649 tanquam
3450 576 3834 658 servientibus,-

2248 652 2304 708 id
2329 662 2431 722 est,
2460 658 2753 715 secundum
2793 672 3007 719 carnem
3045 666 3218 723 adhuc
3242 669 3560 730 viventibus.
3582 675 3695 734 Hoc
3720 652 3826 736 au;

2246 752 2358 802 tem
2384 744 2524 818 dico,
2551 758 2672 806 cum
2700 755 2944 811 mandata
2964 757 3120 827 Legis
3144 762 3463 832 accipereut,
3493 772 3612 838 quae
3638 770 3832 828 obser-

2243 838 2375 896 Vare
2418 840 2739 910 jubebantur
2782 856 2796 901 ε
2848 854 2970 903 nam
3017 838 3297 921 Prophetas
3346 870 3489 926 saepe
3537 862 3827 920 ostendunt

2244 930 2495 987 eumdem
2522 934 2801 991 Dominum
2822 946 3060 996 nostrum
3082 943 3240 998 etiam
3262 944 3470 1003 Patrem
3493 958 3676 1007 eurum
3700 968 3827 1011 esse

2243 1026 2502 1095 patuisse,
2535 1028 2579 1082 si
2618 1028 2686 1083 ab
2723 1030 2838 1100 ejus
2866 1032 3129 1090 mandatis
3153 1042 3258 1092 non
3287 1039 3632 1098 abem-arent:
3663 1046 3826 1103 sicuti

2240 1125 2323 1171 est
2341 1114 2492 1184 illud,
2515 1116 2676 1175 Filios
2694 1121 2860 1192 genui,
2889 1133 2936 1178 et
2961 1126 3178 1182 exaltari
3191 1143 3212 1194 ;
3230 1131 3329 1201 ipsi
3346 1138 3510 1187 autem
3528 1140 3827 1205 spreuerant

2239 1214 2319 1261 nte
2343 1206 2493 1280 (Isat.
2525 1222 2569 1278 ι,
2599 1210 2679 1281 2);
2707 1220 2761 1266 et
2786 1213 2935 1281 illud,
2964 1214 3075 1287 Ego
3101 1218 3226 1283 dixi,
3259 1217 3343 1274 Dii
3362 1223 3497 1288 estis,
3526 1232 3576 1278 et
3596 1225 3692 1293 ﬁtti
3712 1226 3827 1280 Ea:-

2237 1298 2357 1353 celsi
2396 1313 2567 1355 omnes
2592 1303 2608 1334 ί
2637 1300 2821 1374 (Paul.
2857 1318 3040 1374 LXXXI;
3069 1308 3103 1364 6
3124 1307 3167 1379 );
3193 1318 3249 1365 et
3294 1311 3440 1378 illud,
3472 1313 3535 1369 ει
3573 1312 3823 1373 Ducuntur

2236 1404 2369 1457 sum,
2401 1391 2486 1445 ubi
2508 1402 2581 1446 est
2606 1394 2753 1449 timor
2771 1410 2911 1452 meus
2928 1398 2954 1451 Ρ
2977 1405 3024 1452 et
3049 1399 3094 1453 si
3115 1397 3271 1455 Pater
3293 1412 3424 1469 sttm,
3448 1403 3534 1457 ubi
3560 1416 3633 1460 est
3655 1407 3827 1463 Item

2237 1490 2375 1537 Meus
2404 1478 2653 1553 (Malean.
2684 1500 2720 1552 ι,
2750 1482 2832 1559 6)?
2856 1496 2910 1543 et
2936 1488 3037 1543 alia
3074 1493 3355 1561 permulta,
3393 1494 3485 1550 ubi
3521 1509 3825 1568 arguuntur

2236 1571 2432 1641 Judaei,
2457 1577 2575 1645 quia
2604 1574 2695 1631 lilii
2722 1590 2839 1634 esse
2861 1582 3128 1648 peccando
3152 1584 3712 1661 nolueruntmseeptls
3734 1594 3822 1650 eis

2235 1664 2353 1733 quae
2375 1664 2427 1718 in
2451 1665 2725 1735 prophetia
2744 1667 2994 1724 dicuntur
3008 1670 3075 1726 de
3095 1671 3270 1729 futuro
3284 1676 3480 1746 popqu
3497 1678 3816 1750 christiano,

2233 1756 2374 1825 quod
2402 1757 2611 1813 Patrem
2643 1760 2807 1815 Deum
2832 1772 2977 1818 esset
3006 1764 3281 1823 habiturus
3300 1809 3315 1834 ,
3351 1772 3643 1828 secundum
3681 1775 3817 1832 illud

2231 1848 2614 1916 erangelicum,
2640 1848 2794 1905 Dedit
2817 1854 2888 1908 eis
2912 1862 3203 1925 potestatem
3231 1858 3367 1927 ﬁlios
3381 1859 3478 1915 Dei
3500 1862 3612 1931 ﬁeri
3627 1863 3814 1933 (lacn.

2230 1949 2269 2002 ι,
2305 1936 2395 2006 12)
2421 1954 2434 1991 :
2464 1940 2736 2008 apostolus
2762 1944 2939 1998 autem
2968 1944 3163 2002 Paulos
3189 1947 3337 2017 dicit,
3368 1949 3622 2015 Quamdiu
3652 1954 3817 2011 heres

2228 2029 2469 2097 parvulus
2495 2040 2588 2092 est,
2617 2031 2745 2086 nihil
2772 2033 2928 2088 distat
2953 2051 2986 2088 α
3012 2039 3153 2091 serito
3168 2053 3190 2102 ,'
3215 2047 3269 2094 et
3293 2041 3535 2110 spiritum
3563 2043 3814 2115 adoptio-

2228 2118 2313 2173 nis
2357 2132 2456 2175 nos
2510 2124 2780 2193 accepisse
2826 2138 3226 2195 commemorat,
3267 2132 3321 2185 in
3363 2147 3463 2202 quo
3507 2135 3812 2206 clamamus,

2225 2210 2386 2279 Abba,
2408 2212 2565 2270 Pater
2592 2213 2769 2288 (Rom.
2789 2228 2904 2286 vm,
2936 2216 3119 2285 tri-93,
3143 2230 3189 2276 et
3211 2221 3380 2279 Gem.
3404 2240 3476 2291 iv,
3506 2227 3646 2300 1-6).

2225 2330 2231 2338 θ
2297 2307 2384 2363 16.
2425 2306 2493 2362 Ει
2529 2310 2779 2379 (muniam
2816 2312 2963 2381 quod
2992 2326 3243 2370 vocamur
3265 2316 3331 2371 ad
3361 2325 3612 2375 mternam
3638 2321 3812 2380 hare-

2226 2395 2463 2464 ditatem,
2489 2407 2549 2453 ut
2573 2400 2739 2455 simus
2754 2399 2953 2457 Christi
2973 2403 3299 2473 coheredes,
3321 2407 3446 2463 etin
3467 2409 3806 2481 adoptionem

2222 2485 2450 2542 ﬁliorum
2495 2490 2798 2559 veniamus,
2838 2502 2945 2547 non
2990 2502 3075 2550 est
3115 2497 3426 2553 meriturum
3472 2509 3799 2572 nostrorum,

2221 2578 2317 2632 sed
2344 2579 2528 2648 gratiae
2552 2578 2683 2646 Dei;
2715 2582 2955 2639 eamdem
2990 2584 3160 2656 ipsam
3195 2589 3416 2657 gratiam
3454 2590 3507 2645 in
3546 2593 3803 2651 orationis

2222 2669 2487 2739 principio
2536 2672 2802 2740 ponimus,
2848 2678 2969 2731 cum
3020 2676 3265 2746 dicimus,
3297 2679 3453 2736 Pater
3476 2693 3664 2739 noster.
3686 2686 3806 2754 Quo

2220 2763 2437 2819 nomine
2461 2772 2519 2819 et
2539 2763 2773 2821 charitas
2797 2769 3092 2835 excitatur;
3115 2771 3242 2841 quid
3264 2772 3408 2829 enim
3437 2776 3652 2833 charius
3678 2778 3805 2835 ﬁliis

2220 2852 2382 2907 debet
2406 2867 2528 2910 esse
2551 2870 2709 2925 quam
2729 2860 2919 2926 pater?
2946 2870 3002 2917 et
3026 2864 3249 2933 supplex
3278 2864 3521 2935 allectus,
3552 2881 3675 2924 eum
3702 2869 3804 2927 ho-

2218 2944 2392 2999 mines
2433 2945 2618 3002 dicunt
2663 2948 2806 3017 Deo,
2853 2950 3009 3007 Puta
3051 2959 3601 3029 nosterntquedam
3630 2962 3806 3033 impe-

2218 3033 2397 3088 trandi
2435 3038 2800 3107 praesumptio,
2833 3054 2951 3110 qua:
2985 3042 3201 3111 petituri
3229 3059 3445 3114 sumus;
3471 3063 3592 3104 cum
3625 3051 3803 3121 prius-

2174 3178 2178 3183 ,
2216 3134 2377 3193 quam
2402 3125 2599 3195 aliquid
2629 3134 2961 3196 peteremus,
3000 3140 3106 3187 tam
3131 3149 3379 3205 magnum
3407 3137 3605 3194 donum
3641 3155 3799 3197 acce-

2216 3213 2420 3282 pimus,
2464 3224 2523 3268 ut
2566 3217 2805 3273 sinamur
2845 3220 3045 3289 dicere,
3087 3221 3245 3279 Pater
3283 3237 3470 3295 noster,
3502 3229 3634 3287 Deo.
3660 3232 3797 3297 Quid

2161 3328 2179 3391 ξ.
2214 3302 2362 3357 enim
2404 3303 2515 3372 jam
2559 3318 2672 3361 non
2707 3307 2800 3362 det
2844 3309 2967 3365 aliis
2997 3313 3316 3384 petentibus,
3343 3332 3463 3372 cum
3493 3318 3596 3375 hoc
3621 3321 3797 3391 ipsum

539 3410 690 3466 sicne
733 3413 975 3483 purgatio
1019 3393 1283 3472 interioris
1313 3416 1481 3487 oculi,
1513 3433 1630 3475 cum
1674 3393 2023 3479 excluduntur
2047 3441 2107 3479 ea
2216 3401 2342 3487 We
2370 3393 2597 3462 dedom’
2636 3405 2697 3487 ,‘“
2735 3398 2826 3454 ﬁm
2870 3404 3083 3458 essent?
3107 3404 3381 3462 Pomm
3425 3420 3620 3479 Ψ⁸³¹¹¹³
3667 3428 3794 3468 cm

538 3498 660 3572 qua:
684 3492 1046 3574 temporaliter
1070 3498 1428 3579 cupiebantur,
1462 3482 1516 3565 ut
1543 3510 1684 3567 acies
1712 3514 1889 3571 cordis
1908 3506 2111 3586 simpli-
2718 3490 3060 3599 ftoa‘ffﬁci"
3086 3492 3242 3597 θ’θ’
3258 3507 3446 3599 η⁰⁸ί⁶ἶ³
3468 3506 3617 3599 fama
3638 3501 3794 3559 Pam

537 3592 614 3649 cis
642 3586 782 3651 ferre
811 3594 977 3668 possit
1001 3574 1292 3671 simplicem
1316 3574 1512 3669 lucem,
1535 3596 1784 3662 divinitus
1814 3604 1831 3639 ¹
1862 3609 1977 3665 sine
2001 3574 2108 3667 ullo
2214 3585 2322 3626 non
2350 3574 2421 3627 sn
2456 3574 2745 3671 “Filii”?
2768 3580 2824 3671 Si
2846 3582 2989 3637 enim
3014 3586 3292 3655 umqum
3318 3589 3556 3658 plebeius
3580 3603 3793 3650 mm"

536 3680 730 3740 cccasu
754 3680 846 3743 aut
873 3682 1237 3747 immutatione
1266 3686 1551 3763 fulgentem
1576 3713 1589 3748 :
1621 3710 1722 3751 nec
1746 3696 1919 3753 solum
1944 3699 2104 3772 ferre,

536 3966 617 4013 ter
638 3946 788 4014 beata
815 3956 919 4016 vita
941 3952 1225 4031 perﬁcitur.

604 4038 827 4109 CAPUT
958 4083 1028 4092 —
1044 4052 1128 4109 15.
1152 4044 1259 4112 Sed
1277 4052 1384 4126 jam
1410 4052 1849 4120 considerandum
1878 4075 1962 4123 est
1985 4083 2104 4138 qua:

534 4140 635 4199 nos
663 4156 816 4197 orare
843 4132 933 4198 ille
959 4140 1288 4214 prmceperit,
1316 4162 1413 4218 per
1438 4164 1595 4220 quem
1619 4159 1674 4206 et
1697 4151 1948 4212 discimus
1977 4132 2104 4229 quid

534 4228 768 4299 Oremus,
791 4242 845 4288 et
863 4226 1238 4305 consequimur
1260 4237 1400 4309 quod
1421 4254 1653 4297 oramus.
1674 4242 1762 4298 Sic
1780 4245 1950 4318 itaque
1967 4226 2105 4305 orate

533 4338 641 4388 nos,
670 4323 839 4394 inquit
866 4341 880 4377 :
908 4320 1066 4380 Pater
1092 4336 1258 4382 noster
1290 4318 1377 4399 qui
1414 4347 1464 4385 es
1500 4320 1552 4385 in
1580 4326 1735 4402 caelis,
1768 4334 2105 4408 sanctiﬁcelur

532 4430 713 4470 nomen
743 4425 884 4471 tuum
911 4434 931 4473 :
952 4409 1182 4475 adveniat
1208 4428 1415 4494 regnum
1444 4434 1584 4479 tuum
1607 4442 1626 4480 :
1643 4427 1733 4496 ﬁat
1762 4430 1989 4486 voluntas
2015 4443 2103 4487 tua

530 4504 660 4563 sicut
686 4506 741 4563 in
767 4508 891 4564 caelo
915 4519 962 4564 et
1000 4511 1053 4565 in
1082 4510 1213 4566 terra
1234 4528 1255 4569 :
1276 4531 1457 4585 panem
1496 4529 1720 4573 nostrum
1756 4521 2101 4590 quotidianum

532 4598 600 4653 da
628 4600 773 4654 nobis
796 4600 945 4680 ltodie
967 4617 988 4656 :
1017 4611 1065 4657 et
1092 4603 1284 4659 dimitte
1309 4608 1450 4662 nobis
1478 4606 1642 4664 debita
1669 4618 1839 4667 nostra
1857 4654 1871 4680 ,
1900 4615 2029 4670 sicut
2055 4627 2103 4671 et

530 4705 623 4744 nos
641 4678 933 4746 dimittimus
970 4680 1270 4751 debitoribus
1303 4699 1485 4753 nostris
1516 4714 1535 4754 :
1559 4710 1605 4754 et
1629 4718 1691 4754 ne
1718 4719 1807 4758 nos
1834 4678 2020 4777 inferas
2047 4708 2101 4761 in

530 4770 885 4847 imitationem;
916 4782 1004 4837 sed
1045 4780 1201 4839 libera
1235 4800 1326 4841 nos
1351 4804 1383 4842 a
1411 4790 1564 4843 malo.
1588 4784 1719 4845 Cum
1756 4793 1807 4847 in
1839 4770 1981 4850 omni
2007 4786 2100 4852 de-

526 4870 829 4940 precatione
854 4868 1217 4956 benevolentia
1245 4877 1571 4936 conciliadda
1596 4882 1664 4937 sit
1684 4872 1796 4953 ejus
1817 4902 1972 4956 quem
2000 4887 2096 4944 de-

525 4960 827 5031 precamur,
852 4952 1046 5021 deinde
1070 4956 1351 5023 dicendum
1382 4968 1507 5040 quid
1534 4952 1910 5043 deprecemur;
1942 4970 2097 5035 laude

523 5049 666 5106 illius
710 5053 777 5108 ad
822 5054 980 5125 quem
1028 5058 1195 5114 oratio
1239 5054 1504 5133 dirigitur,
1547 5062 1684 5119 solet
1729 5062 2093 5125 benevolentia

524 5132 816 5212 conciliari,
844 5144 898 5200 et
922 5136 1025 5202 hoc
1052 5146 1104 5203 in
1126 5150 1380 5206 orationis
1408 5152 1668 5225 principio
1693 5158 1815 5226 poni
1842 5158 1979 5216 solet
2002 5179 2016 5217 :
2041 5160 2094 5217 in

522 5248 628 5304 quo
654 5228 906 5292 Dominus
930 5238 1112 5294 neater
1129 5240 1260 5296 nihil
1287 5228 1428 5297 aiia'd
1451 5258 1549 5299 nos
1572 5242 1747 5304 dicere
1765 5248 1941 5320 jussit,
1970 5252 2088 5320 nisi,

520 5318 679 5379 Pater
704 5330 870 5380 noster
895 5326 981 5399 qui
1014 5345 1066 5384 es
1102 5329 1154 5384 in
1195 5330 1352 5387 cretis.
1378 5324 1538 5390 Multa
1562 5337 1701 5392 enim
1724 5318 1862 5395 dicta
1893 5318 2013 5399 sunt
2041 5318 2091 5400 in

519 5414 731 5473 laudem
752 5408 875 5485 Dei,
904 5426 1023 5490 quas
1056 5438 1153 5493 per
1178 5424 1366 5481 omnes
1397 5440 1606 5484 sanctas
1624 5420 1921 5505 Scripturas
1949 5440 2092 5495 varie

522 5504 736 5578 lateque
755 5508 856 5564 dill’
854 5526 945 5566 usa
966 5513 1159 5582 poterit
1177 5515 1399 5586 quiaque
1417 5520 1774 5591 considerare,
1796 5541 1913 5582 cum
1935 5527 2087 5600 legit:

518 5612 778 5669 nusquam
807 5606 980 5656 tamen
1010 5602 1277 5659 invenitur
1298 5620 1618 5678 praeceptum
1642 5613 1834 5683 populo
1857 5614 2016 5673 Israel
2036 5629 2093 5676 ut

517 5686 739 5758 diceret,
766 5686 924 5747 Pater
952 5702 1139 5763 noster,
1180 5698 1272 5752 aut
1316 5700 1376 5753 ut
1416 5704 1592 5757 oraret
1632 5696 1844 5761 Patrem
1888 5706 2086 5779 Deum;

514 5820 724 5933 ad;
764 5824 972 5881 vatim
1008 5826 1106 5883 duo
1136 5835 1189 5885 et
1208 5843 1336 5886 unus
1366 5834 1697 5901 Corbeieusis,
1733 5840 1887 5894 lucem
1916 5843 2090 5899 divini-

2157 3667 2173 3727 ξ
2213 3674 2331 3716 rem
2353 3662 2651 3732 grandioris
2678 3670 2945 3727 atatis'ab
2971 3685 3036 3729 eo
3064 3675 3180 3745 ipso
3209 3686 3412 3747 patrem
3444 3694 3636 3739 vocare
3673 3699 3794 3754 per-

536 3768 633 3831 sed
659 3777 816 3832 etiam
842 3786 1059 3837 manere
1165 3782 1284 3850 illa;
1313 3755 1418 3839 non
1448 3793 1648 3841 tantum
1686 3787 1802 3845 sine
1840 3755 2104 3863 molestia:
2162 3791 2170 3819 ί
2896 3763 3327 3863 "epidi‘m’iwc
3363 3770 3515 3827 [me
3554 3774 3792 3863 andem"

535 3856 630 3922 sed
655 3869 813 3923 etiam
840 3868 960 3926 cum
992 3862 1239 3928 ineii‘abili
1268 3862 1490 3945 gaudio,
1516 3890 1621 3949 quo
1648 3893 1775 3937 vere
1802 3895 1866 3937 ac
1888 3856 2108 3939 sinceri;
2162 3911 2179 3943 ,ι
2210 3856 2453 3945 quam“
2499 3856 2851 3948 humilitatem
2894 3866 3105 3955 gener!“
3144 3857 3247 3925 ⁶¹¹ίν
3274 3868 3330 3914 θί
3352 3875 3513 3930 θΡ¹³⁸¹
3552 3862 3789 3935 ίηάίῦθιι’

536 3966 617 4013 ιρι.
638 3946 788 4014 beam
815 3956 919 4016 ma
941 3952 1225 4025 perﬁcitur.
2148 3968 2173 4025 ᾗ
2211 3941 2362 4025 tiam,
2388 3941 2444 3988 et
2472 3935 2695 4005 plebeia:
2718 3954 2963 4010 persona:
2982 3943 3235 4002 vilitatem
3262 3965 3275 4001 :
3298 3959 3496 4018 quanto
3523 3966 3651 4025 ergo
3678 3971 3789 4011 ma-

2162 4024 2173 4057 i
2208 4024 2293 4094 gis
2319 4025 2687 4095 trepidandum
2716 4038 2799 4084 est
2822 4032 3091 4103 appellare
3117 4035 3327 4093 Patrem
3354 4040 3545 4110 Deum,
3573 4024 3620 4098 si
3646 4052 3787 4100 tanta

2210 3842 2453 3913 uigilans
2499 3844 2851 3905 humilitatem
2894 3854 3105 3922 generis
3144 3857 3247 3925 sui,
3274 3868 3330 3914 et
3352 3875 3513 3930 opum
3552 3862 3790 3935 indigen-

2210 4124 2295 4170 est
2326 4117 2501 4183 labes,
2539 4126 2802 4190 tantaeque
2843 4123 3029 4183 sordes
3062 4127 3116 4182 in
3142 4130 3397 4199 moribus,
3425 4141 3487 4188 ut
3512 4135 3682 4190 multo
3699 4136 3786 4207 ju-

2208 4205 2345 4261 stius
2370 4222 2461 4263 eas
2485 4222 2516 4264 a
2540 4222 2636 4266 sua
2659 4212 3029 4282 conjunctione
3047 4218 3189 4275 Deus
3215 4223 3476 4293 expellat,
3509 4242 3668 4297 quam
3696 4205 3785 4286 ille

2209 4306 2429 4390 perlator
2465 4301 2698 4371 cujusvis
2739 4306 2970 4364 mendici
2997 4315 3327 4381 egestatem?
3350 4317 3782 4390 Quandoquidem

2209 4382 2304 4442 ille
2452 4393 2746 4448 contemnit
2768 4395 2822 4450 in
2853 4398 3119 4469 mendico,
3140 4418 3247 4474 quo
3272 4414 3330 4462 et
3360 4382 3476 4479 ipse
3498 4382 3674 4481 potest
3697 4429 3784 4471 re-

2207 4490 2329 4532 rum
2358 4478 2710 4539 humanarum
2740 4484 3024 4557 fragilitate
3046 4492 3302 4553 devenire
3327 4514 3341 4551 :
3366 4478 3517 4555 Deusi
3528 4511 3706 4560 autem
3728 4506 3783 4562 in

2207 4569 2454 4658 sordidos
2477 4587 2655 4630 mores
2680 4591 2947 4648 nunquam
2975 4581 3137 4638 cadit.
3165 4585 3231 4640 Et
3254 4590 3449 4658 gratias
3476 4594 3780 4654 misericor-

2207 4656 2311 4714 dia:
2332 4659 2523 4755 ipsius,
2546 4663 2639 4734 qui
2666 4664 2767 4722 hoc
2790 4681 2821 4722 a
2843 4669 2996 4727 nobis
3019 4660 3201 4744 exigit,
3224 4656 3283 4732 ut
3300 4677 3457 4737 Pater
3475 4693 3658 4741 noster
3683 4689 3778 4755 sit;

2205 4748 2351 4817 quod
2377 4750 2525 4807 nullo
2552 4764 2786 4826 sumptu,
2822 4758 2919 4815 sed
2952 4762 3066 4818 sola
3100 4763 3238 4821 bona
3263 4769 3538 4830 voluntate
3567 4748 3782 4849 compa;

2205 4841 2313 4897 rari
2340 4850 2533 4912 potest.
2554 4845 2923 4907 Admonentur
2945 4854 3105 4911 etiam
3130 4856 3217 4914 hic
3242 4859 3452 4929 divites,
3481 4867 3564 4921 vel
3583 4841 3781 4937 genere

2207 4931 2416 4988 nobiles
2439 4935 2732 4993 secundum
2757 4941 3033 5010 saeculum,
3061 4961 3181 5002 cum
3210 4948 3482 5010 christiani
3510 4931 3634 5013 facii
3662 4958 3780 5017 fue-

2203 5021 2332 5089 rint,
2362 5040 2468 5079 non
2497 5029 2775 5098 superbire
2807 5031 3063 5093 adversus
3099 5054 3358 5112 pauperes
3393 5054 3449 5102 et
3483 5048 3776 5120 ignobiles;

2203 5116 2457 5184 quoniam
2498 5118 2657 5175 simul
2694 5121 2875 5180 dicunt
2900 5126 3031 5194 Deo,
3073 5129 3230 5188 Pater
3266 5116 3633 5211 noster:un
3673 5116 3781 5201 non

2203 5215 2428 5273 possunt
2465 5222 2592 5265 vere
2635 5225 2699 5268 ac
2731 5213 2822 5286 pie
2855 5214 3064 5286 dicere,
3093 5221 3196 5279 nisi
3226 5238 3289 5282 se
3320 5226 3513 5287 fratres
3537 5246 3661 5291 esse
3683 5248 3783 5292 eo—

2200 5306 2482 5367 gnoscant.

2271 5384 2499 5445 CAPUT
2536 5388 2604 5448 ν.
2631 5395 2817 5451 -17.
2857 5397 3046 5456 Utatur
3085 5419 3214 5475 ergo
3256 5422 3389 5466 voce
3427 5412 3562 5472 Novi
3588 5416 3782 5475 Testa-

2200 5476 2367 5532 menti
2395 5480 2621 5549 populus
2647 5499 2835 5553 novus,
2861 5488 2930 5544 ad
2954 5498 3206 5550 aeternam
3235 5495 3599 5562 hereditatem
3624 5524 3782 5566 voca-

2201 5577 2308 5636 tus,
2330 5578 2386 5625 et
2410 5569 2572 5640 dicat,
2600 5571 2758 5630 Pater
2785 5588 2955 5635 noster
2990 5584 3080 5653 qui
3116 5600 3168 5640 es
3208 5588 3263 5641 in
3302 5592 3440 5648 cretis
3462 5609 3484 5649 :
3511 5595 3562 5652 id
3588 5609 3689 5663 est,
3723 5601 3780 5657 in

2199 5663 2400 5717 sanctis
2413 5671 2475 5719 et
2489 5664 2667 5735 justis.
2690 5668 2805 5725 Non
2834 5674 2976 5728 enim
3003 5678 3177 5746 spatio
3210 5680 3447 5740 locorum
3475 5690 3783 5747 continetur

2200 5752 2365 5807 Deus.
2390 5754 2525 5810 Sunt
2551 5760 2693 5814 enim
2720 5764 3182 5826 celi-excellentia
3205 5774 3416 5843 quidem
3440 5780 3627 5837 mundi
3650 5795 3779 5838 cer-

2218 5850 2635 5937 ...i-:‘1§§:-£"EP‘!"
2655 5863 2700 5937 εῖτ
2721 5856 2813 5924 ﬁlii
2844 5861 3070 5937 Αιείεεέπτί
3090 5879 3204 5937 τροις
3232 5879 3395 5937 mm
3420 5875 3543 5930 sicut
3564 5876 3779 5937 metu

2204 5921 2490 5979 nwrtemsm’,
2505 5922 2551 5968 et
2564 5921 2684 5971 sicut
2700 5921 2819 5973 tinus
2840 5937 2905 5976 ex
2922 5926 3216 5993 principibus
3238 5921 3540 5990 εαάάὶεξ””
3564 5921 3773 5946 "wn"
