4076 6462
321 542 457 603 12⁸1⁸1

319 674 469 731 pora,
492 651 586 712 sed
617 659 793 707 tamen
817 656 1039 717 corpora
1058 680 1074 709 ,
1101 654 1221 713 qua:
1248 653 1357 695 non
1390 642 1611 709 possunt
1636 647 1756 690 esse
1780 628 1886 687 nisi

317 725 373 807 in
418 725 538 805 loco
566 764 581 803 :
608 744 702 803 sed
747 742 793 797 si
839 741 892 795 in
938 736 1089 793 caelis
1135 743 1381 805 tanquam
1430 731 1482 786 in
1530 725 1887 799 superioribus

317 840 497 898 mundi
518 836 757 910 partibus
776 833 924 889 locus
943 828 1036 885 Dei
1057 841 1175 883 esse
1200 824 1432 880 creditur
1457 820 1689 877 melioris
1714 816 1886 873 meriti

316 942 440 990 sunt
465 947 610 999 aves,
647 940 870 1000 quarum
898 924 1002 979 vita
1031 929 1113 977 est
1138 921 1248 975 Deo
1274 917 1517 974 vicinior.
1554 914 1667 970 Non
1710 921 1888 967 autem

316 1026 571 1094 scriptum
605 1028 718 1088 εει,
751 1020 924 1087 Prope
941 1023 1022 1070 est
1042 1012 1294 1068 Dominus
1320 1009 1542 1066 excelsis
1564 1004 1880 1070 hominibus,

314 1126 407 1172 aut
433 1117 513 1172 eis
556 1114 647 1184 qui
686 1112 741 1166 in
778 1107 1049 1164 montibus
1075 1104 1312 1159 habitant
1339 1118 1353 1156 :
1383 1099 1476 1154 sed
1506 1098 1755 1166 scriptum
1782 1101 1884 1184 est,

316 1206 488 1277 Prope
530 1182 601 1259 est
628 1202 874 1257 Dominus
912 1196 1103 1253 obtritis
1144 1192 1293 1247 corde
1322 1190 1341 1262 (
1366 1189 1511 1244 Psal.
1534 1203 1715 1252 xum,
1742 1186 1808 1277 19
1832 1182 1883 1258 );

312 1276 458 1370 quod
481 1295 648 1365 magis
673 1292 898 1364 pertinet
927 1288 993 1343 ad
1020 1286 1386 1341 humilitatem.
1415 1280 1519 1337 Sed
1541 1276 1885 1349 quemadmo-

312 1393 438 1447 dum
468 1399 611 1446 terra
631 1385 925 1457 appellatus
949 1390 1032 1437 est
1049 1386 1313 1450 peccator,
1338 1388 1460 1430 cum
1489 1374 1537 1429 ei
1563 1372 1758 1427 dictum
1783 1377 1882 1435 cst,

316 1484 476 1540 Terra
518 1497 589 1546 es,
618 1488 663 1533 et
700 1479 754 1532 in
785 1484 967 1531 terram
995 1472 1087 1527 ibis
1116 1471 1135 1542 (
1160 1469 1287 1523 Gen.
1313 1483 1391 1532 ut,
1415 1465 1481 1521 19
1507 1464 1525 1535 )
1555 1481 1567 1516 :
1597 1464 1674 1518 sic
1696 1461 1887 1516 oculum

311 1576 487 1645 justus
527 1586 560 1627 e
600 1567 867 1625 contrario
915 1564 1020 1619 dici
1060 1567 1253 1631 potest.
1294 1558 1457 1613 Justis
1499 1553 1638 1610 enim
1675 1552 1882 1617 dicitur,

314 1642 583 1731 Temﬂum
603 1656 845 1713 enim'Dci
862 1662 1090 1711 sanctum
1110 1660 1201 1716 est,
1219 1647 1351 1719 quod
1370 1647 1484 1701 estis
1503 1659 1588 1698 vos
1608 1642 1650 1714 (ι
1668 1642 1782 1697 Cor.
1808 1656 1882 1708 ιιι,

316 1756 427 1825 17).
458 1753 792 1823 Quapropter
838 1746 883 1802 si
932 1746 987 1799 in
1033 1741 1230 1811 templo
1272 1753 1370 1794 suo
1418 1735 1617 1791 habitat
1653 1735 1888 1825 Deus,et

307 1824 486 1901 sancti
510 1842 765 1911 templum
782 1838 897 1907 ejus
917 1844 1068 1900 sunt;
1093 1840 1237 1886 recte
1258 1829 1468 1895 dicitur,
1484 1826 1570 1897 qui
1590 1842 1640 1880 es
1659 1825 1711 1877 in
1730 1824 1884 1891 caelis,

306 1939 402 2010 qui
426 1952 491 1993 es
511 1938 563 1991 in
587 1931 886 1991 sanctis.Et
903 1922 1450 2010 accommodatissima
1480 1921 1579 1974 ista
1602 1915 1888 1972 similitudo

307 1999 413 2097 est,
458 2035 520 2083 ut
564 2022 907 2096 spiritualiter
943 2027 1147 2074 tantum
1170 1999 1445 2070 interesse
1482 2009 1723 2064 videatur
1752 2008 1890 2061 inter

306 2124 486 2190 justos
513 2127 567 2174 et
596 2124 926 2190 peccatores,
956 2118 1212 2183 quantum
1245 2103 1592 2176 corporaliter
1619 2102 1758 2155 inter
1782 2113 1890 2154 cte-

312 2216 421 2269 lum
446 2222 501 2269 et
530 2221 743 2267 terram.

385 2304 476 2359 18.
514 2302 679 2371 Cujus
716 2299 797 2355 rei
832 2292 1189 2367 signiﬁcanda:
1215 2289 1404 2361 gratia,
1433 2301 1553 2343 cum
1592 2284 1660 2339 ad
1689 2282 1888 2338 oratio-

315 2410 439 2450 nem
474 2401 695 2457 stamus,
725 2388 793 2443 ad
824 2387 1084 2442 orientem
1117 2379 1496 2444 convertimur,
1526 2375 1669 2430 unde
1693 2374 1889 2428 caelum

314 2486 489 2555 surgit
514 2501 527 2537 :
553 2498 660 2537 non
691 2484 937 2549 tanquam
968 2477 1042 2531 ibi
1068 2475 1267 2529 habitet
1291 2479 1345 2526 et
1370 2471 1530 2534 Deus,
1554 2465 1706 2537 quasi
1732 2462 1890 2519 caete—

315 2591 405 2633 ras
433 2575 614 2630 nmndi
638 2580 817 2642 partes
841 2567 1173 2624 deseruerit‘
1194 2564 1283 2634 qui
1310 2562 1507 2632 ubique
1529 2573 1762 2630 praesens
1788 2566 1889 2623 est,

314 2680 427 2724 non
456 2667 689 2720 locorum
717 2662 922 2733 spatiis,
950 2658 1045 2715 sed
1072 2655 1369 2726 majestatis
1395 2652 1691 2723 potentia";
1719 2647 1812 2703 scd
1838 2655 1895 2702 ut

314 2759 670 2814 admoneatur
712 2754 919 2808 animus
960 2750 1028 2805 ad
1074 2759 1317 2804 naturam
1360 2744 1788 2801 excellentiorem
1834 2754 1895 2796 se

317 2858 654 2913 convertere,
684 2845 739 2900 id
766 2852 849 2900 est
874 2843 940 2897 ad
975 2843 1163 2907 Deum,
1201 2853 1323 2893 cum
1364 2839 1531 2907 ipsum
1559 2848 1752 2905 corpus
1779 2832 1895 2903 ejus

318 2940 459 3010 quod
502 2946 584 2993 est
615 2945 905 3001 terrenum,
934 2932 1001 2987 ad
1024 2944 1216 3000 corpus
1244 2926 1609 2991 excellentius,
1637 2925 1688 2980 id
1717 2934 1799 2981 est
1826 2923 1895 2979 ad

320 3044 518 3099 corpus
546 3027 764 3082 caeleste
791 3022 1137 3079 convertitur.
1164 3017 1425 3075 Convenit
1453 3016 1612 3071 ctiam
1643 3014 1895 3086 gradibus

318 3120 616 3191 religionis,
653 3126 707 3174 et
734 3117 1022 3188 plurimum
1050 3113 1284 3183 expedit,
1310 3119 1368 3166 ut
1391 3110 1622 3165 omnium
1653 3108 1896 3164 Sensibus

317 3222 377 3267 et
398 3211 737 3283 parvulorum
759 3218 813 3264 et
838 3220 1145 3277 magnorum
1166 3204 1300 3259 bene
1323 3203 1578 3257 sentiatur
1599 3200 1664 3255 de
1680 3200 1808 3253 Deo.
1829 3198 1897 3253 Et

320 3303 445 3358 ideo
465 3302 553 3371 qui
576 3300 871 3354 visibilibus
892 3298 1064 3352 adhuc
1083 3293 1559 3371 pulchritudinihus
1573 3290 1734 3345 dediti
1750 3297 1893 3355 sunt,

320 3408 425 3449 nec
459 3398 683 3462 possunt
712 3388 911 3459 aliquid
952 3384 1319 3455 incorporeum
1361 3364 1612 3455 cogitare,
1648 3382 1895 3452 quoniam

319 3496 547 3538 necesse
584 3490 666 3535 est
710 3480 903 3535 caelum
942 3475 1229 3548 praeferant
1255 3484 1439 3541 terrae;
1468 3473 1789 3529 tolerabilior
1816 3480 1898 3528 est

316 3573 504 3643 opinio
525 3586 730 3637 eorum,
751 3572 794 3625 si
819 3570 984 3624 Deum
1010 3582 1167 3637 quem
1196 3566 1366 3621 adhuc
1393 3565 1736 3635 corporaliter
1763 3565 1901 3635 cogi-

321 3672 459 3732 tant,
498 3664 550 3717 in
579 3663 715 3719 caelo
741 3662 917 3732 potius
953 3658 1172 3715 credant
1201 3672 1339 3724 esse,
1363 3671 1518 3727 quam
1547 3656 1601 3711 in
1639 3665 1777 3711 terra
1802 3672 1816 3710 :
1842 3664 1899 3711 ut

322 3772 451 3813 cum
474 3755 755 3827 aliquando
780 3752 1125 3824 cognoverint
1141 3750 1449 3821 dignitatem
1468 3748 1657 3803 anima:
1680 3749 1899 3803 caeleste

322 3848 485 3903 etiam
511 3860 705 3915 corpus
725 3844 1005 3909 excedere,
1030 3840 1197 3912 magis
1217 3854 1338 3895 eum
1358 3844 1596 3909 quaerant
1620 3838 1672 3891 in
1699 3836 1896 3905 anima,

324 3953 484 4009 quam
515 3937 570 3991 in
595 3950 819 4008 corpore
845 3935 1006 3990 etiam
1034 3931 1272 3997 caelesti;
1304 3937 1358 3984 et
1392 3937 1511 3983 cum
1556 3927 1901 3999 cognoverint

323 4037 579 4099 quantum
604 4027 765 4082 distet
792 4027 929 4080 inter
950 4032 1283 4095 peccatorum
1305 4020 1508 4074 animas
1535 4028 1589 4074 et
1609 4019 1895 4088 justorum,

326 4121 466 4175 sicut
504 4132 611 4173 non
644 4116 929 4183 audebant,
959 4130 1078 4170 cum
1116 4112 1289 4167 adhuc
1317 4111 1605 4165 carnaliter
1631 4117 1896 4180 saperent,

327 4226 450 4265 eum
478 4211 531 4265 in
560 4220 698 4264 terra
724 4208 1007 4272 collocare,
1038 4204 1134 4260 sed
1180 4205 1232 4259 in
1268 4204 1425 4268 caelo,
1461 4203 1537 4258 sic
1575 4211 1759 4273 postea
1788 4212 1900 4258 me-

324 4302 445 4357 liori
469 4302 572 4356 ﬁde
599 4301 681 4355 vel
711 4298 1056 4368 intelligentia
1091 4295 1258 4366 magis
1285 4306 1405 4351 eum
1437 4294 1490 4348 in
1517 4294 1708 4349 animis
1730 4293 1901 4363 justo-

324 4408 444 4449 rum
470 4408 628 4463 quam
659 4392 710 4445 in
740 4397 1075 4461 peccatorum
1096 4387 1385 4457 requirant.
1406 4386 1569 4441 Recte
1594 4400 1720 4455 ergo
1745 4385 1900 4439 intel-

326 4484 506 4553 ligitur
530 4480 673 4552 quod
701 4480 901 4535 dictum
930 4486 1031 4545 est,
1061 4476 1218 4532 Pater
1254 4485 1422 4531 noster
1459 4477 1544 4545 qui
1578 4491 1629 4529 es
1661 4476 1714 4528 in
1740 4476 1895 4542 cretis,

327 4574 381 4629 in
408 4572 655 4628 cordibus
671 4571 936 4641 justorum
966 4582 1083 4624 esse
1102 4568 1320 4632 dictum,
1348 4574 1594 4633 tanquam
1620 4565 1675 4617 in
1702 4564 1899 4633 templo

332 4673 518 4719 sancto
540 4678 656 4716 suo.
679 4661 845 4716 Simul
870 4660 1027 4714 etiam
1048 4666 1107 4710 ut
1125 4656 1216 4724 qui
1241 4662 1377 4721 orat,
1400 4654 1452 4706 in
1478 4667 1537 4706 se
1556 4667 1763 4723 quoque
1784 4654 1900 4722 ipso

278 4783 289 4789 -
328 4754 454 4811 velit
491 4753 730 4808 habitare
753 4765 910 4822 quem
937 4750 1180 4802 invocat:
1209 4753 1407 4801 etcum
1437 4744 1539 4799 hoc
1561 4743 1785 4811 aﬁ‘ectat,
1817 4752 1899 4800 te-

328 4856 455 4903 neat
470 4845 723 4917 justitiam
745 4859 760 4909 ;
782 4857 887 4913 quo
906 4854 1129 4896 munere
1146 4838 1397 4895 invitatur
1414 4836 1481 4892 ad
1503 4835 1900 4893 inhabitandum

329 4939 564 4993 animum
591 4935 750 4991 Deus.

402 5027 489 5083 19.
529 5026 647 5083 Jam
682 5022 954 5078 videamus
997 5032 1117 5090 quae
1159 5018 1267 5073 sint
1303 5016 1548 5087 petenda.
1580 5017 1783 5072 Dictum
1821 5026 1904 5072 est

331 5120 473 5181 enim
502 5119 619 5187 quis
642 5116 710 5171 sit
735 5116 823 5185 qui
854 5112 1069 5182 petitur,
1105 5117 1158 5164 et
1182 5108 1271 5162 ubi
1299 5107 1514 5162 habitet.
1542 5107 1778 5162 Primum
1809 5122 1903 5161 au-

333 5220 439 5266 tem
452 5209 687 5264 omnium
708 5221 825 5276 quae
844 5211 1091 5274 petuntur
1106 5200 1207 5254 hoc
1226 5206 1326 5264 cst,
1346 5197 1699 5267 Sancti/iretur
1724 5210 1904 5253 nomen

337 5311 492 5355 tuum.
524 5297 675 5365 Quod
703 5311 810 5350 non
858 5294 934 5348 sic
971 5292 1184 5361 petitur,
1223 5289 1373 5358 quasi
1419 5303 1524 5343 non
1552 5290 1621 5343 sit
1661 5297 1901 5343 sanctum

338 5408 530 5446 nomen
563 5390 675 5452 Dei,
711 5386 802 5442 sed
832 5394 889 5440 ut
917 5391 1155 5438 sanctum
1185 5379 1441 5434 habeatur
1468 5380 1534 5434 ab
1558 5380 1859 5435 hominibus
1886 5398 1899 5435 :

338 5482 390 5536 id
412 5490 513 5547 est,
538 5481 607 5534 ita
636 5479 738 5533 illis
767 5478 1060 5529 innotescat
1086 5472 1241 5534 Deus,
1274 5480 1332 5523 ut
1356 5485 1458 5525 non
1488 5472 1788 5525 existiment
1811 5472 1905 5526 ali-

338 5573 462 5643 quid
490 5571 742 5634 sanctius,
776 5566 917 5638 quod
954 5563 1119 5633 magis
1159 5561 1429 5619 oﬁ‘endere
1469 5564 1702 5629 timeant.
1725 5564 1905 5636 Neque

338 5665 475 5720 enim
497 5664 615 5733 quia
652 5662 848 5716 dictum
873 5665 974 5724 est,
1001 5655 1165 5709 Notus
1190 5655 1243 5708 in
1261 5654 1446 5710 Judtea
1472 5656 1629 5725 Deus,
1662 5660 1715 5713 in
1740 5658 1766 5712 1
1774 5662 1904 5714 sraet

402 5805 419 5837 ⁸
440 5811 511 5875 θε-
530 5801 674 5875 ιιιιεά·
696 5807 816 5875 "ea:
831 5795 1514 5875 1:?Y-_}9§“§}2.C‘9i’_£‘}”m’?
1529 5797 1599 5855 ibi
1612 5798 1675 5861 sit
1693 5808 1841 5870 Deus.
1861 5808 1907 5855 et

340 5865 475 5929 quasi
498 5854 1055 5929 cwte'rasmundtparte's
1382 5854 1393 5859 ’
1469 5867 1524 5911 Μ.

405 5932 423 5960 ³
440 5915 511 5978 Sic
534 5934 638 5978 uss.
662 5930 718 5976 At
735 5923 867 5976 editi.
891 5915 1134 5983 maiestate
1151 5915 1385 5977 potentiae.

1626 515 1830 578 LIBER
1864 512 2236 572 SECUNDUS.

3415 507 3553 570 i278

1993 644 2231 699 magnum
2254 642 2432 682 nomen
2450 626 2558 697 ejus
2578 622 2748 697 (Psal.
2774 639 2930 694 Lxxv,
2957 623 3034 696 1);
3058 623 3137 681 sic
3157 623 3556 696 intelligendum

1992 728 2074 775 est
2114 718 2261 789 quasi
2304 717 2429 773 alibi
2459 718 2634 772 minor
2668 717 2738 773 sit
2771 717 2930 780 Deus,
2960 717 3083 772 alibi
3122 716 3292 787 major
3321 734 3336 770 :
3364 716 3459 771 sed
3484 715 3559 775 ibi

1992 825 2239 880 magnum
2266 816 2569 865 estnomen
2596 808 2731 880 ejus,
2760 809 2848 865 ubi
2876 824 2972 879 pro
3002 823 3112 863 sua:
3137 807 3426 879 majestatis
3446 821 3559 862 ma-

1991 901 2265 973 gnitudine
2294 902 2613 956 nominatur.
2644 901 2720 956 Ita
2751 901 2823 956 ibi
2856 900 3049 955 dicitur
3086 907 3322 954 sanctum
3361 912 3557 954 nomen

1991 995 2126 1064 ejus,
2147 994 2235 1049 ubi
2256 1009 2378 1048 cum
2398 993 2741 1051 veneratione
2763 1002 2818 1049 et
2839 992 3145 1047 oﬁ‘ensionis
3170 991 3360 1046 timore
3386 987 3557 1045 nomi-

1991 1097 2164 1142 natur.
2194 1087 2260 1141 Et
2284 1085 2386 1142 hoc
2410 1094 2491 1141 est
2512 1085 2651 1156 quod
2680 1099 2819 1139 nunc
2844 1086 3033 1155 agitur,
3061 1084 3186 1139 dum
3212 1082 3555 1152 Evangelium

1991 1181 2163 1235 adhuc
2188 1194 2352 1250 usque
2376 1194 2469 1250 per
2496 1178 2731 1234 diversas
2764 1185 2945 1247 gentes
2991 1176 3385 1242 innotescendo,
3407 1191 3555 1231 com-

1990 1272 2204 1327 mendat
2242 1272 2395 1327 unius
2429 1272 2522 1326 Dei
2562 1285 2754 1325 nomen
2780 1284 2874 1339 per
2901 1267 3409 1324 administrationem
3432 1266 3553 1323 Filii

1990 1366 2125 1436 ejus.

2060 1458 2284 1515 CAPUT
2324 1458 2407 1514 Vl.
2434 1487 2503 1499 -—
2525 1457 2614 1513 20.
2645 1457 2845 1513 Deinde
2888 1454 3159 1526 sequitur,
3190 1454 3433 1509 Adveniet
3472 1468 3555 1508 rev

1990 1564 2143 1621 gnum
2173 1560 2332 1604 tuum.
2362 1549 2510 1605 Sicut
2543 1550 2655 1620 ipse
2692 1550 2943 1603 Dominus
2977 1549 3033 1603 in
3063 1547 3346 1617 Evangelio
3379 1547 3553 1613 docet,

1991 1650 2116 1697 tunc
2135 1643 2367 1698 futurum
2391 1658 2510 1698 esse
2528 1642 2708 1712 judicii
2728 1642 2889 1708 diem,
2913 1656 3033 1696 cum
3058 1640 3397 1710 Evangelium
3424 1653 3559 1708 prte-

1990 1734 2220 1789 dicatum
2246 1733 2407 1790 fuerit
2430 1734 2482 1787 in
2512 1733 2754 1788 omnibus
2782 1732 3025 1803 gentibus
3043 1730 3253 1803 (Matth.
3274 1744 3424 1796 xnv,
3442 1726 3553 1798 id):

1991 1842 2110 1897 quae
2151 1843 2236 1883 res
2281 1827 2510 1897 pertinet
2551 1825 2617 1881 ad
2659 1823 3127 1881 sanctiﬁcationem
3174 1821 3402 1876 nominis
3442 1819 3555 1873 Dei.

1992 1921 2106 1978 Non
2128 1924 2266 1978 enim
2289 1932 2344 1977 ει
2364 1922 2449 1977 hic
2475 1923 2545 1976 ita
2564 1921 2763 1976 dictum
2783 1929 2884 1984 est,
2908 1918 3148 1972 Adveniet
3172 1931 3376 1985 regnum
3398 1923 3559 1980 tuum,

1995 2013 2145 2083 quasi
2192 2028 2332 2068 nunc
2374 2014 2514 2067 Deus
2562 2027 2670 2066 non
2718 2017 2922 2087 regnet.
2959 2008 3066 2065 Sed
3094 2007 3227 2062 forte
3254 2006 3372 2076 quis
3400 2004 3559 2071 dicat,

1992 2104 2235 2158 Adveniet
2255 2103 2451 2158 dictum
2480 2116 2599 2157 esse
2627 2102 2681 2156 in
2707 2110 2922 2155 terram.
2946 2098 3105 2166 Quasi
3122 2112 3249 2152 vero
3271 2111 3375 2150 non
3402 2095 3561 2149 etiam

1993 2194 2107 2262 ipse
2132 2208 2271 2248 nunc
2295 2202 2480 2263 regnet
2504 2194 2559 2247 in
2582 2202 2742 2257 terra,
2769 2204 3084 2260 semperque
3110 2190 3161 2242 in
3189 2203 3248 2242 ea
3270 2185 3565 2255 regnaverit

1994 2299 2026 2339 a
2046 2285 2420 2339 constitutione
2441 2282 2642 2338 mundi.
2666 2281 2905 2335 Adveniet
2927 2294 3053 2349 ergo
3078 2275 3438 2347 accipiendum
3460 2283 3560 2341 est,

1994 2376 2357 2429 maniiestetur
2393 2374 2714 2429 hominibus.
2749 2370 3204 2439 Quemadmodum
3235 2369 3371 2423 enim
3400 2367 3561 2422 etiam

1996 2480 2233 2535 praesens
2258 2466 2347 2519 lux
2377 2466 2568 2520 absens
2596 2473 2679 2520 est
2704 2464 2880 2529 cacis,
2907 2470 2959 2517 et
2988 2461 3065 2516 eis
3096 2461 3183 2530 qui
3213 2459 3395 2514 oculos
3420 2457 3564 2512 clau-

1996 2554 2165 2620 dunt;
2195 2556 2265 2609 ita
2292 2556 2384 2609 Dei
2406 2570 2647 2624 regnum,
2678 2553 2917 2624 quamvis
2941 2566 3205 2620 nunquam
3235 2548 3470 2604 discedat
3497 2546 3566 2604 de

1998 2646 2175 2713 terris,
2210 2654 2382 2700 tamen
2410 2646 2604 2701 absens
2627 2654 2709 2700 est
2733 2642 3114 2714 ignorantibus.
3137 2640 3273 2696 Nulli
3300 2648 3476 2694 autem
3501 2637 3566 2694 li-

1998 2738 2140 2793 cebit
2174 2738 2418 2808 ignorare
2442 2752 2666 2806 regnum
2694 2736 2809 2801 Dei,
2842 2750 2963 2791 cum
2987 2735 3100 2803 ejus
3127 2732 3436 2803 Unigenitus
3458 2744 3568 2785 non

1998 2829 2171 2884 solum
2216 2828 2641 2899 intelligibiliter,
2670 2826 2765 2883 sed
2791 2827 2949 2882 etiam
2973 2825 3249 2880 visibiliter
3276 2823 3328 2878 in
3356 2823 3569 2877 homine

1999 2918 2275 2974 Dominico
2295 2919 2362 2974 de
2391 2918 2529 2974 coelo
2555 2918 2760 2973 venerit
2789 2916 3115 2987 judicaturus
3146 2913 3293 2968 vivos
3330 2921 3384 2967 et
3421 2926 3567 2965 mor-

2000 3018 2118 3064 tuos
2147 3010 2243 3081 (a).
2269 3010 2396 3066 Post
2419 3008 2559 3079 quod
2582 3008 2858 3078 judicium,
2885 3006 2939 3061 id
2964 3015 3064 3070 est,
3092 3019 3211 3058 cum
3236 3002 3486 3060 discretio
3502 3009 3569 3058 -ει

1999 3103 2264 3173 scparatio
2289 3103 2552 3173 justorum
2579 3103 2647 3156 ab
2671 3100 2877 3170 injustis
2903 3098 3036 3153 iacta
3062 3097 3238 3163 fuerit,
3267 3097 3337 3152 ita
3363 3093 3569 3173 inhabie

2000 3171 2130 3250 tabit
2164 3171 2335 3263 justos
2362 3193 2520 3258 Deus,
2559 3201 2614 3247 ut
2653 3206 2761 3247 non
2799 3205 2930 3259 opus
2957 3190 3024 3245 sit
3049 3203 3366 3260 quemquam
3390 3171 3571 3244 doceri

2000 3301 2095 3354 per
2120 3285 2408 3348 hominem,
2437 3284 2532 3338 sed
2561 3284 2665 3337 sint
2700 3297 2901 3347 omnes,
2930 3292 2985 3335 ut
3010 3282 3263 3350 scriptum
3287 3290 3367 3336 est
3385 3320 3399 3347 ,
3426 3280 3569 3335 doci-

2001 3376 2121 3430 biles
2147 3374 2255 3429 Deo
2289 3375 2308 3447 (
2331 3374 2458 3428 Isai.
2488 3390 2596 3440 Liv,
2625 3376 2725 3439 i5;
2751 3373 2907 3427 Joan.
2933 3389 3007 3440 vr,
3034 3374 3102 3427 45
3124 3373 3164 3445 ).
3194 3372 3392 3427 Deinde
3419 3372 3573 3428 beata

2000 3468 2105 3522 vita
2132 3467 2277 3522 omni
2302 3482 2365 3522 ex
2399 3475 2553 3538 parte
2582 3465 2882 3537 perﬁcietur
2910 3466 2962 3519 in
2991 3464 3187 3520 sanctis
3215 3464 3268 3518 in
3292 3472 3570 3532 aeternum,

2002 3556 2160 3613 sicuti
2185 3572 2327 3611 nunc
2353 3557 2600 3612 caelestes
2621 3556 2808 3626 Angeli
2840 3554 3157 3609 sanctissimi
3190 3561 3346 3624 atque
3379 3552 3574 3608 beatis-

2001 3648 2143 3714 simi,
2188 3647 2302 3702 solo
2330 3649 2439 3702 Deo
2480 3647 2783 3701 illuStrante
2829 3646 3095 3715 sapientes
3136 3654 3189 3699 et
3233 3644 3373 3700 beati
3415 3651 3570 3709 sunt;

2000 3739 2122 3809 quia
2152 3747 2206 3794 et
2240 3739 2341 3793 hoc
2369 3738 2612 3808 promisit
2651 3738 2904 3791 Dominus
2944 3736 3089 3791 suis:
3115 3734 3179 3789 In
3217 3735 3575 3790 resurrectione

2004 3840 2168 3899 erant,
2200 3832 2388 3901 inquit,
2409 3832 2533 3885 sicut
2552 3830 2729 3900 Angeli
2754 3830 2807 3883 in
2836 3830 2971 3883 cretis
2996 3827 3206 3900 (Matth.
3230 3844 3360 3893 xxn,
3390 3826 3501 3899 '50).

2074 3924 2164 3979 21.
2205 3924 2271 3979 Ει
2317 3922 2438 3978 ideo
2485 3932 2602 3992 post
2646 3922 2791 3975 illam
2834 3923 3139 3991 petitionem
3186 3936 3288 3991 qua
3326 3919 3571 3989 dicimus,

2003 4014 2248 4070 Adveniet
2278 4029 2486 4084 regnum
2517 4022 2679 4078 tuum,
2697 4012 2952 4081 sequitur,
2974 4009 3093 4064 Fiat
3111 4011 3337 4065 voluntas
3364 4020 3451 4063 tua
3474 4010 3575 4063 sic-

2004 4118 2060 4161 ut
2085 4108 2138 4160 in
2166 4106 2289 4161 caelo
2316 4115 2362 4160 et
2389 4106 2440 4159 in
2466 4113 2598 4160 terra
2619 4118 2639 4158 :
2665 4104 2716 4158 id
2741 4112 2842 4170 est,
2871 4102 3007 4158 sicut
3045 4112 3127 4158 est
3164 4103 3216 4157 in
3242 4103 3456 4172 Angelis
3480 4102 3571 4172 qui

2005 4205 2128 4253 sunt
2176 4197 2231 4251 in
2273 4196 2444 4264 cmlis,
2480 4196 2722 4250 voluntas
2762 4202 2872 4260 tua,
2906 4204 2965 4249 ut
3004 4194 3309 4249 omnimodo
3347 4194 3440 4247 tibi
3481 4193 3550 4248 ad

2005 4287 2244 4343 haereant
2284 4300 2439 4355 teque
2470 4286 2824 4355 perfruantur,
2847 4285 2992 4338 nullo
3017 4299 3199 4339 errore
3231 4284 3574 4342 obnubilante

2006 4378 2321 4449 sapientiam
2355 4392 2561 4442 eorum,
2590 4375 2731 4429 nulla
2759 4375 2970 4429 miseria
3007 4374 3325 4444 impediente
3354 4376 3581 4429 beatitu-~

2005 4469 2187 4524 dinem
2206 4483 2387 4523 eorum
2408 4484 2423 4534 ;
2447 4467 2517 4520 ita
2538 4465 2627 4520 ﬁat
2652 4467 2705 4520 in
2731 4466 2926 4521 sanctis
2949 4465 3051 4521 tuis
3073 4468 3162 4536 qui
3189 4466 3244 4521 in
3275 4476 3411 4521 terra
3431 4476 3573 4534 sunt,

2006 4569 2062 4614 et
2098 4559 2165 4613 de
2208 4566 2369 4624 terra,
2415 4557 2555 4627 quod
2585 4557 2651 4611 ad
2686 4572 2877 4626 corpus
2921 4557 3123 4623 attinet,
3168 4557 3291 4613 facti
3340 4566 3480 4623 sunt,
3524 4568 3579 4614 et

2006 4651 2249 4720 quamvis
2276 4651 2328 4704 in
2352 4650 2624 4704 caelestem
2655 4649 3030 4705 habitationem
3061 4660 3218 4720 atque
3256 4651 3579 4707 immutatio-

2006 4758 2152 4810 nem,
2182 4751 2358 4797 tamen
2382 4742 2450 4797 de
2476 4751 2617 4797 terra
2642 4742 2946 4797 assumendi
2969 4751 3110 4797 sunt.
3131 4742 3211 4797 Ad
3237 4743 3337 4798 hoc
3365 4744 3581 4813 respicit

2006 4834 2167 4888 etiam
2216 4832 2305 4886 illa
2349 4832 2669 4903 Angelorum
2713 4832 3035 4902 praedicatio,
3064 4832 3237 4887 Gloria
3278 4835 3331 4886 in
3372 4835 3581 4889 excelsis

2008 4922 2138 4989 Deo,
2169 4932 2215 4978 et
2244 4924 2296 4977 in
2334 4933 2467 4977 terra
2507 4940 2609 4994 pax
2638 4924 2918 4978 hominibus
2946 4922 3088 4977 bona:
3115 4923 3383 4977 voluntatis
3412 4925 3431 4993 (
3452 4922 3576 4977 Luc.

2009 5033 2068 5083 ιι,
2100 5018 2187 5087 id)
2217 5035 2229 5071 :
2264 5026 2319 5072 ut
2361 5033 2483 5072 cum
2527 5017 2856 5088 praecesserit
2882 5004 3039 5072 ’hona
3084 5017 3326 5072 voluntas
3376 5029 3575 5088 nostra,

2009 5127 2128 5180 quae
2154 5119 2432 5166 vocantem
2459 5111 2716 5179 sequitur,
2746 5109 3043 5179 perﬁciatur
3071 5109 3122 5163 in
3154 5108 3307 5164 nobis
3335 5111 3578 5166 voluntas

2010 5202 2128 5268 Dei,
2156 5204 2314 5259 sicuti
2335 5211 2417 5259 est
2443 5204 2497 5257 in
2523 5202 2827 5258 caelestibus
2859 5201 3108 5272 Angelis;
3136 5210 3192 5255 ut
3220 5200 3361 5255 nulla
3390 5202 3582 5257 adver-

2011 5301 2141 5356 sitas
2184 5303 2398 5357 resistat
2438 5311 2634 5355 nostrae
2667 5300 2994 5363 beatitudini,
3027 5300 3167 5369 quod
3197 5310 3278 5355 est
3308 5315 3425 5369 pax.
3453 5298 3581 5351 Item

2013 5388 2136 5443 Fiat
2179 5391 2409 5444 voluntas
2455 5399 2563 5457 tua,
2603 5399 2746 5445 recte
2788 5388 3116 5461 intelligitur,
3147 5391 3420 5445 obediatur
3447 5404 3585 5459 prtc-
3620 5432 3623 5437 λ

2014 5485 2183 5553 ccptis
2224 5485 2326 5538 tuis
2354 5484 2516 5538 :sieut
2554 5484 2608 5537 in
2645 5484 2768 5537 caelo
2792 5494 2838 5538 et
2866 5485 2918 5537 in
2949 5493 3100 5550 terra,
3138 5484 3189 5538 id
3227 5493 3328 5548 est,
3359 5483 3492 5536 sicut
3520 5480 3589 5535 ab

2016 5574 2253 5643 Angelis,
2281 5573 2350 5627 ita
2379 5573 2448 5627 ab
2477 5573 2797 5629 hominibus.
2818 5574 2950 5630 Nam
2980 5573 3093 5629 ﬁeri
3122 5573 3442 5629 voluntatem
3471 5572 3584 5638 Dei,

2018 5683 2142 5721 cum
2163 5666 2558 5735 obtemperatur
2577 5668 2854 5737 praeceptis
2877 5668 3010 5738 ejus,
3032 5667 3143 5737 ipse
3164 5665 3418 5721 Dominus
3438 5664 3584 5729 dicit,

2020 5775 2139 5816 cum
2170 5760 2271 5824 ait,
2302 5758 2447 5814 Meus
2472 5760 2610 5816 cibus
2646 5770 2716 5816 est
2743 5770 2797 5815 ut
2831 5762 3015 5832 faciam
3041 5759 3344 5815 uoluntatem
3372 5758 3480 5841 ejus
3506 5754 3591 5827 qui

2081 5922 2152 5983 (α)
2174 5928 2191 5971 t
2214 5928 2415 5974 netract.
2439 5935 2542 5989 mp.
2571 5922 2648 5985 19,
2670 5934 2720 5974 ιι.
2743 5921 2791 5973 8.
