4076 6478
547 416 683 472 1279

547 547 625 584 rte
650 530 783 584 misit
815 529 990 600 (Joan.
1021 547 1092 596 1v,
1116 531 1228 600 34);
1260 539 1314 587 et
1342 547 1482 601 saepe
1501 573 1516 597 ,
1551 531 1670 587 Non
1697 533 1807 587 veni
1835 537 2001 604 facere
2027 549 2119 586 vo-

548 621 792 676 luntatem
815 640 993 692 meam,
1015 622 1102 677 sed
1117 621 1418 676 voluntatem
1435 625 1543 695 ejus
1557 624 1643 695 qui
1671 640 1750 677 me
1770 623 1904 677 misit
1935 622 2115 693 (Joan.

543 731 618 784 vt,
649 718 716 772 58
741 718 780 789 );
806 726 858 773 et
887 733 1008 772 cum
1037 717 1130 783 ait,
1169 717 1302 771 Ecce
1342 727 1500 771 mater
1536 734 1664 783 mea,
1704 726 1752 771 et
1788 733 1899 771 ecce
1939 720 2120 787 fratres

545 812 661 878 mei,
695 820 740 865 et
763 813 1055 882 quicumque
1083 812 1254 883 fecerit
1294 812 1598 865 voluntatem
1627 811 1750 878 Dei,
1789 810 1868 863 ltic
1899 809 2020 862 mihi
2045 818 2118 862 est

544 904 718 970 frater,
745 910 789 954 et
812 911 988 967 mater,
1013 911 1058 956 et
1085 919 1228 956 soror
1249 901 1460 972 (Matth.
1484 903 1659 962 1:11.49
1671 912 1718 955 et
1739 901 1851 972 50).
1875 900 2117 970 Quiergo

543 990 741 1045 faciunt
778 991 1102 1047 voluntatem
1134 993 1247 1059 Dei,
1296 995 1348 1046 in
1397 993 1498 1048 illis
1545 993 1740 1062 utique-
1771 992 1828 1046 ﬁt
1871 992 2116 1046 voluntas

541 1083 634 1136 Dei
661 1100 672 1134 :
702 1098 807 1138 non
835 1084 956 1153 quia
985 1084 1088 1155 ipsi
1109 1083 1307 1140 faciunt
1333 1094 1388 1139 ut
1414 1085 1541 1138 velit
1573 1085 1736 1149 Deus;
1771 1083 1864 1138 sed
1891 1083 2010 1153 quia
2039 1082 2116 1136 fa-

538 1175 686 1230 ciunt
713 1177 855 1246 quod
883 1178 973 1234 ille
994 1179 1126 1247 vult,
1151 1179 1202 1233 id
1227 1187 1329 1247 est,
1354 1177 1554 1233 faciunt
1572 1177 1860 1233 secundum
1883 1178 2116 1231 volunta-

539 1276 642 1321 tem
673 1269 806 1337 ejus.

607 1356 696 1411 22.
727 1359 822 1414 Est
839 1359 996 1414 etiam
1019 1361 1103 1416 ille
1123 1361 1420 1416 intellectus
1449 1379 1462 1413 :
1495 1360 1615 1414 Fiat
1636 1361 1865 1415 voluntas
1887 1362 2114 1414 tuasicut

539 1449 591 1502 in
621 1451 743 1504 caelo
767 1461 815 1504 et
842 1453 892 1505 in
920 1464 1071 1521 terra,
1115 1453 1250 1507 sicut
1277 1453 1327 1507 in
1358 1453 1553 1508 sanctis
1576 1461 1629 1507 et
1649 1453 1825 1523 justis,
1855 1452 1926 1506 ita
1953 1451 2112 1505 etiam

538 1540 590 1596 in
624 1545 1004 1613 peccatoribus.
1035 1546 1184 1614 Quod
1209 1547 1380 1602 adhuc
1404 1546 1610 1601 duobus
1629 1546 1801 1601 modis
1830 1547 1994 1616 accipi
2019 1561 2115 1614 po-

544 1643 646 1691 test
671 1655 684 1689 :
714 1638 825 1693 sive
842 1647 899 1692 ut
923 1654 1137 1694 oremus
1166 1640 1324 1694 etiam
1351 1655 1446 1710 pro
1467 1639 1692 1694 inimicis
1719 1640 1941 1703 nostris;
1964 1638 2110 1711 (quid

535 1726 676 1780 enim
709 1738 834 1792 sunt
858 1729 1000 1784 aliud
1026 1730 1286 1798 habendi,
1316 1740 1498 1787 contra
1539 1745 1761 1801 quorum
1788 1732 2110 1786 voluntatem

536 1816 880 1874 christianum
908 1830 962 1876 et
987 1823 1304 1878 catholicum
1352 1839 1544 1880 nomen
1590 1822 1872 1894 augetur?)
1934 1833 1991 1876 ut
2037 1822 2108 1876 ita

533 1909 731 1964 dictum
757 1913 853 1978 sit,
887 1913 1007 1968 Fiat
1043 1914 1273 1970 voluntas
1305 1927 1390 1970 tua
1414 1917 1538 1971 sicut
1563 1918 1616 1970 in
1655 1917 1776 1970 caelo
1803 1926 1848 1970 et
1873 1917 1924 1969 in
1955 1925 2106 1983 terra,

533 2008 782 2072 tanquam
807 2004 853 2059 si
874 2005 1158 2070 diceretur,
1182 2007 1737 2081 Eaciantvoluntatem
1782 2017 1925 2062 tuam
1972 2007 2110 2062 sicut

526 2089 676 2160 justi,
710 2093 779 2147 ita
801 2096 958 2150 etiam
979 2106 1304 2167 peccatores,
1324 2107 1381 2153 ut
1400 2099 1465 2153 ad
1486 2109 1536 2154 te
1560 2109 1968 2153 convertantur:
1997 2098 2109 2153 sive

530 2183 632 2251 ita,
666 2185 785 2239 Fiat
823 2189 1050 2242 voluntas
1076 2200 1162 2243 tua
1194 2192 1322 2244 sicut
1349 2193 1402 2245 in
1420 2194 1542 2246 ca’lo
1571 2202 1616 2245 et
1653 2193 1706 2245 in
1732 2202 1900 2257 terra,
1932 2200 1988 2244 ut
2013 2205 2107 2244 sua

528 2275 719 2346 cuique
742 2279 1062 2345 tribuantur;
1089 2282 1229 2351 quod
1256 2284 1345 2337 tiet
1367 2293 1606 2338 extremo
1622 2283 1841 2352 judicio,
1872 2293 1928 2338 ut
1948 2283 2106 2352 justis

529 2369 839 2436 praemium,
890 2373 1248 2439 peccatoribus
1295 2374 1562 2430 damnatio
1602 2376 1942 2442 retribuatur,
1985 2389 2105 2430 cum

531 2460 651 2528 agni
681 2460 748 2514 ab
778 2461 942 2515 haedis
969 2464 1356 2532 separabuntur
1386 2464 1496 2535 (Id.
1525 2482 1652 2530 xxv,
1685 2465 1892 2535 33-46).

598 2551 687 2605 25.
720 2552 813 2607 ille
840 2554 998 2608 etiam
1029 2571 1132 2608 non
1175 2556 1435 2611 absurdus
1455 2599 1470 2624 ,
1516 2559 1623 2611 imo
1655 2569 1708 2610 et
1747 2556 1868 2612 ﬁdei
1910 2564 1965 2611 et
1989 2555 2104 2627 spei

527 2649 722 2695 nostra:
747 2645 1279 2700 convenientissimus
1309 2646 1608 2702 intellectus
1631 2657 1731 2714 est,
1761 2655 1818 2701 ut
1837 2647 2028 2702 coelum
2049 2655 2104 2702 et

527 2739 720 2785 terram
747 2735 1085 2804 accipiamus,
1117 2738 1358 2806 spiritum
1405 2748 1458 2792 et
1481 2754 1715 2793 carnem.
1761 2740 1823 2793 Et
1852 2739 2101 2808 quoniam

523 2822 651 2878 dicit
676 2825 979 2895 Apostolus,
1010 2828 1178 2882 Mente
1203 2831 1360 2884 servio
1382 2829 1478 2901 legi
1506 2830 1620 2896 Dei,
1651 2847 1798 2884 carne
1819 2839 1984 2884 autem
2004 2831 2100 2901 legi

523 2919 713 2986 peccati
757 2917 944 2990 (Rom.
976 2936 1070 2987 vn,
1100 2921 1223 2992 25);
1270 2922 1510 2978 videmus
1553 2922 1742 2978 factam
1778 2925 2099 2978 voluntatem

523 3007 619 3062 Dei
645 3009 695 3063 in
724 3019 919 3076 mente,
958 3012 1009 3066 id
1036 3022 1135 3080 est,
1165 3013 1215 3067 in
1244 3014 1430 3084 spiritu
1456 3032 1468 3066 :
1500 3030 1619 3069 cum
1645 3023 1822 3070 autem
1851 3015 2098 3084 absorpta

521 3097 683 3153 fuerit
706 3116 851 3155 mors
877 3103 930 3156 in
959 3103 1260 3172 victoriam,
1294 3113 1345 3160 et
1373 3107 1595 3161 mortale
1621 3107 1722 3161 hoc
1752 3106 1978 3161 induerit
2001 3107 2100 3160 im-

523 3191 922 3256 mortalitatem,
971 3194 1112 3263 quod
1153 3195 1243 3249 ﬁet
1269 3196 1444 3250 carnis
1473 3198 1890 3263 resurrectione,
1940 3205 2098 3267 atque

518 3279 608 3336 illa
646 3282 1012 3339 immutatione
1049 3302 1166 3356 quae
1210 3288 1534 3356 promittitur
1565 3289 1722 3358 justis
1745 3332 1758 3354 ,
1803 3289 2096 3344 secundum

519 3373 760 3444 ejusdem
788 3378 1010 3446 apostoli
1038 3379 1462 3448 praedicationem
1498 3380 1537 3452 (1
1569 3381 1686 3436 Cor.
1720 3398 1812 3448 xv,
1842 3382 1931 3449 42,
1959 3382 2048 3453 55)
2078 3401 2091 3436 :

517 3464 610 3519 ﬁat
636 3467 876 3522 voluntas
905 3469 994 3523 Dei
1017 3479 1070 3525 et
1095 3471 1147 3524 in
1178 3479 1337 3537 terra,
1371 3472 1506 3527 sicut
1535 3473 1585 3526 in
1611 3473 1748 3527 cmlo
1773 3491 1785 3528 :
1818 3472 1868 3527 id
1896 3482 1976 3528 est
1996 3513 2012 3540 ,
2040 3481 2098 3527 ut

516 3557 961 3626 quemadmodum
990 3561 1209 3630 spiritus
1246 3577 1350 3616 non
1388 3563 1587 3617 resistit
1627 3563 1756 3631 Deo,
1789 3579 2018 3634 sequens
2043 3572 2097 3619 et

517 3647 714 3704 faciens
742 3651 1068 3706 voluntatem
1113 3653 1256 3723 ejus;
1291 3655 1360 3709 ita
1404 3664 1457 3709 et
1501 3669 1694 3724 corpus
1735 3672 1841 3710 non
1885 3657 2096 3711 resistat

517 3741 720 3808 spiritui
768 3745 850 3797 vel
895 3743 1112 3810 animm,
1156 3759 1273 3814 quae
1320 3761 1459 3802 nunc
1505 3746 1742 3816 corporis
1791 3746 2094 3801 inﬁrmitate

520 3844 760 3899 vexatur,
793 3843 846 3888 et
887 3837 940 3889 in
985 3837 1248 3891 carnalem
1294 3839 1728 3894 consuetudinem
1772 3855 1933 3908 prona
1964 3847 2045 3893 est
2079 3857 2092 3892 :

515 3926 656 3995 quod
687 3927 786 3980 erit
815 3944 1036 3983 summae
1063 3930 1205 3998 pacis
1231 3930 1281 3984 in
1308 3930 1413 3984 vita
1440 3941 1636 3986 aeterna
1658 3973 1672 3997 ,
1707 3940 1763 3985 ut
1787 3946 1893 3986 non
1922 3933 2094 3986 solum

516 4017 652 4070 velle
673 4017 908 4085 adjacent
929 4019 1102 4087 nobis,
1126 4021 1218 4074 sed
1244 4022 1400 4074 etiam
1423 4023 1676 4092 perﬁcere
1698 4023 1913 4078 bonum.
1941 4021 2094 4075 Nunc

516 4107 649 4160 enim
675 4109 816 4174 velle,
841 4110 1026 4180 inquit,
1059 4110 1254 4182 adjacet
1281 4112 1434 4177 mihi;
1461 4114 1696 4183 perficere
1721 4123 1887 4166 autem
1912 4114 2094 4167 bonum

513 4217 614 4254 non
639 4217 657 4254 :
681 4201 800 4271 quia
829 4205 1060 4257 nondum
1087 4205 1137 4258 in
1162 4213 1299 4259 terra
1327 4205 1460 4259 sicut
1485 4206 1537 4258 in
1562 4207 1718 4270 coelo,
1750 4205 1803 4260 id
1827 4214 1926 4266 est,
1954 4221 2091 4261 non-

512 4291 638 4345 dum
671 4291 722 4345 in
759 4307 917 4347 carne
954 4295 1088 4349 sicut
1117 4296 1169 4348 in
1210 4295 1397 4365 spiritu
1425 4295 1558 4349 facta
1597 4305 1680 4350 est
1709 4296 1948 4350 voluntas
1974 4297 2088 4352 Dei.

510 4381 642 4437 Nam
674 4393 728 4438 et
772 4384 825 4436 in
856 4385 1066 4440 miseria
1113 4396 1293 4441 nostra
1335 4389 1395 4440 tit
1437 4387 1683 4442 voluntas
1728 4387 1848 4452 Dei,
1883 4403 2003 4442 cum
2029 4403 2092 4443 ea

510 4473 743 4542 patimur
772 4489 866 4542 per
894 4490 1128 4540 carnem,
1161 4492 1278 4546 qua:
1307 4478 1459 4532 nobis
1489 4479 1821 4533 mortalitatis
1847 4479 1966 4548 jure
1995 4479 2090 4534 de-

513 4564 720 4630 beutUr,
771 4583 926 4636 quam
952 4570 1218 4638 peccando
1243 4571 1436 4624 meruit
1462 4581 1641 4627 nostra
1671 4581 1891 4627 natura:
1922 4573 2014 4628 sed
2038 4574 2090 4628 id

515 4656 774 4710 orandum
802 4667 902 4724 est,
936 4667 991 4712 ut
1026 4661 1161 4714 sicut
1191 4661 1241 4714 in
1272 4663 1436 4728 cmlo,
1467 4664 1537 4717 ita
1564 4672 1617 4718 et
1643 4664 1696 4717 in
1724 4674 1859 4718 terra
1887 4664 1978 4719 ﬁat
2001 4681 2093 4720 vo-

513 4745 687 4805 luntas
713 4747 839 4813 Dei;
873 4749 924 4802 id
960 4758 1036 4804 est
1055 4791 1068 4815 ,
1100 4759 1155 4804 ut
1183 4753 1624 4820 quemadmodum
1653 4754 1813 4810 corde
1840 4755 2090 4811 condele-

511 4845 717 4891 ctamur
740 4839 841 4910 legi
862 4841 1149 4894 secundum
1179 4842 1482 4897 interiorem
1509 4843 1777 4898 hominem
1800 4843 1972 4913 (Rom.
1996 4861 2088 4913 vn,

514 4927 603 4995 18,
635 4929 749 4999 22),
784 4931 853 4984 ita
885 4931 1043 4986 etiam
1077 4934 1316 5002 corporis
1350 4934 1714 4989 immutatione
1751 4937 1920 5002 facta,
1967 4936 2092 4991 huic

514 5031 710 5075 nostra:
725 5021 1062 5076 delectationi
1081 5023 1219 5077 nulla
1242 5039 1362 5093 pars
1384 5034 1560 5079 nostra
1581 5027 1802 5081 terrenis
1823 5027 2092 5082 doloribus

509 5125 605 5167 seu
637 5113 990 5182 voluptatibus
1019 5115 1346 5170 adversetur.

579 5205 670 5260 9.4.
699 5206 807 5260 Nec
846 5206 974 5260 illud
999 5222 1028 5260 a
1056 5207 1276 5261 veritate
1319 5207 1587 5271 abhorret,
1638 5216 1696 5261 ut
1734 5209 2087 5278 accipiamus,

513 5298 634 5352 Fiat
659 5309 888 5353 votuntas
919 5309 1004 5352 tua
1029 5300 1158 5354 sicut
1185 5301 1238 5352 in
1267 5300 1390 5354 cwlo
1411 5309 1454 5353 et
1478 5300 1529 5352 in
1552 5309 1705 5365 terra,
1733 5301 1871 5354 sicut
1897 5301 1948 5354 in
1975 5302 2091 5372 ipso

509 5392 737 5447 Domino
765 5403 947 5447 nostro
973 5391 1097 5448 Jesu
1135 5393 1368 5458 Christo,
1399 5393 1469 5446 ita
1505 5401 1558 5446 et
1582 5393 1633 5446 in
1665 5392 1898 5447 Ecclesia
1925 5409 1938 5446 :
1971 5404 2090 5447 tan-

509 5501 667 5557 quam
700 5485 750 5539 in
775 5484 890 5539 viro
917 5485 1006 5555 qui
1033 5485 1204 5538 Patris
1229 5485 1549 5538 voluntatem
1578 5483 1832 5553 implevit,
1861 5484 1930 5537 ita
1955 5493 2008 5538 ct
2037 5485 2092 5542 in

509 5578 704 5632 femina
733 5593 851 5647 quae
877 5578 948 5630 illi
975 5578 1292 5646 desponsata
1322 5585 1419 5630 est.
1445 5576 1649 5631 leum
1690 5576 1833 5631 enim
1873 5585 1926 5631 et
1953 5586 2091 5633 terra

509 5668 889 5723 convenienter
912 5668 1239 5737 intelligitur,
1262 5667 1411 5736 quasi
1432 5667 1511 5720 vir
1529 5667 1821 5734 etfemina;
1844 5669 2090 5739 quoniam

511 5768 653 5815 terra
682 5761 821 5815 cmlo
845 5760 1160 5816 fecundaute
1188 5759 1453 5814 fructifera
1485 5770 1585 5814 est.

577 5852 804 5908 CAPUT
844 5854 953 5909 VII.
976 5855 1154 5910 —25.
1181 5852 1381 5923 Quarta
1414 5851 1596 5924 petitio
1629 5859 1745 5925 est,
1776 5852 1970 5910 Panem
1999 5872 2090 5913 no-

1391 420 1477 476 DE
1515 419 1832 477 SERMONE
1869 418 2102 476 DOMINI
2141 419 2208 476 IN
2246 419 2496 489 MONTE,
2535 422 2593 478 S.
2632 422 3000 482 AUGUSTlNl

3674 435 3822 494 1280

2227 542 2386 586 strum
2413 536 2756 604 quotidianum
2787 537 2854 591 da
2878 539 3020 594 nobis
3049 540 3216 596 hodie.
3247 541 3406 599 Panis
3431 547 3770 616 quotidianus
3793 594 3811 616 ,

2225 634 2316 679 aut
2346 642 2441 696 pro
2469 627 2533 681 iis
2559 629 2804 685 omnibus
2846 631 3018 687 dictus
3058 642 3172 700 est,
3219 651 3337 705 qua:
3383 637 3538 708 hujus
3562 643 3686 697 vita:
3714 660 3817 699 ne-

2224 717 2525 774 cessitatem
2556 729 2882 789 sustentant,
2931 723 2998 778 de
3035 740 3141 794 quo
3180 741 3300 782 cum
3329 730 3666 800 praeciperet,
3698 735 3813 802 ait,

2225 807 2398 862 Nolite
2435 811 2654 882 cogitare
2686 813 2749 867 de
2783 815 3045 880 crastino;
3073 825 3131 871 ut
3177 817 3296 874 ideo
3331 820 3399 875 sit
3437 822 3706 892 additum,
3739 826 3813 878 da

2221 899 2365 955 nobis
2406 902 2597 958 hodie:
2638 914 2729 958 aut
2769 921 2866 975 pro
2911 906 3254 964 Sacramento
3293 915 3530 983 corporis
3569 915 3807 983 Christi,

2220 992 2361 1060 quod
2392 995 2629 1064 quotidie
2655 997 2980 1067 accipimus:
3013 1008 3104 1054 aut
3138 1016 3236 1070 pro
3276 1004 3533 1072 spirituali
3559 1008 3710 1072 cibo,
3737 1009 3810 1064 de

2220 1095 2326 1150 quo
2351 1083 2492 1138 idem
2537 1085 2790 1142 Dominus
2829 1087 2994 1156 dicit,
3035 1089 3327 1160 Operamini
3364 1111 3527 1148 escam
3559 1114 3674 1164 qua:
3702 1116 3824 1162 non,

2219 1175 2586 1244 corrumpitur;
2615 1187 2668 1231 et
2695 1177 2817 1233 illud
2837 1221 2852 1244 ,
2884 1178 2994 1251 Ego
3021 1197 3132 1234 sum
3157 1183 3304 1253 panis
3331 1185 3460 1250 vitm,
3484 1187 3570 1255 qui
3591 1188 3653 1240 de
3677 1190 3806 1244 caelo

2219 1265 2450 1320 descendi
2472 1266 2647 1340 (Joan.
2680 1286 2750 1336 Vl,
2784 1272 2871 1339 i7,
2904 1273 3018 1344 41).
3052 1273 3159 1330 Sed
3186 1275 3374 1331 horum
3405 1279 3559 1334 trium
3585 1282 3713 1351 quid
3735 1285 3807 1338 sit

2217 1357 2571 1426 probabilius,
2601 1363 2923 1418 considerari
2963 1375 3158 1434 potest.
3195 1367 3329 1423 Nam
3371 1369 3506 1426 forte
3534 1374 3803 1443 quispiam

2217 1461 2510 1519 moveatur,
2543 1469 2638 1508 cur
2661 1469 2876 1511 oremus
2905 1473 3001 1527 pro
3025 1458 3108 1514 his
3135 1447 3490 1531 adipiscendis
3517 1482 3636 1534 qua:
3676 1466 3805 1522 huic

2217 1540 2337 1595 vitae
2365 1553 2489 1597 sunt
2514 1547 2833 1611 necessaria,
2861 1549 3020 1604 veluti
3041 1559 3122 1605 est
3145 1552 3315 1608 victus
3341 1563 3395 1609 et
3413 1563 3800 1626 tegumentum,

2217 1646 2336 1685 cum
2369 1634 2480 1703 ipse
2509 1635 2761 1692 Dominus
2787 1639 2944 1707 dicat,
2981 1641 3154 1697 Nolite
3179 1646 3381 1700 solliciti
3409 1664 3512 1702 esse
3534 1649 3657 1718 quid
3681 1652 3806 1704 eda—

2216 1724 2299 1788 tis,
2331 1725 2407 1778 vel
2435 1726 2556 1795 quid
2602 1727 2902 1784 induamini.
2949 1733 3031 1786 An
3075 1743 3249 1803 potest
3289 1739 3508 1807 quisque
3537 1739 3603 1792 dc
3644 1755 3710 1795 ea
3739 1758 3803 1796 re

2214 1826 2311 1880 pro
2336 1829 2436 1882 qua
2466 1816 2805 1887 adipiscenda
2847 1831 2996 1888 orat,
3051 1841 3152 1878 non
3185 1841 3304 1880 esse
3342 1828 3631 1895 sollicitus;
3674 1847 3800 1886 cum

2216 1910 2358 1957 tanta
2384 1904 2676 1963 intentione
2703 1911 2862 1964 animi
2888 1913 3060 1968 oratio
3084 1914 3355 1985 dirigenda
3383 1919 3483 1983 sit,
3516 1928 3571 1972 ut
3602 1920 3670 1974 ad
3698 1921 3804 1976 hoc

2214 1999 2380 2048 totum
2402 1995 2528 2050 illud
2559 1999 2819 2055 referatur
2845 1991 2989 2072 q'uod
3019 2003 3084 2059 de
3113 2005 3421 2061 claudendis
3445 2008 3701 2065 cubiculis
3726 2012 3803 2066 di.

2211 2092 2353 2138 ctum
2378 2097 2491 2152 est,
2525 2097 2578 2142 et
2603 2089 2732 2145 illud
2757 2093 2896 2162 quod
2936 2095 3042 2160 ait,
3079 2097 3300 2159 Quaerite
3326 2098 3541 2168 primunt
3586 2118 3799 2172 regnum

2210 2173 2308 2229 Dei
2341 2186 2386 2231 et
2405 2179 2656 2248 justitiam
2698 2185 2836 2254 ejus,
2867 2197 2910 2240 et
2945 2188 3053 2240 lucc
3085 2190 3254 2242 omnia
3284 2201 3598 2261 apponentur
3622 2196 3799 2250 vobis!

2209 2265 2324 2322 Non
2346 2269 2420 2323 ait
2435 2271 2631 2341 utique,
2655 2273 2890 2340 Qumrite
2911 2278 3137 2347 primum
3158 2295 3376 2350 regnum
3399 2283 3512 2346 Dei,
3532 2293 3584 2337 et
3599 2284 3799 2340 deinde

2210 2356 2311 2411 ista
2337 2361 2590 2429 quaerite;
2620 2363 2737 2432 sed,
2768 2366 2874 2420 lucc
2897 2370 3086 2433 omnia,
3118 2370 3320 2440 inquit,
3361 2385 3675 2444 opponentur
3706 2393 3798 2431 vo-

2209 2446 2301 2512 bis,
2334 2450 2532 2506 scilicet
2558 2452 2717 2508 etiam
2762 2470 2867 2510 non
2896 2460 3274 2526 querentibus.
3306 2461 3584 2529 Quomodo
3616 2475 3796 2521 autem

2209 2545 2352 2594 recte
2385 2538 2592 2597 dicatur
2631 2560 2736 2599 non
2777 2562 3016 2616 quaerere
3040 2550 3231 2621 aliquis
3253 2593 3267 2618 ,
3305 2553 3444 2622 quod
3479 2563 3536 2609 ut
3569 2557 3798 2626 accipiat

2208 2630 2561 2690 intentissime
2589 2636 2757 2692 Deum
2789 2638 3129 2711 deprecatur,
3156 2645 3338 2699 nescio
3365 2653 3538 2702 utrum
3566 2648 3795 2704 inveniri

2205 2731 2385 2790 queat.

2275 2815 2366 2870 26.
2406 2816 2481 2872 De
2516 2817 2862 2878 Sacramento
2889 2832 3067 2880 autem
3108 2828 3348 2897 corporis
3383 2829 3592 2885 Domini
3633 2841 3690 2887 ut
3719 2834 3792 2888 illi

2204 2921 2310 2960 non
2331 2918 2581 2964 moveant
2605 2913 2986 2983 quaestionem,
3015 2917 3105 2987 qui
3136 2918 3348 2987 plurimi
3369 2921 3422 2974 in
3443 2922 3792 2978 orientalibus

2204 2999 2466 3068 partibus,
2494 3017 2600 3056 non
2623 3006 2860 3074 quotidie
2885 3023 3051 3064 coenae
3077 3010 3355 3068 dominicae
3373 3017 3788 3084 communicant,

2201 3104 2322 3152 cum
2357 3091 2455 3146 iste
2484 3096 2637 3163 panis
2663 3099 3000 3168 quotidianus
3024 3103 3198 3158 dictus
3221 3105 3290 3159 sit
3317 3124 3330 3158 :
3361 3115 3419 3160 ut
3455 3122 3582 3177 ergo
3609 3109 3682 3163 illi
3716 3119 3793 3164 ta-

2201 3188 2388 3244 ceant,
2418 3197 2591 3252 neque
2617 3185 2685 3240 de
2728 3187 2827 3243 hac
2863 3204 2924 3244 re
2959 3206 3108 3246 suam
3147 3198 3462 3249 sententiam
3501 3196 3790 3253 defendant

2200 3270 2284 3324 vel
2313 3270 2426 3340 ipsa
2455 3275 2768 3332 auctoritate
2790 3279 3145 3336 ecclesiastica
3173 3283 3211 3348 ι,
3239 3284 3381 3353 quod
3401 3285 3518 3339 sine
3537 3287 3786 3343 seandalo

2200 3361 2303 3417 ista
2323 3364 2540 3431 faciunt,
2571 3383 2746 3438 neque
2771 3369 2840 3425 ab
2865 3371 2943 3426 eis
2964 3373 3053 3442 qui
3079 3373 3320 3430 ecclesiis
3351 3386 3585 3445 praesunt
3613 3377 3788 3435 facere

2202 3455 2576 3525 prohibentur,
2610 3475 2781 3530 neque
2825 3478 2930 3517 non
2969 3464 3395 3535 obtemperantes
3433 3467 3784 3536 damnantur;

2200 3545 2340 3601 unde
2361 3549 2616 3617 probatur
2640 3566 2744 3606 non
2777 3551 2919 3609 hunc
2946 3555 3001 3609 in
3025 3555 3130 3611 illis
3150 3558 3388 3626 partibus
3417 3560 3636 3630 intelligi
3655 3578 3789 3632 quo-

2201 3636 2462 3694 tidianum
2495 3655 2719 3709 panem;
2747 3659 2870 3698 nam
2909 3647 3085 3717 magni
3113 3653 3312 3717 peccati
3343 3651 3563 3705 crimine
3591 3667 3786 3722 argue~

2200 3739 2403 3794 rentur,
2433 3730 2522 3800 qui
2547 3747 2614 3786 ex
2647 3748 2713 3788 eo
2741 3749 2845 3789 non
2889 3737 3156 3805 accipiunt
3195 3740 3429 3808 quotidie
3459 3760 3472 3795 :
3510 3741 3603 3796 sed
3635 3753 3690 3797 ut
3719 3744 3784 3798 de

2201 3818 2338 3884 istis,
2373 3831 2428 3875 ut
2453 3822 2650 3879 dictum
2681 3834 2781 3891 est,
2811 3828 2938 3882 nihil
2973 3831 3025 3884 in
3055 3831 3283 3900 aliquam
3320 3843 3520 3902 partem
3551 3835 3783 3891 dissem-

2199 3924 2340 3975 mus,
2370 3911 2499 3968 illud
2523 3923 2669 3970 certe
2695 3916 2856 3972 debet
2890 3933 3170 3976 occurrere
3209 3924 3597 3994 cogitantibus,
3629 3943 3784 3996 regu-

2199 4000 2306 4055 lam
2335 4018 2432 4058 nos
2458 4005 2643 4061 orandi
2672 4023 2702 4061 a
2733 4008 2960 4065 Domino
2984 4013 3272 4082 accepisse,
3300 4032 3456 4085 quam
3489 4020 3781 4088 transgredi

2197 4105 2307 4146 non
2345 4103 2552 4162 oportet
2581 4097 2663 4152 vel
2705 4097 2948 4154 addendo
2991 4102 3219 4173 aliquid,
3267 4107 3351 4159 vel
3392 4109 3777 4176 praetereundo.

2199 4183 2350 4248 Quod
2378 4199 2498 4239 cum
2528 4187 2598 4240 ita
2625 4189 2726 4255 sit,
2768 4191 2886 4259 quis
2909 4203 2991 4246 est
3028 4195 3117 4263 qui
3155 4195 3351 4250 audeat
3377 4197 3585 4265 dicere,
3615 4201 3782 4255 semel

2201 4279 2402 4326 tantum
2437 4290 2535 4330 nos
2567 4292 2721 4333 orare
2759 4279 2956 4336 debere
2981 4285 3277 4339 orationem
3304 4285 3658 4354 dominicam;
3689 4301 3781 4345 aut

2197 4374 2343 4419 certe
2371 4366 2532 4421 etiam
2555 4369 2598 4422 si
2622 4369 2810 4424 iterum
2833 4373 2918 4426 vel
2946 4373 3122 4437 tertio,
3151 4391 3322 4445 usque
3347 4378 3412 4431 ad
3433 4393 3548 4433 eam
3573 4389 3778 4434 tantum

2197 4455 2385 4510 horam
2415 4473 2516 4526 qua
2560 4462 2770 4530 corpori
2816 4463 3024 4518 Domini
3065 4469 3551 4532 communicamus,
3599 4482 3778 4541 postea

2196 4560 2324 4601 vero
2352 4562 2458 4604 non
2497 4549 2575 4604 sic
2607 4552 2865 4608 orandum
2900 4569 2994 4622 per
3031 4556 3262 4626 reliquas
3290 4571 3466 4628 partes
3492 4562 3636 4616 diei?
3663 4562 3778 4616 Non

2197 4636 2339 4690 enim
2381 4637 2492 4706 jam
2538 4639 2717 4696 dicere
2763 4644 3088 4711 poterimus,
3136 4647 3202 4700 da
3241 4650 3383 4704 nobis
3411 4651 3590 4719 hodie,
3634 4657 3778 4726 quod

2193 4726 2303 4796 jam
2360 4731 2662 4799 accepimus
2708 4751 2721 4787 :
2775 4743 2866 4788 aut
2923 4739 3116 4806 poterit
3168 4741 3393 4812 quisque
3443 4759 3666 4815 cogere,
3722 4759 3782 4804 ut

2197 4817 2356 4872 etiam
2408 4819 2591 4875 ultima
2654 4822 2758 4878 diei
2808 4834 2959 4894 parte
3009 4828 3413 4888 Sacrameutum
3464 4835 3592 4890 illud
3641 4839 3782 4894 cele-

2196 4906 2437 4963 bremus.

2267 4999 2360 5054 27.
2394 5000 2578 5056 Restat
2604 5002 2762 5072 igitur
2782 5012 2840 5059 ut
2858 5007 3220 5078 quotidianum
3245 5026 3438 5081 panem
3458 5017 3782 5085 accipiamus

2196 5089 2557 5159 spiritualem,
2603 5103 2863 5164 prmcepta
2894 5097 3097 5153 scilicet
3136 5100 3340 5170 divina,
3381 5120 3499 5174 qua:
3543 5111 3783 5177 quotidie

2196 5189 2406 5248 oportet
2446 5183 2692 5237 meditari
2735 5194 2790 5240 et
2830 5188 3060 5256 operari.
3093 5189 3222 5245 Nam
3262 5193 3328 5248 de
3370 5196 3498 5264 ipsis
3523 5199 3783 5258 Dominus

2195 5271 2356 5340 dicit,
2401 5273 2695 5343 Operamini
2735 5292 2900 5331 escam
2925 5295 3037 5349 qum
3076 5297 3177 5336 non
3210 5289 3564 5356 corrumpitur.
3597 5291 3757 5358 Quoti

2197 5364 2384 5420 dianus
2422 5373 2598 5422 autem
2628 5368 2729 5423 iste
2764 5371 2915 5426 cibus
2963 5388 3105 5427 nunc
3147 5375 3357 5445 dicitur,
3390 5381 3640 5449 quamdiu
3682 5386 3782 5440 ista

2199 5457 2307 5510 vita
2346 5460 2657 5529 temporalis
2699 5477 2794 5531 per
2834 5463 2951 5519 dies
2976 5466 3292 5524 decedentes
3330 5473 3779 5546 Succedentesquc

2198 5553 2488 5622 peragitur.
2514 5552 2581 5606 Et
2600 5569 2784 5609 revera
2804 5556 3056 5625 quamdiu
3081 5575 3222 5615 nunc
3245 5561 3297 5615 in
3321 5565 3610 5634 superiora,
3641 5585 3780 5623 nunc

2200 5641 2254 5696 in
2280 5642 2559 5711 inferiora,
2589 5644 2641 5699 id
2668 5655 2778 5714 est,
2811 5663 2954 5706 nunc
2981 5649 3035 5704 in
3062 5651 3374 5723 spiritualia,
3410 5671 3551 5711 nunc
3579 5658 3631 5711 in
3658 5675 3777 5714 car-

2266 5808 2284 5840 ι
2308 5809 2392 5879 Hie
2406 5808 2532 5882 apud
2547 5815 2656 5882 ιρι.
2681 5810 2886 5882 additur,
2907 5811 3000 5868 sint
3009 5815 3214 5869 contenti
3239 5829 3258 5868 :
3281 5819 3410 5882 quod
3433 5820 3617 5874 abesta
3639 5831 3786 5878 caete-

2202 5871 2527 5926 nsooa'icibm
2543 5871 2685 5924 editis
2709 5880 2761 5926 et
2783 5871 2886 5932 Mss;
