4076 6460
247 416 382 484 1981

248 539 389 596 nalia
411 533 581 592 animi
593 529 813 590 allectus
831 526 1078 586 alternat,
1097 518 1347 592 tanquam
1367 515 1416 572 ei
1438 513 1528 588 qui
1547 507 1840 583 aliquando

248 629 489 702 pascitur
511 625 651 690 cibo,
679 617 963 692 aliquando
1003 615 1195 670 famem
1226 610 1456 702 patitur;
1488 602 1723 677 quotidie
1747 616 1844 702 pa-

251 693 335 777 nis
363 715 700 778 necessarius
728 722 842 781 est,
874 724 982 782 quo
1006 707 1273 764 reficiatur
1307 700 1579 765 esuriens,
1611 705 1666 752 et
1703 693 1845 750 rela—

252 814 386 869 bens
415 811 672 882 erigatur.
713 805 864 862 Sicut
895 781 1086 872 itaque
1127 810 1322 867 corpus
1365 800 1606 848 nostrum
1656 789 1710 844 in
1747 787 1848 840 hac
1887 781 1892 785 ’

251 906 383 972 vita,
417 879 545 958 ante
569 899 713 955 illam
740 896 944 952 scilicet
969 888 1391 947 immutationem
1409 926 1425 953 ,
1449 883 1570 939 cibo
1590 879 1843 943 reficitur,

251 997 376 1068 quia
407 994 573 1052 sentit
593 988 928 1062 dispendium
954 1002 968 1039 :
1001 984 1078 1039 sic
1100 991 1153 1038 et
1177 980 1407 1045 animus,
1433 973 1683 1046 quoniam
1716 979 1850 1025 tem-

253 1063 529 1161 poralibus
555 1083 831 1139 ali'ectibus
872 1075 1024 1149 quasi
1064 1071 1400 1145 dispendium
1444 1067 1511 1122 ab
1558 1063 1850 1120 intentione

258 1154 351 1234 Dei
380 1179 602 1249 patitur,
632 1179 1021 1246 praeceptorum
1043 1167 1163 1222 cibo
1188 1162 1480 1219 reficiatur.
1499 1157 1580 1211 Da
1605 1155 1747 1210 nobis
1769 1154 1852 1208 ho-

254 1271 339 1325 die
365 1247 551 1326 autem
580 1267 780 1324 dictum
806 1270 910 1330 est,
938 1257 1189 1332 quamdiu
1216 1255 1410 1311 dicitur
1436 1250 1594 1306 hodie
1613 1291 1629 1318 ,
1656 1247 1708 1303 id
1734 1253 1817 1302 est
1833 1289 1849 1316 ,

255 1366 308 1420 in
353 1364 459 1420 hac
497 1358 781 1433 temporali
821 1357 948 1412 vita.
984 1353 1072 1410 Sic
1106 1350 1247 1407 enim
1285 1347 1405 1404 cibo
1438 1342 1697 1415 spirituali
1734 1347 1855 1433 post

256 1456 398 1512 hanc
422 1455 591 1511 vitam
613 1432 974 1508 saturabimur
1002 1446 1056 1501 in
1080 1453 1339 1499 aeternum
1355 1480 1372 1507 ,
1399 1447 1456 1494 ut
1480 1451 1588 1492 non
1615 1443 1740 1490 tunc
1768 1432 1854 1488 di-

254 1555 414 1604 catur
441 1545 784 1618 quotidianus
823 1538 1006 1611 panis;
1038 1535 1160 1608 quia
1206 1533 1278 1588 ibi
1322 1529 1576 1600 temporis
1603 1524 1855 1581 volubili-

257 1650 362 1706 tas,
391 1655 517 1711 qum
539 1638 728 1694 diebus
752 1635 868 1690 dies
893 1629 1183 1689 succedere
1208 1626 1362 1694 facit,
1396 1623 1536 1679 unde
1561 1619 1858 1693 appelletur

256 1731 524 1803 quotidie,
551 1730 696 1785 nulla
722 1727 843 1784 erit.
873 1725 939 1781 Ut
957 1731 1132 1778 autem
1155 1719 1355 1776 dictum
1379 1725 1481 1783 est,
1510 1712 1676 1767 Hodie
1702 1711 1746 1766 si
1773 1726 1860 1764 vo-

257 1843 370 1880 cem
394 1826 508 1897 ejus
533 1821 793 1878 audieritis
818 1818 988 1892 (Psal.
1012 1829 1160 1882 χειν,
1193 1811 1286 1886 8);
1317 1809 1459 1882 quod
1481 1809 1859 1897 interpretatur

256 1895 555 1989 Apostolus
582 1915 636 1969 in
676 1910 911 1983 Epistula
942 1923 1062 1980 quae
1089 1914 1171 1961 est
1198 1903 1265 1959 ad
1295 1902 1568 1966 Hebraeos,
1597 1895 1860 1989 Quamdiu

259 1986 460 2065 dicitur
497 1987 659 2062 hodie
705 2003 887 2072 (Hebr.
917 2016 994 2062 ιιι,
1027 1998 1119 2070 15)
1144 2013 1158 2050 :
1186 1996 1256 2052 ita
1285 2002 1340 2049 et
1368 1993 1454 2047 hic
1493 1986 1859 2059 accipiendum

260 2111 366 2170 est,
399 2099 486 2154 Da
511 2098 652 2154 nobis
680 2095 848 2150 hodie.
872 2093 928 2149 Si
949 2091 1068 2163 quis
1087 2095 1265 2143 autem
1294 2083 1455 2141 etiam
1485 2081 1552 2136 de
1573 2081 1716 2134 victu
1741 2092 1861 2132 cor-

262 2194 413 2266 poris
439 2189 765 2256 necessario,
796 2186 878 2242 vel
905 2184 973 2240 de
1007 2182 1354 2238 Sacramenta
1379 2171 1640 2229 Dominici
1665 2182 1860 2239 corpo-

261 2288 340 2343 ris
384 2287 546 2341 istam
588 2281 906 2340 sententiam
938 2277 1050 2332 vult
1093 2273 1362 2343 accipere,
1397 2272 1608 2338 oportet
1645 2270 1702 2318 ut
1728 2276 1862 2317 con-

261 2379 456 2451 juncte
481 2377 806 2446 accipiantur
831 2371 1010 2428 omnia
1029 2367 1161 2434 tria;
1185 2375 1246 2419 ut
1267 2363 1471 2419 scilicet
1494 2357 1862 2430 quotidianum

264 2446 469 2542 panem
500 2467 656 2524 simul
691 2473 970 2538 petamus,
1020 2469 1073 2514 et
1121 2453 1483 2512 necessarium
1516 2446 1761 2518 corpori,
1811 2450 1867 2500 ει

266 2540 537 2620 sacratum
567 2558 864 2624 visibilem,
892 2563 945 2610 ει
973 2550 1288 2608 invisibilem
1317 2543 1465 2600 verbi
1493 2541 1586 2596 Dei
1609 2540 1650 2594 ι.

339 2653 574 2712 CAPUT
615 2649 748 2706 Vill.
783 2677 855 2690 -—
880 2646 970 2701 28.
1018 2642 1269 2713 Sequitur
1311 2637 1495 2709 quinta
1537 2631 1750 2704 petitio,
1800 2627 1868 2682 Et

269 2749 474 2802 dimitte
503 2745 646 2800 nobis
672 2742 837 2797 debita
861 2748 1052 2802 nostra,
1084 2735 1212 2790 sicut
1237 2741 1281 2787 et
1303 2746 1392 2784 nos
1409 2727 1700 2782 dimittimus
1723 2721 1868 2776 debi-

272 2839 471 2895 toribus
494 2836 699 2892 nostris.
731 2833 945 2897 Debita,
989 2835 1204 2899 peccata
1240 2823 1344 2879 dici
1384 2817 1721 2876 manifestum
1749 2821 1866 2882 est,

273 2933 361 2989 vel
384 2931 478 2987 illo
502 2929 644 3002 quod
669 2929 744 2982 ait
771 2926 914 2982 idem
941 2921 1194 2978 Dominus
1214 2959 1230 2987 ,
1261 2914 1386 2970 Non
1408 2913 1543 2968 exics
1565 2910 1687 2969 inde
1712 2909 1870 2962 donec

273 3025 464 3080 reddas
489 3000 816 3079 novissimum
844 3016 1180 3088 quadrantem
1200 3009 1412 3083 (Matth.
1437 3023 1492 3074 v,
1513 3003 1636 3078 9.6);
1667 3002 1754 3058 vel
1779 3000 1871 3056 illo

274 3132 384 3188 quo
408 3115 681 3171 debitores
704 3109 986 3182 appellavit
1010 3106 1102 3177 qui
1125 3105 1173 3160 ei
1199 3100 1426 3158 nuntiati
1451 3106 1573 3153 sunt
1597 3093 1868 3159 exstincti,

276 3185 363 3265 vel
393 3209 448 3264 in
487 3208 640 3263 ruina
669 3203 862 3271 turris,
902 3201 988 3256 vel
1025 3211 1252 3270 quorum
1293 3192 1603 3264 sanguinem
1633 3185 1872 3242 Herodes

277 3300 545 3356 sacrificio
575 3295 810 3353 miscuit.
862 3293 1003 3348 Dixit
1040 3290 1184 3345 enim
1232 3294 1416 3358 putare
1459 3279 1703 3336 homines
1731 3273 1873 3347 quod

279 3393 360 3446 illi
388 3391 523 3445 ultra
549 3386 764 3444 modum
795 3383 1066 3440 debitores
1090 3385 1300 3444 essent,
1341 3374 1394 3430 id
1423 3381 1506 3428 est
1530 3377 1872 3441 peccatores;

280 3493 339 3540 et
363 3481 600 3549 addidit,
631 3480 790 3534 Anien
817 3477 930 3530 dico
955 3474 1122 3540 vobis,
1165 3469 1261 3524 nisi
1289 3463 1629 3540 paenitentiam
1654 3460 1872 3532 egeritis,

281 3576 515 3632 similiter
543 3571 823 3628 moriemini
853 3567 1005 3641 (Luc.
1028 3581 1143 3631 xui,
1171 3561 1304 3634 1-5).
1326 3560 1442 3615 Νοη
1465 3557 1553 3612 hic
1577 3569 1704 3626 ergo
1730 3552 1877 3623 quis-

284 3684 391 3738 que
420 3674 635 3738 urgetur
655 3662 934 3735 pecuniam
956 3657 1223 3715 dimittere
1244 3650 1590 3714 debitoribus,
1618 3645 1712 3702 sed
1733 3659 1877 3738 quie-

285 3735 516 3828 eumque
552 3757 607 3812 in
635 3770 756 3811 eum
800 3753 936 3808 alius
980 3747 1296 3821 peccaverit.
1326 3743 1458 3798 Nam
1487 3738 1764 3811 pecuniam
1792 3735 1878 3791 di-

286 3850 504 3907 mittere
546 3847 636 3903 illo
673 3846 850 3917 potius
872 3844 1122 3914 jubemur
1150 3845 1437 3910 praecepto,
1467 3831 1606 3904 quod
1633 3829 1880 3900 superius

288 3942 490 3997 dictum
530 3947 646 4006 est,
694 3937 755 3994 Si
799 3936 912 4008 quis
945 3934 1030 3988 tibi
1075 3931 1297 3986 tunicam
1341 3926 1514 3982 tollere
1544 3922 1785 3987 voluerit,
1831 3929 1880 3975 et

285 4034 483 4106 iudicio
527 4039 688 4085 tecum
730 4029 1062 4092 contendere,
1108 4023 1304 4078 remitte
1347 4021 1392 4076 ei
1446 4029 1492 4074 et
1537 4018 1881 4072 vestimentum

291 4123 506 4198 (Matth.
535 4138 592 4191 v,
619 4118 750 4194 40):
782 4135 883 4176 nec
925 4119 998 4174 ibi
1037 4130 1257 4172 necesse
1283 4121 1367 4168 est
1390 4112 1534 4166 omni
1573 4107 1881 4180 pecuniaria

288 4217 521 4274 debitori
557 4214 824 4271 dimittere
865 4212 1134 4277 debitum,
1178 4207 1270 4263 sed
1298 4205 1350 4261 ei
1391 4205 1481 4274 qui
1517 4201 1743 4259 reddere
1781 4215 1880 4255 no-

288 4310 479 4376 luerit,
508 4309 563 4364 in
592 4314 795 4362 tantum
820 4313 879 4360 ut
905 4303 1034 4359 velit
1069 4300 1227 4358 etiam
1259 4299 1502 4368 litigare;
1546 4295 1759 4349 Servum
1789 4308 1884 4346 au-

291 4415 391 4459 tem
419 4402 646 4468 Domini,
677 4410 736 4458 ut
763 4399 838 4454 ait
864 4397 1176 4470 Apostolus,
1211 4409 1312 4448 non
1347 4397 1538 4462 oportet
1567 4388 1766 4459 litigare
1799 4384 1882 4456 (ll

290 4495 428 4550 Tim.
459 4512 517 4564 ιι,
546 4495 660 4565 24).
692 4493 793 4561 Qui
822 4505 950 4562 ergo
973 4489 1059 4545 vel
1082 4496 1272 4558 sponte
1291 4484 1374 4538 vel
1399 4488 1691 4538 conventus
1721 4491 1883 4546 pecu-

293 4588 437 4642 niam
477 4584 711 4642 debitam
753 4582 978 4639 reddere
1022 4577 1284 4641 noluerit,
1313 4569 1629 4628 dimittenda
1670 4568 1746 4621 illi
1776 4572 1878 4620 est.

293 4679 438 4734 Duas
457 4677 601 4732 enim
621 4675 690 4730 ob
715 4689 802 4729 res
825 4674 970 4729 nolet
987 4669 1240 4733 reddere,
1271 4664 1352 4719 vel
1373 4661 1516 4734 quod
1536 4676 1642 4716 non
1665 4658 1879 4724 habeat,

292 4771 376 4826 vel
403 4767 544 4840 quod
570 4781 761 4821 avarus
789 4765 859 4820 sit
881 4762 1067 4832 reique
1095 4759 1281 4814 alienat
1309 4753 1570 4826 cupidus:
1600 4759 1884 4821 utrumque

293 4871 473 4919 autem
513 4859 747 4932 pertinet
787 4856 856 4913 ad
898 4845 1165 4924 inopiam;
1215 4865 1337 4906 nam
1383 4848 1471 4903 illa
1497 4847 1676 4916 inopia
1699 4844 1884 4900 estrei

296 4953 605 5019 familiaris,
653 4952 771 5007 haec
811 4947 996 5004 animi.
1033 4943 1285 5015 Quisquis
1323 4942 1498 5012 itaque
1541 4939 1632 4994 tali
1669 4937 1886 4994 dimittit

296 5049 533 5105 debitum
553 5088 568 5115 ,
600 5043 746 5115 inopi
774 5043 1012 5109 dimittit,
1039 5053 1278 5111 opusque
1306 5034 1652 5090 christianum
1691 5045 1884 5102 opera-

298 5150 404 5206 tur,
428 5147 676 5195 manente
701 5137 790 5192 illa
812 5135 1011 5206 regula,
1037 5139 1095 5187 ut
1117 5131 1173 5187 in
1195 5129 1374 5186 animo
1395 5136 1608 5198 paratus
1629 5125 1700 5181 sit
1725 5125 1884 5179 amit-

300 5241 414 5288 tere
438 5230 580 5302 quod
619 5228 720 5284 sibi
758 5227 1001 5283 debetur.
1040 5224 1173 5280 Nam
1218 5222 1264 5278 si
1302 5219 1546 5276 modeste
1588 5233 1653 5273 ac
1696 5217 1888 5273 leniter

300 5323 445 5378 omni
469 5321 628 5377 modo
656 5319 844 5391 egerit,
871 5325 929 5373 ut
953 5316 1052 5372 sibi
1079 5315 1408 5378 restituatur,
1435 5327 1543 5365 non
1568 5318 1675 5364 tam
1715 5310 1890 5364 inten-

301 5415 434 5469 dens
473 5412 699 5468 fructum
740 5409 1009 5482 pecuniae,
1037 5421 1194 5478 quam
1222 5414 1278 5460 ut
1323 5402 1593 5459 hominem
1620 5401 1884 5470 corrigat,

302 5507 384 5561 cui
413 5506 529 5561 sine
551 5503 712 5559 dubio
734 5501 1090 5572 perniciosum
1115 5507 1198 5553 est
1226 5495 1422 5550 habere
1443 5491 1583 5548 unde
1602 5491 1812 5558 reddat,
1834 5497 1889 5544 et

304 5614 408 5654 non
434 5597 689 5662 reddere;
722 5610 827 5650 non
865 5594 1036 5650 solum
1073 5608 1178 5647 non
1221 5587 1497 5661 peccabit,
1533 5585 1626 5642 sed
1652 5584 1891 5655 proderit

306 5691 466 5745 etiam
503 5688 790 5759 plurimum
810 5727 825 5754 ,
870 5701 936 5741 ne
977 5685 1066 5740 ille
1093 5683 1219 5739 dum
1246 5681 1470 5736 alienam
1499 5678 1778 5750 pecuniam
1809 5676 1892 5730 lu-

367 5829 474 5900 tsi?
490 5826 713 5900 plerique
732 5834 842 5898 uss.
862 5833 920 5880 At
943 5826 1081 5891 editi,
1097 5830 1144 5877 et
1165 5827 1519 5877 sacramentum
1756 5824 1804 5873 et
1818 5819 1892 5874 in-

306 5889 485 5948 uisibile
491 5889 648 5944 verbi
653 5889 760 5944 Dei.

1570 387 1777 455 LIBER
1813 381 2192 449 SECUNDUS.

3400 378 3546 440 1289.

1947 520 2096 562 crum
2122 505 2293 560 facere
2316 502 2448 569 vult,
2478 500 2731 557 damnum
2758 499 2883 556 fidei
2919 486 3180 571 patiatur;
3208 497 3348 570 quod
3388 506 3538 554 tanto

1948 606 2032 653 est
2059 596 2291 668 gravius,
2319 605 2379 651 ut
2403 596 2544 652 nulla
2572 596 2640 651 sit
2663 595 3010 666 comparatio.
3042 594 3119 650 Ex
3156 609 3261 665 quo
3292 595 3544 666 intelligi-

1949 697 2038 746 tur
2075 691 2235 745 etiam
2263 690 2318 744 in
2346 689 2447 744 ista
2485 689 2664 760 quinta
2694 689 2978 760 petitione,
3019 703 3121 758 qua
3156 688 3411 756 dicimus,
3447 689 3542 744 Di-

1950 784 2089 838 mitte
2117 783 2258 838 nobis
2283 783 2449 838 debita
2470 791 2661 851 nostra,
2689 799 2794 838 non
2816 783 2884 838 de
2909 783 3130 856 pecunia
3158 782 3373 853 quidem
3400 782 3538 851 dici;

1953 877 2044 933 sed
2072 877 2139 933 de
2177 877 2423 933 omnibus
2462 893 2581 948 qua:
2611 878 2663 932 in
2707 892 2804 932 nos
2843 878 3066 948 quisque
3107 885 3326 946 peccat,
3353 892 3416 932 ac
3446 891 3542 947 per

1954 969 2058 1024 hoc
2083 969 2245 1025 etiam
2272 969 2338 1025 de
2363 971 2602 1040 pecunia.
2643 971 2833 1025 Peecat
2867 985 3096 1041 namque
3130 972 3180 1024 in
3205 979 3290 1036 te,
3323 970 3413 1042 qui
3446 969 3542 1025 tibi

1953 1062 2232 1133 pecuniam
2260 1061 2492 1116 debitam
2512 1103 2527 1128 ,
2556 1077 2675 1116 cum
2697 1061 2891 1116 habeat
2913 1062 3056 1118 unde
3082 1061 3303 1129 reddat,
3333 1069 3546 1118 recusat

1954 1154 2198 1210 reddere.
2229 1153 2380 1222 Quod
2412 1162 2683 1225 peccatum
2719 1155 2764 1209 si
2802 1170 2907 1210 non
2946 1154 3244 1224 dimiseris,
3295 1171 3401 1210 non
3443 1170 3544 1225 po-

1956 1247 2086 1302 teris
2134 1246 2348 1312 dicere,
2405 1245 2614 1300 Dimitte
2669 1245 2846 1311 nobis,
2903 1248 3031 1302 sicut
3084 1256 3129 1300 et
3186 1263 3277 1300 nos
3330 1246 3547 1300 dimitti-

1957 1356 2069 1394 mus
2093 1356 2110 1394 :
2139 1339 2182 1396 si
2221 1348 2397 1396 autem
2425 1339 2688 1410 ignoveris
2709 1382 2723 1408 ,
2754 1340 2902 1394 vides
2929 1341 3089 1395 etiam
3116 1338 3181 1395 de
3217 1345 3436 1409 pecunia
3463 1338 3544 1394 di-

1957 1431 2216 1487 mittenda
2255 1431 2528 1487 admoneri
2565 1447 2685 1487 eum
2725 1432 2810 1487 cui
2850 1432 2941 1486 tali
2981 1447 3139 1502 prece
3165 1447 3320 1488 orare
3357 1433 3548 1504 praeci-

1957 1523 2134 1590 pitur.
3461 1514 3465 1519 '
3527 1510 3547 1570 ‘,

1958 1651 1962 1655 -
2027 1614 2117 1672 29.
2150 1613 2282 1670 Illud
2309 1629 2438 1671 sane
2464 1615 2680 1670 tractari
2711 1623 2904 1686 potest,
2933 1622 2988 1670 ut
3011 1615 3262 1686 quoniam
3290 1616 3544 1686 dicimus,

1960 1705 2171 1761 Dimitte
2222 1707 2363 1761 nobis
2411 1707 2576 1762 debita
2629 1716 2822 1775 nostra,
2853 1708 2981 1762 sicut
3010 1717 3056 1761 et
3086 1725 3176 1762 nos
3221 1708 3546 1778 dimittimus,

1962 1809 2090 1857 tunc
2125 1801 2504 1857 eonvincamur
2547 1809 2731 1856 contra
2782 1801 2939 1856 istam
2994 1801 3230 1871 regulam
3263 1802 3473 1867 fecisse,
3494 1799 3540 1861 si

1962 1894 2040 1950 eis
2071 1909 2175 1950 non
2203 1895 2546 1961 dimittamus,
2592 1894 2682 1965 qui
2713 1895 2920 1950 veniam
2947 1903 3152 1964 petunt,
3181 1895 3303 1966 quia
3350 1904 3405 1951 et
3450 1909 3550 1951 nos

1962 1988 2173 2041 veniam
2198 1985 2497 2056 petentibus
2525 1986 2678 2041 nobis
2711 2002 2742 2040 a
2764 1986 3143 2056 benignissimo
3170 1986 3327 2041 Patre
3351 1985 3550 2042 dimitti

1964 2079 2230 2133 volumus.
2252 2077 2357 2133 Sed
2378 2077 2468 2132 illo
2493 2092 2678 2133 rursus
2699 2087 2988 2148 prmeepto,
3019 2093 3124 2148 quo
3153 2077 3404 2147 jubemur
3433 2093 3549 2133 ora-

1971 2184 2031 2225 re
2053 2184 2150 2240 pro
2196 2169 2423 2224 inimicis
2471 2169 2668 2224 nostris
2698 2170 2718 2240 (
2746 2168 2932 2223 Matth.
2960 2186 3013 2235 v,
3036 2169 3163 2242 lui),
3188 2186 3293 2226 non
3321 2186 3419 2241 pro
3458 2154 3551 2226 his.

1962 2260 2213 2332 jubemur
2237 2261 2329 2332 qui
2353 2261 2561 2316 veniam
2588 2269 2792 2331 petunt.
2817 2261 2934 2317 Jam
2955 2263 3097 2317 enim
3124 2264 3214 2333 qui
3238 2263 3371 2319 tales
3402 2273 3550 2332 sunt,

1969 2368 2074 2408 non
2097 2363 2220 2407 sunt
2269 2353 2488 2407 inimici.
2524 2353 2683 2408 Nullo
2725 2353 2885 2408 modo
2913 2364 3092 2410 autem
3115 2355 3394 2425 quisquam
3426 2370 3556 2412 vere

1966 2442 2161 2498 dixerit
2188 2455 2341 2497 orare
2362 2457 2422 2498 se
2449 2458 2544 2512 pro
2568 2458 2634 2498 eo
2659 2443 2743 2498 cui
2767 2458 2872 2499 non
2903 2445 3182 2516 ignoverit.
3225 2445 3559 2517 Quapropter

1970 2532 2239 2589 fatendum
2284 2543 2366 2588 est
2407 2533 2582 2588 omnia
2628 2543 2840 2604 peccata
2879 2534 3188 2590 dimittenda
3210 2551 3329 2592 esse
3358 2552 3477 2607 qua:
3502 2539 3558 2594 in

1969 2640 2068 2680 nos
2122 2625 2490 2689 admittuntur,
2542 2623 2587 2679 si
2617 2625 2861 2682 volumus
2914 2626 3069 2684 nobis
3097 2642 3126 2680 a
3157 2627 3312 2682 Patre
3356 2626 3556 2684 dimitti

1970 2731 2088 2786 quae
2113 2715 2461 2771 admittimus.
2491 2715 2624 2770 Nam
2651 2715 2721 2772 de
2754 2717 2982 2773 vindicta
3006 2718 3272 2789 superius,
3312 2727 3370 2774 ut
3411 2718 3555 2776 arbi.

1973 2817 2104 2874 tror,
2145 2808 2273 2863 satis
2315 2807 2638 2879 disputatum
2691 2819 2773 2864 est
2812 2809 3048 2881 (Supra,
3099 2809 3186 2865 lib.
3213 2812 3264 2876 l,
3295 2827 3366 2865 ec.
3401 2810 3468 2868 l9
3504 2819 3556 2866 et

1969 2901 2108 2973 eo).
3548 2897 3555 2903 ·

2043 2994 2268 3051 CAPUT
2299 2993 2465 3050 tx.—
2479 2994 2566 3051 :50.
2585 2994 2744 3051 Sexta
2767 2994 2949 3065 petitio
2961 3005 3061 3064 cst,
3085 2993 3149 3050 Et
3171 3011 3231 3050 ne
3257 3012 3347 3051 nos
3363 2981 3553 3066 inferas

1973 3089 2026 3143 in
2055 3089 2396 3143 tentationem.
2424 3087 2672 3143 Nonnulli
2689 3087 2898 3143 codices
2920 3087 3135 3155 habent,
3164 3088 3394 3155 inducas,
3413 3087 3556 3159 quod

1977 3179 2304 3235 tantunnlcm
2333 3179 2510 3235 valere
2532 3179 2762 3234 arbitror
2791 3196 2804 3232 :
2838 3194 2959 3234 nam
2983 3195 3048 3234 ex
3080 3194 3186 3234 uno
3210 3195 3385 3251 gratco
3411 3178 3554 3251 quod

1978 3272 2178 3328 dictum
2203 3281 2304 3336 est,
2325 3280 2597 3340 εἰσενέγκῃς,
2631 3281 2914 3342 utrumque
2942 3271 3254 3326 translatum
3278 3281 3379 3327 est.
3406 3271 3559 3329 Multi

1977 3373 2152 3417 autem
2173 3362 2438 3433 precando
2478 3365 2549 3417 ita
2577 3361 2780 3430 dicunt,
2811 3360 2892 3416 Ne
2922 3378 3012 3416 nos
3034 3363 3244 3433 patiaris
3275 3362 3458 3417 induci
3499 3380 3554 3418 in

1980 3455 2343 3519 tentutionein;
2381 3461 2709 3522 exponentes
2750 3451 2998 3508 videlicet
3040 3451 3306 3522 quomodo
3355 3453 3557 3508 dictum

1978 3548 2066 3614 sit,
2093 3533 2325 3602 inducas:
2364 3546 2478 3602 Non
2510 3548 2652 3602 enim
2683 3562 2779 3616 per
2802 3547 3033 3617 seipsqu
3056 3546 3256 3601 inducit
3284 3546 3444 3610 Deus,
3467 3545 3563 3603 sed

1981 3641 2156 3698 induci
2187 3642 2380 3712 patitur
2407 3658 2529 3696 cum
2558 3657 2715 3711 quem
2738 3656 2834 3695 suo
2855 3640 3049 3694 auxilio
3071 3639 3554 3707 deseruerit,0rdi-

1982 3749 2049 3790 uc
2071 3733 2428 3789 occultissimo
2457 3747 2518 3788 ac
2547 3732 2769 3787 meritis.
2800 3731 2984 3787 (Iausis
3026 3733 3185 3786 etiam
3223 3747 3366 3802 smpe
3386 3732 3561 3787 maui-

1983 3826 2131 3885 festis
2154 3827 2370 3898 dignum
2392 3825 2593 3896 judicat
2615 3826 2703 3880 ille
2725 3839 2882 3895 quem
2913 3824 3143 3890 deserat,
3167 3834 3222 3880 et
3245 3825 3295 3880 in
3315 3823 3564 3881 teutatio-

1985 3936 2104 3977 nem
2137 3919 2314 3974 induci
2334 3919 2492 3974 sinat.
2516 3916 2669 3972 Aliud
2685 3925 2767 3973 est
2787 3930 2965 3973 autem
2989 3917 3165 3972 induci
3208 3918 3260 3972 in
3308 3919 3563 3974 tentatio-

1983 4028 2125 4077 nem,
2146 4010 2287 4066 aliud
2320 4011 2528 4066 tentari.
2559 4008 2690 4064 Nam
2712 4009 2828 4064 sine
2847 4009 3142 4064 tentatione
3166 4009 3418 4079 probatus
3439 4023 3566 4066 esse

1986 4107 2161 4162 nullus
2185 4112 2382 4175 potest,
2405 4103 2519 4158 sive
2561 4100 2660 4156 sibi
2704 4100 2825 4170 ipsi,
2855 4100 2992 4154 sicut
3032 4101 3289 4171 scriptum
3331 4109 3430 4166 est,
3463 4100 3563 4166 Qui

1985 4209 2169 4255 nonest
2197 4207 2430 4263 tentatus,
2461 4196 2633 4266 qualia
2653 4195 2743 4248 scit
2766 4194 2784 4264 (
2810 4192 2970 4247 Eccli.
2996 4210 3171 4259 xxviv,
3196 4195 3248 4259 9,
3279 4195 3337 4248 ll
3372 4191 3570 4266 )?sive

1984 4293 2093 4358 alii,
2123 4291 2257 4346 sicut
2281 4289 2565 4360 Apostolus
2593 4289 2686 4351 ait,
2706 4285 2770 4339 Et
2788 4286 3107 4339 tentationcm
3136 4294 3350 4339 vestram
3369 4285 3421 4340 in
3445 4303 3568 4360 car:

1987 4400 2047 4437 ne
2068 4398 2177 4435 mea
2206 4396 2306 4433 non
2329 4359 2588 4449 sprevistis
2616 4373 2817 4447 (Galat.
2848 4390 2918 4441 iv,
2944 4376 3027 4440 15,
3063 4375 3129 4430 id
3162 4379 3180 4446 )
3214 4393 3225 4428 :
3267 4375 3392 4431 hinc
3419 4359 3576 4434 enin;

1988 4489 2082 4529 eos
2113 4473 2295 4527 firmos
2353 4472 2466 4540 ipse
2493 4467 2760 4538 cognovit,
2787 4466 2927 4537 quod
2975 4467 3053 4522 eis
3104 4467 3558 4538 tribulationibus,

1985 4581 2104 4637 quae
2124 4565 2379 4635 Apostolo
2403 4560 2695 4618 secundum
2715 4574 2931 4616 carnem
2954 4558 3276 4627 acciderant,
3307 4577 3415 4616 non
3441 4569 3570 4619 sunt

1985 4674 2014 4712 a
2036 4658 2293 4714 charitatc
2315 4654 2672 4711 deﬂexi.i\'am
2693 4653 2802 4708 Deo
2827 4651 2939 4708 uoti
2961 4667 3145 4707 sumus
3166 4661 3220 4708 et
3241 4661 3367 4710 ante
3378 4669 3572 4712 omnes

1989 4752 2328 4816 tentationes,
2351 4749 2442 4819 qui
2467 4747 2567 4803 scit
2589 4747 2768 4801 omnia
2799 4754 3083 4815 antequam
3111 4743 3256 4800 fiant.
3554 4741 3564 4819 ξ

2060 4843 2147 4899 51.
2171 4840 2322 4909 Quod
2368 4816 2552 4910 itaque
2577 4839 2834 4908 scriptum
2864 4843 2962 4901 est,
2998 4834 3174 4890 Tentat
3203 4851 3288 4890 vos
3315 4816 3577 4892 Dominus

1987 4933 2127 4988 Deus
2165 4942 2340 4998 vester,
2373 4939 2430 4985 ut
2470 4930 2595 4984 sciat
2622 4929 2665 4983 si
2708 4927 2917 4999 diligitis
2938 4942 3053 4981 eum
3079 4926 3098 5000 (
3127 4926 3274 4980 Deut.
3307 4942 3424 4993 xm,
3452 4927 3486 4982 '5
3508 4927 3570 4998 );

1989 5028 2078 5084 illa
2106 5027 2374 5083 locutione
2400 5023 2626 5096 positum
2671 5033 2770 5088 est,
2815 5032 2869 5076 ut
2908 5021 3050 5088 sciat,
3083 5036 3180 5090 pro
3210 5035 3274 5077 eo
3299 5020 3440 5090 quod
3466 5029 3571 5089 est,

1991 5131 2050 5177 ut
2072 5122 2209 5177 scire
2236 5135 2330 5174 vos
2372 5118 2531 5174 faciat
2558 5135 2571 5170 :
2598 5117 2734 5171 sicut
2760 5115 2900 5171 diem
2924 5115 3105 5170 laetum
3133 5114 3375 5181 dicimus,
3426 5111 3573 5184 quod

1990 5215 2142 5270 lmtos
2167 5213 2358 5268 faciat:
2389 5210 2555 5281 frigus
2579 5211 2807 5281 pigrum,
2830 5208 2971 5279 quod
2993 5209 3171 5278 pigros
3203 5207 3329 5263 facit
3352 5223 3366 5273 ;
3401 5217 3454 5264 et
3477 5208 3568 5263 in-

1992 5305 2342 5361 numerabilia
2366 5302 2684 5372 hujusmodi,
2712 5316 2830 5370 quin
2856 5299 2968 5356 sive
2993 5299 3046 5354 in
3067 5299 3454 5355 consuetudine
3485 5299 3539 5354 lo

1992 5398 2207 5470 quendi,
2239 5399 2351 5452 sive
2380 5397 2434 5450 in
2461 5408 2708 5450 sermone
2729 5393 3028 5459 doctorum,
3067 5392 3178 5447 sive
3203 5391 3258 5446 in
3280 5389 3571 5462 Scripturis

1991 5491 2190 5548 sanctis
2212 5488 2570 5560 reperiuntur.
2621 5485 2773 5554 Quod
2822 5501 2926 5540 non
2955 5484 3308 5555 intelligentes
3336 5481 3572 5539 haeretici

1995 5587 2083 5658 qui
2107 5584 2289 5642 Veteri
2315 5583 2662 5638 Testamento
2682 5580 3051 5645 adversantur,
3073 5580 3216 5634 velut
3255 5578 3568 5650 ignorantiae

1992 5682 2121 5736 vitio
2147 5677 2436 5733 notandum
2463 5683 2646 5746 putant
2668 5689 2790 5730 eum
2814 5673 2881 5728 de
2907 5688 3012 5742 quo
3037 5670 3234 5726 dictum
3256 5681 3358 5737 est,
3381 5668 3566 5725 Tentat

1992 5790 2078 5830 vos
2103 5771 2346 5826 Dominus
2370 5768 2507 5824 Deus
2532 5777 2690 5823 vester
2713 5783 2730 5821 :
2751 5765 2900 5838 quasi
2917 5765 2971 5819 in
2993 5764 3280 5835 Evangelio
3302 5762 3369 5818 de
3391 5755 3580 5818 Domi?

1996 5886 2069 5931 no
2097 5867 2354 5940 scriptum
2386 5880 2495 5922 non
2518 5863 2610 5934 sit,
2643 5860 2754 5917 Hoc
2796 5871 2965 5918 autem
2987 5859 3180 5917 dicebat
3201 5865 3397 5914 tentans
3415 5872 3576 5933 eunt:
