4076 6458
418 1888 425 1893 _
532 1830 620 1886 vel
644 1829 788 1889 illata
814 1831 867 1886 in
900 1830 1428 1904 tentationem(Dan.
1450 1846 1566 1903 xm,
1590 1829 1755 1900 19-24

546 331 691 403 1283

539 469 662 523 nam
687 453 796 524 ipse
822 448 1009 523 sciebat
1200 454 1336 525 esset
1362 451 1781 537 {acturus(.loan.
1827 466 1900 517 vr,
1948 449 2042 523 6).
2066 447 2125 521 Si

544 545 688 615 enim
718 554 942 617 noverat
968 534 1071 613 cor
1085 536 1201 617 ejus
1241 534 1398 625 quem
1431 543 1684 613 tentabat,
1725 540 1849 627 quid
1874 550 1956 597 est
1982 538 2124 613 quod

541 638 707 694 voluit
735 638 916 695 videre
939 636 1233 701 tentando?
1257 638 1361 694 Sed
1384 634 1624 709 profecto
1643 635 1771 693 illud
1797 634 1989 705 factum
2015 641 2124 719 est,

543 739 601 786 et
627 730 740 804 ipse
764 729 863 786 sibi
893 737 1047 796 notus
1087 727 1238 799 fieret
1262 730 1353 803 qui
1392 729 1711 799 mutabatur,
1742 741 1996 807 suamque
2024 725 2123 797 de-

540 823 896 895 Sperationem
947 821 1347 899 condemnaret,
1397 821 1648 891 saturatis
1695 819 1866 891 turbis
1888 817 1956 874 de
1980 832 2117 889 pane

546 914 778 987 Domini,
823 913 913 989 qui
954 928 1047 985 eas
1070 929 1178 987 rion
1207 913 1405 987 habere
1431 910 1574 986 quod
1602 909 1823 968 ederent
1849 908 2124 966 existima-

538 1015 711 1063 verat.
844 996 848 1001 ’

609 1096 699 1152 52.
725 1096 845 1154 Non
872 1113 1000 1172 ergo
1026 1097 1112 1173 hic
1136 1106 1338 1173 oratur,
1364 1105 1423 1167 ut
1448 1112 1556 1169 non
1583 1105 1868 1167 tentemur,
1918 1093 2013 1163 sed
2052 1101 2114 1150 ut

536 1202 646 1247 non
665 1187 957 1245 inferamur
999 1190 1052 1245 in
1079 1190 1429 1263 tentationem
1461 1207 1474 1243 :
1508 1197 1759 1271 tanquam
1784 1188 1830 1243 si
1854 1185 2119 1275 quispiam

547 1280 635 1341 cui
673 1296 893 1343 necesse
919 1288 1006 1339 est
1035 1281 1156 1355 igne
1184 1280 1495 1353 examinari,
1521 1294 1626 1336 non
1652 1287 1771 1336 oret
1796 1278 1987 1351 utigue
2012 1291 2119 1331 non

533 1374 894 1455 contingatur,
924 1373 1021 1429 sed
1049 1383 1108 1429 ut
1135 1388 1244 1441 non
1273 1380 1544 1430 exuratur.
1590 1371 1731 1443 Vasa
1773 1370 1919 1443 enim
1969 1367 2116 1443 figuli

433 1484 442 1490 ·
534 1464 725 1535 probat
759 1463 970 1533 fornax,
998 1474 1053 1520 et
1094 1464 1339 1520 homines
1363 1463 1537 1535 justos
1564 1461 1788 1518 tentatio
1818 1459 2117 1529 tribulatio-

534 1556 656 1631 nis(
687 1555 851 1615 Eccli.
884 1573 1047 1637 xxvu,
1073 1558 1168 1631 6).
1199 1542 1396 1631 ,loseph
1420 1571 1549 1641 ergo
1575 1563 1807 1627 tentatus
1834 1561 1917 1613 est
1937 1553 2120 1625 illece-

533 1645 632 1703 hra
656 1649 844 1719 stupri,
870 1648 967 1705 sed
993 1664 1100 1704 non
1135 1656 1218 1705 est
1256 1649 1433 1703 illatus
1474 1647 1528 1719 iu
1570 1644 1957 1731 tentationemj
1985 1643 2113 1703 Gen.

531 1752 717 1808 xxxix,
747 1740 914 1812 7-12)
946 1758 959 1794 :
990 1740 1231 1797 Susanna
1257 1747 1456 1796 tentata
1480 1747 1585 1815 est,
1636 1754 1737 1795 nec
1762 1739 1875 1815 ipsa
1902 1736 2115 1809 inducta

1817 1755 1875 1793 sa
1902 1755 2115 1809 mouera

1779 1755 1839 1905 ἐξ
1862 1829 2116 1901 multique

534 1920 624 1987 alii
642 1921 917 1994 utriusque
946 1937 1107 1978 sexus
1137 1939 1151 1977 :
1175 1921 1270 1978 sed
1297 1921 1398 1979 Job
1427 1921 1676 1999 maxime,
1707 1922 1857 1997 cujus
1883 1921 2116 1979 admira-

527 2011 689 2071 bilem
711 2014 1052 2071 stabilitatem
1081 2018 1137 2070 in
1157 2016 1266 2071 Deo
1282 2015 1507 2070 Domino
1528 2030 1645 2083 suo,
1662 2030 1783 2073 cum
1799 2014 1875 2073 illi
1899 2012 2112 2070 hmreti-

525 2103 576 2159 ci
594 2104 772 2168 hostes
798 2104 1006 2162 Veteris
1021 2105 1346 2175 Testamenti
1363 2120 1461 2163 ore
1479 2106 1736 2178 sacrilego
1755 2104 1981 2165 irridere
2012 2119 2107 2161 vo-

528 2194 748 2264 luerint,
764 2196 895 2253 illud
908 2211 1017 2268 prae
1032 2198 1240 2253 caeteris
1253 2196 1529 2264 ventilant,
1550 2197 1693 2270 quod
1713 2206 1924 2257 satanas
1946 2196 2114 2273 petie-

529 2286 599 2345 rit
625 2302 747 2344 eum
801 2287 1110 2344 tentandum
1137 2289 1156 2357 (
1184 2286 1283 2343 Job
1324 2303 1363 2357 1,
1397 2288 1458 2343 11
1483 2287 1527 2358 ).
1576 2287 1831 2355 Quaerunt
1874 2285 2016 2342 enim
2044 2285 2112 2341 ab

524 2372 787 2450 imperitis
828 2379 1132 2443 hominibus
1157 2378 1283 2435 talia
1311 2378 1614 2451 intelligere
1657 2393 1989 2455 nequaquam
2013 2393 2111 2439 va-

526 2458 778 2540 lentibus,
804 2472 1072 2547 quomodo
1112 2480 1326 2529 satanas
1350 2487 1473 2528 cum
1502 2472 1613 2528 Deo
1652 2471 1798 2546 loqui
1843 2470 2105 2549 potuerit:

524 2576 634 2629 non
655 2564 921 2623 intuentes
947 2565 965 2638 (
991 2579 1098 2619 non
1120 2563 1264 2619 enim
1289 2569 1536 2637 possunt,
1581 2577 1705 2618 cum
1730 2562 2109 2639 superstitione

524 2664 579 2719 et
603 2656 943 2711 contentione
992 2655 1176 2711 caecati
1225 2654 1562 2726 sint)Deum
1588 2668 1696 2709 non
1726 2654 1832 2710 loci
1873 2654 2105 2727 spatium

527 2749 669 2823 prole
697 2749 937 2819 corporis
978 2762 1273 2820 occupare;
1306 2755 1363 2803 et
1390 2746 1469 2802 sic
1493 2746 1619 2802 alibi
1645 2761 1784 2812 esse,
1831 2746 1959 2803 alibi
1989 2761 2096 2802 non

523 2854 666 2907 esse,
682 2839 765 2896 vel
784 2848 931 2896 certe
946 2840 1029 2895 hic
1044 2838 1240 2895 habere
1266 2846 1469 2909 partem
1488 2837 1664 2904 aliam,
1688 2845 1744 2894 et
1766 2838 1891 2894 alibi
1908 2838 2065 2897 aliam
2090 2856 2105 2912 ς

528 2931 625 2989 sed
649 2931 927 3002 majestate
954 2930 1148 3007 ubique
1170 2937 1364 3001 praesto
1392 2943 1533 2995 esse,
1560 2943 1668 2989 non
1692 2944 1791 3001 per
1815 2940 1995 3001 partes
2023 2928 2109 2985 di-

526 3025 724 3091 visum,
753 3023 846 3079 sed
869 3023 1067 3094 ubique
1114 3020 1429 3094 perfectum.
1461 3020 1613 3089 Quod
1642 3021 1686 3079 si
1713 3022 1998 3077 carnaliter
2023 3021 2107 3077 in-

526 3122 741 3187 tuentur
765 3113 905 3185 quod
932 3113 1132 3168 dictum
1175 3120 1275 3179 est,
1304 3110 1497 3168 (Icelum
1532 3111 1658 3165 mihi
1694 3112 1902 3167 thronus
1930 3106 2029 3180 est,
2061 3121 2111 3168 et

527 3216 662 3273 terra
683 3206 959 3263 scabellum
975 3206 1161 3291 pedum
1176 3221 1402 3260 meorum
1423 3204 1442 3277 (
1463 3202 1591 3259 Isai.
1614 3220 1754 3272 vat,
1779 3206 1805 3260 l
1878 3222 1893 3272 ;
1916 3205 2001 3260 cui
2027 3205 2108 3261 lo-

525 3314 592 3356 co
630 3307 685 3355 et
709 3298 966 3355 Dominus
1006 3304 1286 3361 attestatur
1324 3293 1527 3362 dicens,
1560 3293 1683 3351 Non
1710 3296 1915 3377 juretis,
1954 3312 2110 3367 neque

530 3408 622 3477 per
664 3390 865 3458 caelum,
915 3390 1032 3462 quia
1079 3389 1287 3451 thronus
1330 3386 1422 3443 Dei
1451 3398 1523 3443 est
1537 3405 1556 3455 ;
1585 3404 1742 3459 neque
1770 3405 1857 3460 per
1900 3398 2105 3458 terram,

526 3483 645 3555 quia
664 3481 935 3543 scabellum
949 3488 1019 3535 est
1042 3480 1223 3550 pedum
1250 3480 1359 3550 ejus
1378 3477 1396 3550 (
1418 3477 1606 3532 Matth.
1628 3494 1682 3547 v,
1705 3479 1914 3551 '54-'55)
1940 3497 1952 3533 :
1982 3479 2107 3550 quid

523 3575 719 3635 mirum
749 3575 793 3629 si
817 3574 870 3629 in
898 3581 1035 3629 terra
1063 3573 1303 3630 diabolus
1326 3573 1659 3639 constitutus,
1682 3580 1805 3629 ante
1829 3572 1989 3644 pedes
2015 3573 2107 3628 Dei

523 3670 691 3740 stetit,
718 3678 773 3726 et
793 3683 973 3725 coram
1007 3668 1095 3723 illo
1123 3665 1323 3739 aliquid
1349 3666 1555 3722 locutus
1579 3665 1708 3722 est?
1735 3665 1866 3723 Nam
1897 3666 2108 3737 quando

522 3742 798 3822 illivalent
825 3763 1138 3835 intelligere,
1162 3762 1362 3817 nullam
1409 3777 1529 3821 esse
1574 3761 1827 3833 animam,
1856 3763 2100 3841 quamvis

523 3875 853 3933 perversam,
882 3875 999 3931 quae
1024 3869 1203 3916 tamen
1229 3859 1336 3915 ullo
1375 3859 1534 3923 modo
1578 3859 1881 3916 ratiocinari
1909 3869 2102 3933 potest,

523 3940 582 4025 in
620 3951 770 4022 cujus
796 3949 1119 4006 conscientia
1163 3966 1271 4005 non
1313 3951 1560 4023 loquatur
1604 3951 1785 4007 Deus?
1809 3950 1937 4021 Quis
1963 3953 2107 4007 enim

522 4028 739 4113 scripsit
763 4043 817 4097 in
838 4041 1088 4098 cordibus
1132 4041 1406 4098 hominum
1436 4042 1730 4099 naturalem
1771 4043 1963 4117 legem,
2004 4043 2107 4101 nisi

519 4132 705 4209 Deus?
735 4135 812 4191 De
840 4149 944 4209 qua
968 4134 1084 4206 lege
1132 4134 1418 4205 Apostolus
1464 4135 1573 4201 ait:
1597 4134 1721 4191 Cum
1744 4138 1873 4191 enim
1903 4137 2103 4206 Gentes,

520 4241 636 4300 qua:
661 4224 845 4299 Legem
892 4242 991 4281 non
1016 4226 1219 4293 habent,
1264 4226 1558 4289 naturaliter
1577 4240 1688 4298 qua:
1727 4228 1850 4302 legis
1875 4239 1992 4285 sunt
2020 4230 2104 4302 fa-

520 4310 678 4391 ciunt,
699 4317 750 4371 hi
765 4316 949 4389 Legem
968 4335 1068 4375 non
1088 4316 1321 4374 habentes
1343 4318 1443 4390 ipsi
1462 4317 1556 4374 sibi
1575 4329 1689 4376 sunt
1711 4320 1811 4391 lex,
1836 4321 1922 4394 qui
1941 4331 2105 4377 osten-

532 4409 658 4465 dunt
680 4427 807 4482 opus
848 4408 968 4481 legis
1007 4410 1249 4481 scriptum
1296 4410 1350 4464 in
1376 4410 1607 4466 cordibus
1631 4412 1757 4479 suis,
1798 4421 2105 4469 contestantc

521 4502 828 4573 conscientia
871 4500 1116 4574 ipsorum,
1146 4511 1192 4556 et
1221 4501 1352 4557 inter
1388 4519 1442 4558 sc
1484 4503 1694 4559 invicem
1735 4506 2103 4579 cogitationum

518 4595 884 4663 accusantium,
908 4603 995 4648 aut
1016 4595 1163 4649 etiam
1193 4596 1556 4663 accusantium,
1580 4596 1634 4653 in
1662 4596 1743 4657 die
1781 4614 1878 4671 qua
1893 4598 2103 4669 judica-

517 4685 588 4742 bit
609 4685 856 4740 Dominus
878 4683 1079 4740 occulta
1100 4685 1361 4739 hominum
1386 4684 1575 4758 (Rom.
1610 4703 1666 4754 II,
1699 4687 1862 4743 M—l6
1954 4689 2099 4759 Qua-

517 4786 737 4869 propter
759 4779 805 4835 si
823 4778 996 4834 omnis
1012 4778 1188 4843 anima
1213 4780 1483 4836 rationalis
1504 4780 1662 4836 etiam
1685 4782 1972 4855 cupiditate
1996 4799 2099 4843 ca:-

521 4880 663 4941 cata,
705 4880 880 4927 tamen
906 4884 1027 4926 cum
1054 4869 1252 4955 cogitat
1276 4880 1331 4927 ct
1353 4872 1719 4942 ratiocinatur,
1762 4874 2018 4949 quidquid
2043 4877 2097 4945 in

516 4980 582 5021 ea
610 4963 1011 5020 ratiocinatione
1047 4977 1233 5018 verum
1270 4970 1373 5032 est,
1402 4978 1506 5018 non
1531 4964 1582 5022 ei
1609 4963 1946 5022 tribuendum
1990 4976 2094 5039 est,

516 5056 612 5131 sed
639 5055 741 5127 ipsi
767 5053 956 5113 lumini
998 5054 1259 5120 veritatis,
1303 5068 1333 5109 a
1358 5070 1463 5127 quo
1490 5055 1574 5125 vel
1621 5058 1850 5125 tenuiter
1889 5073 1986 5130 pro
2014 5040 2097 5116 sui

513 5146 808 5219 capacitate
830 5145 1143 5214 illustratur,
1162 5153 1220 5201 ut
1239 5161 1423 5203 verum
1450 5146 1647 5220 aliquid
1674 5148 1728 5219 in
1769 5151 2094 5208 ratiocinan-

514 5239 586 5297 do
614 5240 840 5307 sentiat;
866 5237 994 5314 quid
1022 5238 1215 5297 mirum
1241 5238 1289 5294 si
1317 5237 1512 5295 diaboli
1540 5241 1718 5296 anima
1740 5255 1902 5325 prava
1936 5243 2091 5317 cupi-

513 5331 681 5403 ditate
709 5345 978 5413 perversa,
1005 5330 1261 5405 quidquid
1289 5339 1465 5387 tamen
1492 5347 1675 5389 verum
1697 5332 1766 5389 de
1803 5332 1951 5406 justo
1975 5335 2091 5394 viro

511 5423 782 5499 cogitavit,
807 5438 929 5479 cum
954 5439 1076 5481 eum
1106 5432 1310 5480 tentare
1329 5424 1512 5491 vellet,
1543 5425 1708 5497 ipsius
1727 5425 1820 5481 Dei
1846 5442 1995 5492 voce,
2029 5428 2081 5484 id

510 5527 614 5586 est,
640 5515 805 5595 ipsius
821 5515 1058 5572 veritatis
1079 5531 1207 5572 voce
1231 5516 1443 5579 audisse
1468 5515 1808 5589 perhibetur?
1827 5517 2091 5590 Quidquid

510 5621 697 5685 autem
739 5607 965 5677 falsum,
1018 5608 1095 5665 illi
1143 5608 1418 5682 cupiditati
1463 5608 1732 5679 tribuitur,
1760 5625 1864 5681 qua
1894 5610 2091 5669 diaboli

510 5719 706 5765 nomen
735 5703 956 5777 accepit.
986 5701 1300 5776 Quanquam
1325 5703 1484 5759 etiam
1506 5717 1603 5775 per
1641 5708 1939 5763 creaturam
1965 5718 2088 5762 cor-

504 5784 747 5881 poralem
777 5805 935 5881 atque
963 5795 1229 5853 visibilem
1259 5796 1398 5861 Deus
1420 5797 1733 5875 plerumque
1756 5793 1970 5856 locutus
1994 5808 2076 5858 est

1375 328 1462 394 nn
1498 324 1823 394 SERMONE
1879 328 2115 409 unum;
2152 326 2221 409 tu
2257 330 2510 411 unum,
2551 336 2610 393 s.
2649 334 3015 398 AUGUSTINI

3672 343 3819 405 1281

2237 464 2330 505 seu
2384 445 2539 513 bonis
2575 464 2670 506 seu
2707 453 2881 525 malis,
2933 463 3182 527 tanquam
3211 460 3448 531 omnium
3473 460 3728 516 Dominus
3752 470 3814 517 et

2232 551 2428 612 rector,
2459 550 2514 597 et
2543 558 2642 615 pro
2678 545 2936 624 cujusque
2976 548 3053 603 rei
3081 551 3289 608 meritis
3328 552 3638 615 ordinator:
3670 554 3813 610 sicut

2231 646 2329 715 per
2351 633 2602 704 Angelos,
2635 636 2723 713 qui
2746 635 3017 693 hominum
3049 656 3258 723 quoque
3299 643 3603 715 aspectibus
3638 658 3811 714 appa-

2231 732 2485 795 ruerunt;
2512 735 2566 781 et
2582 741 2679 799 per
2704 726 2997 801 PrOpbetas
3034 729 3292 807 dicentes,
3322 735 3448 807 llaec
3471 733 3601 803 dicit
3629 734 3817 789 Domi-

2229 830 2349 913 nus.
2373 815 2508 893 Quid
2529 833 2656 913 ergo
2678 820 2892 899 mirum,
2922 821 2967 877 si
2986 806 3290 913 quanquam
3318 806 3426 883 non
3453 830 3506 899 in
3527 827 3643 907 ipsa
3661 827 3813 898 cogi-

2231 906 2450 976 tatione,
2466 923 2561 985 per
2574 909 2805 981 aliquam
2821 921 2963 971 certe
2982 906 3280 987 creaturam
3300 919 3390 975 tal=
3422 906 3571 991 operi
3597 934 3816 974 accom-

2227 998 2493 1059 modatam
2545 1001 2687 1058 Deus
2731 1003 2936 1061 locutus
2973 1021 3095 1069 cum
3116 1008 3328 1067 diabolo
3365 1012 3599 1083 dicitur?

2299 1092 2387 1189 ὅξι.
2414 1092 2525 1150 Νεε
2549 1093 2954 1191 αἰςιιίιειιὶἱεεῖε
2978 1101 3321 1181 arbitrentur,
3340 1114 3394 1159 et
3417 1104 3563 1191 quasi
3588 1103 3815 1187 justitize

2226 1176 2495 1243 meritum,
2509 1179 2650 1250 quod
2662 1194 2780 1235 cum
2799 1181 2891 1238 illo
2904 1182 3041 1240 Deus
3056 1185 3260 1243 locutus
3271 1176 3354 1244 est
3370 1205 3384 1243 :
3403 1176 3652 1260 quoniam
3665 1189 3815 1245 locu.

2226 1275 2309 1341 tus
2322 1280 2403 1324 est
2418 1284 2538 1325 cum
2560 1270 2735 1327 anima
2748 1273 3005 1345 angelica,
3020 1292 3318 1351 quanquam
3340 1265 3499 1336 stulta
3518 1288 3573 1336 et
3593 1278 3809 1350 cupida,

2226 1363 2475 1430 tanquam
2494 1362 2853 1435 siloqueretur
2869 1381 2990 1422 cum
3001 1360 3183 1425 anima
3199 1371 3426 1441 humana
3447 1372 3609 1429 stulta
3637 1381 3691 1426 et
3710 1385 3809 1427 cu-

2222 1449 2592 1523 pida.Autipsi
2604 1453 3057 1529 dicantquomodo
3070 1460 3276 1518 locutus
3290 1471 3374 1519 est
3382 1479 3501 1518 cum
3516 1462 3806 1531 iliodivite,

2221 1542 2373 1614 cujus
2388 1545 2728 1615 cupiditatem
2751 1536 3115 1608 stultissimam
3136 1569 3359 1627 arguere
3381 1555 3567 1627 voluit,
3582 1555 3764 1612 dicens
3786 1573 3805 1612 :

2222 1631 2410 1702 Stulte,
2433 1636 2529 1691 hac
2558 1647 2701 1694 nocte
2723 1642 2894 1696 anima
2916 1652 3003 1697 tua
3022 1647 3367 1717 expostulatur
3393 1665 3426 1703 a
3451 1658 3540 1714 te;
3566 1649 3675 1703 hac
3693 1664 3809 1720 qua

2219 1729 2538 1814 przparasti,
2581 1731 2727 1803 cujus
2773 1734 3115 1810 erunt(Luc.
3164 1754 3262 1811 xu,
3313 1738 3647 1814 20)?Gcrte
3699 1738 3807 1796 hoc

2219 1806 2335 1889 ipse
2356 1819 2609 1878 Dominus
2629 1823 2682 1879 in
2704 1806 2991 1897 Evangelia
3010 1828 3145 1885 dicit
3168 1871 3184 1896 ,
3198 1806 3284 1886 cui
3314 1806 3549 1887 haeretici
3571 1830 3678 1898 isti,
3711 1846 3806 1888 ve-

2218 1900 2338 1979 lint,
2369 1911 2555 1981 nolint,
2578 1916 2713 1971 colla
2736 1918 3070 1977 submittunt.
3090 1922 3147 1977 Si
3168 1930 3345 1978 autem
3367 1923 3470 1979 hoc
3495 1932 3800 1995 moventur,

2217 2002 2359 2073 quod
2385 2006 2693 2071 tentandum
2707 2009 2907 2080 justum
2937 2021 3152 2070 satanas
3169 2015 3363 2089 petita
3391 2015 3503 2071 Deo
3528 2031 3544 2082 ;
3567 2030 3677 2070 non
3700 2029 3802 2085 ego

2216 2109 2427 2165 expono
2470 2113 2636 2170 quare
2682 2102 2750 2156 sit
2790 2101 3005 2173 factum,
3057 2106 3152 2161 sed
3201 2107 3344 2178 ipsos
3371 2121 3505 2177 cogo
3530 2120 3800 2177 exponere

2215 2201 2379 2256 quare
2406 2189 2476 2244 sit
2517 2190 2715 2246 dictum
2742 2193 2794 2247 in
2821 2192 3111 2266 Evangelio
3136 2196 3204 2251 ab
3231 2196 3350 2268 ipso
3393 2196 3618 2252 Domino
3639 2196 3802 2251 disci.

2215 2278 2374 2361 pulis,
2398 2279 2531 2336 Ecce
2550 2291 2758 2339 satanas
2774 2286 2913 2356 petiit
2933 2302 3020 2341 vos
3060 2303 3242 2342 vexare
3264 2289 3515 2361 quomodo
3537 2288 3759 2342 triticum
3778 2302 3800 2342 :

2216 2360 2270 2427 et
2290 2373 2446 2439 Petro
2475 2376 2569 2443 ait,
2607 2375 2716 2447 Ego
2752 2388 2917 2433 autem
2943 2360 3283 2451 postulavine
3315 2381 3517 2451 deficiat
3553 2380 3684 2451 ﬁdes
3710 2388 3802 2433 tua

2223 2462 2346 2534 (Id.
2371 2481 2500 2534 χχιι,
2524 2466 2613 2535 51,
2636 2466 2766 2541 32).
2796 2469 2930 2525 Cum
2967 2481 3144 2527 autem
3190 2472 3291 2528 hoc
3317 2479 3591 2543 exponunt
3641 2469 3795 2536 mihi,

2213 2554 2374 2611 simul
2404 2556 2530 2612 illud
2555 2557 2695 2629 quod
2714 2574 2742 2614 a
2766 2575 2851 2616 me
2869 2570 3114 2632 quierunt
3139 2572 3410 2635 exponunt
3436 2563 3556 2619 sibi.
3577 2561 3637 2618 8i
3659 2575 3791 2616 vero

2214 2660 2325 2702 non
2359 2648 2621 2703 valuerint
2648 2648 2748 2705 hoc
2772 2642 3059 2720 exponere,
3108 2667 3214 2708 non
3241 2655 3469 2710 audeant
3493 2652 3544 2708 id
3566 2651 3709 2723 quod
3735 2651 3792 2705 in

2214 2734 2503 2808 Evangelio
2549 2739 2663 2795 sine
2710 2740 3003 2800 oli‘ensionc
3045 2743 3227 2816 legunt
3251 2746 3291 2813 ⁸,
3331 2745 3386 2801 in
3433 2744 3615 2817 aliquo
3652 2743 3793 2799 libro

2213 2843 2335 2886 eum
2359 2832 2661 2889 temeritate
2688 2834 2926 2911 culpare.

2284 2921 2371 2978 54.
2403 2920 2561 2978 Fiunt
2590 2923 2749 2995 igitur
2775 2924 3092 2983 tentationes
3121 2941 3218 2999 per
3236 2937 3478 2985 satanam
3501 2945 3606 2987 non
3634 2942 3795 3005 pote-

2212 3018 2348 3068 state
2369 3012 2505 3083 ejus,
2537 3014 2630 3070 sed
2659 3016 2920 3095 permissu
2945 3017 3179 3086 Domini,
3211 3020 3278 3075 ad
3305 3021 3547 3078 homines
3573 3033 3667 3080 aut
3690 3040 3791 3097 ιιι-υ

2213 3106 2322 3161 suis
2358 3107 2588 3176 peccatis
2613 3108 2927 3179 puniendos,
2958 3120 3050 3166 aut
3071 3126 3169 3182 pro
3191 3112 3399 3169 Domini
3427 3116 3795 3175 misericordis

2212 3197 2515 3285 probandos
2540 3208 2594 3256 et
2640 3202 2988 3258 exercendos.
3026 3203 3094 3259 Et
3145 3204 3368 3262 interest
3408 3208 3695 3277 plurimum
3736 3212 3791 3267 in

2212 3289 2420 3359 qualem
2445 3290 2668 3363 quisque
2690 3294 3033 3350 tentationem
3060 3296 3278 3352 incidat.
3310 3297 3429 3354 Non
3452 3302 3594 3355 enim
3627 3302 3679 3357 in
3709 3312 3794 3357 ta-

2211 3376 2315 3435 lem
2343 3380 2526 3436 incidit
2550 3382 2733 3451 Judas,
2753 3385 2845 3454 qui
2873 3385 3111 3441 vendidit
3146 3386 3449 3454 Dominum,
3482 3390 3538 3444 in
3579 3392 3793 3462 qualem

2213 3473 2399 3529 incidit
2425 3475 2633 3545 Petrus,
2666 3491 2787 3532 cum
2835 3478 3052 3534 territus
3093 3479 3375 3537 Dominum
3404 3484 3632 3553 negavit.
3659 3484 3795 3542 Sunt

2213 3565 2374 3621 etiam
2402 3567 2717 3625 tentationcs
2739 3567 3004 3638 humanae,
3028 3570 3211 3640 credo,
3241 3585 3362 3628 cum
3382 3573 3524 3630 bono
3564 3577 3793 3648 quisque

2211 3659 2409 3724 animo,
2441 3661 2731 3716 secundum
2775 3661 3062 3719 humanam
3105 3672 3286 3723 tamen
3342 3667 3704 3739 fragilitatem,
3732 3671 3788 3727 in

2212 3750 2388 3821 aliquo
2408 3751 2633 3807 consilio
2648 3752 2843 3809 labitur
2870 3795 2886 3822 ,
2919 3763 3012 3810 aut
3033 3755 3276 3812 irritatur
3294 3758 3349 3813 in
3371 3757 3591 3815 fratrem
3610 3760 3790 3817 studio

2211 3842 2535 3913 corrigendi,
2588 3844 2748 3913 paulo
2796 3852 2973 3901 tamen
3012 3848 3238 3920 amplius
3290 3864 3449 3920 quam
3500 3851 3789 3908 christiana

2210 3933 2568 4005 tranquillitas
2614 3935 2851 4006 postulat
2892 3953 2906 3990 :
2947 3936 3015 3994 de
3053 3922 3245 4009 quibus
3290 3941 3578 4012 Apostolus
3631 3944 3784 4013 dicit,

2210 4024 2441 4081 Tcntatio
2467 4043 2551 4084 vos
2571 4044 2672 4083 non
2691 4030 3056 4099 apprehendat,
3084 4032 3183 4087 nisi
3201 4032 3463 4099 humana;
3499 4048 3621 4090 cum
3645 4036 3788 4092 idem

2209 4116 2368 4187 dicat,
2391 4118 2585 4176 Fidelis
2606 4118 2767 4187 Deus,
2794 4122 2878 4192 qui
2897 4138 2982 4177 vos
2994 4138 3094 4178 non
3108 4126 3240 4178 sinat
3265 4125 3443 4179 tentari
3461 4142 3617 4197 supra
3639 4144 3791 4197 quam

2209 4213 2415 4282 potestis
2431 4218 2563 4286 ferre
2580 4232 2601 4281 ;
2621 4216 2707 4270 sed
2723 4216 2872 4287 faciet
2881 4232 2993 4271 cum
3014 4218 3284 4273 tentatione
3301 4218 3452 4273 etiam
3473 4230 3785 4290 proventum,

2205 4313 2262 4360 ut
2284 4307 2484 4377 possitis
2508 4308 2722 4363 tolerare
2752 4309 2773 4381 (
2798 4307 2819 4363 l
2844 4309 2960 4365 Cor.
2990 4327 3045 4379 x,
3071 4311 3138 4367 i3
3161 4309 3204 4384 ).
3251 4311 3308 4367 in
3348 4328 3453 4384 qua
3510 4317 3776 4371 sententia

2206 4398 2336 4454 satis
2354 4400 2583 4457 ostendit
2600 4416 2704 4457 non
2726 4401 2779 4457 id
2793 4402 2947 4458 nobis
2971 4403 3231 4459 orandum
3255 4419 3375 4461 esse
3395 4416 3453 4461 ut
3474 4422 3579 4462 non
3607 4416 3783 4465 tentco

2205 4503 2348 4555 mur,
2379 4490 2474 4545 sed
2518 4506 2587 4547 ne
2617 4491 2671 4545 in
2718 4493 3063 4549 tentationcm
3112 4494 3442 4551 inducamur.
3473 4494 3778 4554 lndueimur

2204 4579 2369 4649 enim,
2400 4581 2448 4637 si
2499 4583 2633 4639 tales
2674 4584 2960 4641 acciderint
2987 4600 3118 4657 quas
3156 4586 3299 4643 ferre
3343 4604 3449 4644 non
3478 4604 3781 4662 possumus.

2202 4670 2308 4728 Sed
2336 4687 2455 4728 cum
2486 4674 2805 4732 teutationes
2828 4676 3141 4748 periculosa:
3170 4678 3222 4734 in
3257 4695 3390 4751 quas
3416 4681 3603 4738 inferri
3623 4692 3784 4755 atque

2201 4762 2378 4819 induci
2404 4766 2760 4836 perniciosum
2784 4775 2883 4836 est,
2913 4777 3002 4824 aut
3019 4771 3283 4843 prosperis
3307 4772 3469 4829 rebus
3500 4781 3768 4845 tempora-

2201 4852 2371 4929 libus,
2390 4864 2485 4911 aut
2531 4855 2768 4914 adversis
2792 4859 3050 4929 oriantur,
3098 4862 3533 4936 nemofrangitur
3588 4866 3782 4922 adver-

2199 4960 2377 5003 sarum
2419 4949 2684 5018 molestia,
2712 4951 2802 5022 qui
2849 4966 3223 5024 prosperarum
3267 4955 3625 5015 delectatione
3663 4973 3776 5014 non

2197 5039 2421 5111 capitur.
2736 5026 2741 5033 ’

2204 5190 2205 5193 η
2269 5133 2359 5190 35.
2398 5133 2591 5191 Ultima
2622 5146 2677 5192 et
2703 5137 2925 5209 septima
2953 5139 3138 5209 petitio
3161 5147 3272 5210 est,
3308 5140 3416 5198 Sed
3441 5143 3599 5200 libera
3623 5162 3720 5202 nos
3746 5163 3783 5203 α

2197 5229 2354 5284 malo.
2383 5228 2653 5285 Orandum
2690 5238 2772 5287 est
2806 5232 2951 5288 enim
2980 5243 3168 5291 utnon
3208 5235 3379 5291 solum
3418 5252 3526 5293 non
3555 5238 3779 5295 induca-

2197 5332 2319 5376 mur
2339 5320 2391 5376 in
2412 5322 2629 5397 malum,
2653 5339 2757 5394 quo
2781 5340 3045 5395 caremus,
3067 5327 3210 5399 quod
3233 5337 3385 5385 sexto
3403 5328 3524 5386 loco
3541 5332 3778 5403 petitur;

2197 5413 2292 5470 sed
2320 5414 2385 5470 ab
2414 5414 2502 5470 illo
2531 5415 2689 5483 etiam
2730 5415 3016 5475 liberemur
3034 5460 3049 5486 ,
3076 5434 3183 5492 quo
3205 5419 3314 5499 jam
3341 5420 3540 5478 inducti
3567 5438 3777 5479 sumus.

2194 5503 2347 5583 Quod
2376 5522 2498 5563 cum
2525 5505 2718 5564 factum
2745 5509 2931 5578 fuerit,
2963 5511 3096 5567 nihil
3135 5514 3429 5569 remanebit
3463 5513 3775 5573 formidolo-

2193 5609 2334 5666 sum,
2361 5613 2462 5655 nec
2500 5599 2718 5656 omnino
2754 5603 3037 5659 metuenda
3074 5604 3177 5659 erit
3212 5605 3316 5661 ulla
3352 5605 3591 5661 tentatio.
3623 5606 3776 5675 Quod

2192 5697 2371 5750 tamen
2411 5693 2465 5750 in
2506 5692 2607 5750 hac
2645 5695 2753 5752 vita
2780 5695 3032 5768 quamdiu
3068 5696 3225 5754 istam
3267 5699 3641 5757 mortalitatem
3665 5701 3774 5758 cir-

2256 5807 3526 5880 incustoditumme
