4076 6510
2656 400 2676 405 -.
2704 398 2771 409 πιιν

1660 480 1863 545 LIBER
1900 483 2269 544 SECUNDUS.
2974 494 2977 497 ’
3448 495 3585 559 i286

2021 601 2213 679 spicuze
2252 601 2504 657 veritatis.
2538 602 2601 658 Et
2628 612 2840 673 peccata
2871 619 3010 661 nunc
3049 607 3202 664 nobis
3228 609 3582 683 dimittuntur,

2020 697 2072 745 et
2097 706 2235 746 nunc
2263 692 2609 761 dimittimus;
2644 711 2761 765 quae
2790 695 2974 751 harum
3001 707 3224 768 quatuor
3260 700 3583 773 reliquarum

2019 783 2245 836 secunda
2293 785 2473 853 petitio
2528 796 2651 842 est:
2702 798 2824 844 tunc
2870 800 3042 846 autem
3098 793 3239 848 nulla
3287 795 3388 850 erit
3430 797 3584 853 venia

2018 884 2375 942 peccatorum,
2402 877 2520 947 quia
2557 879 2699 933 nulla
2743 890 2975 949 peccata.
3008 884 3071 937 Et
3102 884 3416 941 tentationes
3445 896 3582 942 tem-

2017 966 2250 1033 poralem
2275 965 2428 1021 istam
2449 969 2609 1023 vitam
2637 970 2915 1038 infestant;
2940 988 3041 1027 non
3067 983 3245 1029 autem
3267 984 3440 1044 erunt,
3465 992 3586 1032 cum

2016 1057 2307 1126 perfectum
2340 1062 2440 1115 erit
2468 1063 2606 1130 quod
2633 1063 2829 1119 dictum
2860 1076 2960 1131 est,
2978 1066 3261 1124 Abscondes
3283 1086 3365 1124 eos
3388 1070 3441 1124 in
3465 1071 3583 1125 abs—

2017 1149 2212 1201 condito
2238 1151 2402 1205 vultus
2430 1153 2501 1205 tui
2526 1151 2546 1224 (
2574 1152 2718 1208 Psal.
2747 1166 2853 1209 xx}:
2882 1198 2895 1221 ,
2927 1156 2989 1211 21
3015 1156 3058 1229 ).
3090 1159 3153 1212 Et
3179 1159 3395 1225 malum,
3424 1176 3453 1215 a
3479 1176 3584 1231 quo

2015 1237 2227 1293 liberari
2270 1250 2532 1310 optamus,
2575 1253 2628 1297 et
2666 1244 2776 1314 ipsa
2818 1246 3057 1301 liberatio
3092 1263 3121 1300 a
3165 1249 3304 1303 malo
3340 1249 3405 1304 ad
3448 1251 3583 1306 hanc

2015 1330 2193 1399 utique
2218 1333 2376 1387 vitam
2407 1335 2662 1403 pertinet,
2696 1352 2850 1407 quam
2880 1348 2933 1392 et
2956 1339 3155 1407 justitia
3186 1340 3277 1395 Dei
3304 1341 3581 1397 mortalem

2018 1426 2329 1491 meruimus,
2355 1435 2407 1480 et
2431 1428 2569 1482 unde
2598 1429 2759 1497 ipsius
2785 1430 3143 1485 misericordia
3172 1432 3477 1487 liberamur.

2084 1514 2307 1571 CAPUT
2336 1516 2427 1571 Xl.
2453 1549 2525 1559 —
2551 1518 2639 1573 58.
2672 1520 2888 1575 Videtur
2914 1522 3070 1575 etiam
3103 1522 3231 1576 mihi
3257 1524 3586 1592 septenarius

280 494 447 559 I285

285 609 706 681 cumferimus,
731 610 784 666 in
818 621 973 680 quam
1007 602 1307 679 serpentina
1343 604 1681 678 persuasione
1716 602 1914 659 inducti

285 716 531 770 sumus,
567 718 687 759 non
731 702 1051 772 sperandum
1091 706 1174 755 est
1214 713 1369 770 posse
1413 697 1564 762 ﬁeri;
1602 696 1695 751 sed
1736 703 1915 749 tamen

286 792 623 862 aliquando
662 793 890 848 futurum
926 791 1242 862 sperandum
1281 797 1391 857 est,
1436 797 1488 843 et
1532 788 1643 842 haec
1680 795 1760 841 est
1793 798 1914 854 spes

286 899 426 953 qua:
459 897 589 939 non
622 883 861 938 videtur:
891 882 957 937 de
985 897 1085 952 qua
1125 896 1242 936 cum
1281 881 1581 949 loqueretur
1608 877 1910 947 Apostolus,

284 972 395 1040 ait,
435 971 595 1043 Spes
625 985 791 1029 autem
813 989 925 1047 qua:
962 973 1173 1038 videtur,
1202 988 1302 1025 non
1340 979 1412 1025 est
1445 986 1557 1041 spes
1586 968 1771 1039 (Rom.
1799 983 1909 1035 vnt,

285 1063 435 1133 24).
481 1064 610 1120 Sed
656 1074 829 1121 tamen
873 1065 1146 1134 sapientia,
1190 1079 1305 1134 qum
1339 1063 1393 1115 in
1432 1062 1529 1115 hac
1566 1075 1771 1130 quoque
1807 1059 1912 1113 vita

286 1169 586 1210 concessa
622 1165 722 1223 est,
746 1156 988 1211 ﬁdelibus
1013 1155 1177 1210 servis
1204 1154 1299 1208 Dei
1327 1168 1431 1207 non
1460 1160 1540 1207 est
1563 1149 1908 1221 desperanda.

286 1244 378 1302 Ea
402 1254 502 1301 est
526 1256 738 1315 autem,
761 1256 819 1301 ut
838 1246 889 1301 id
916 1246 1054 1317 quod
1076 1246 1297 1300 Domino
1322 1244 1586 1298 revelante
1607 1241 1910 1311 fugiendum

288 1350 430 1392 esse
479 1337 935 1401 intellexerimus,
964 1336 1264 1391 cautissima
1306 1334 1572 1406 vigilantia
1616 1332 1907 1403 fugiamus;

291 1437 355 1484 et
382 1428 443 1483 id
473 1430 635 1500 quod
674 1430 897 1484 Domino
926 1428 1192 1483 revelante
1231 1425 1582 1496 appetendum
1614 1439 1730 1479 esse
1756 1422 1911 1477 intel-

289 1521 663 1588 lexerimus,
713 1522 1114 1591 ﬂagrantissima
1158 1520 1414 1575 charitate
1461 1526 1787 1587 appetamus.
1836 1515 1910 1571 lta

292 1613 461 1668 enim
493 1612 712 1683 reliquo
745 1613 1077 1667 mortalitatis
1107 1611 1262 1681 hujus
1291 1626 1452 1665 onere
1481 1610 1591 1679 ipsa
1617 1618 1786 1663 morte
1814 1608 1909 1663 de-

294 1704 524 1774 posito,
572 1720 638 1759 ex
683 1704 824 1758 omni
870 1703 1097 1757 hominis
1140 1710 1287 1771 parte
1334 1710 1628 1772 Opportuno
1674 1710 1910 1769 tempore

293 1794 642 1865 perﬁcietur
678 1794 969 1861 beatitudo,
996 1810 1111 1867 qua:
1141 1793 1193 1846 in
1235 1792 1334 1846 hac
1376 1791 1480 1845 vita
1523 1789 1764 1845 inchoata
1805 1797 1905 1855 est,

294 1894 360 1942 et
392 1887 489 1941 cui
534 1887 877 1956 capessendae
920 1894 1076 1956 atque
1115 1884 1412 1939 obtinenda:
1454 1881 1732 1952 aliquando
1769 1894 1909 1935 nunc

296 1977 500 2032 omnis
528 1985 753 2032 conatus
780 1977 1119 2047 impenditur.

301 2106 308 2115 .
376 2064 629 2123 CAPUT
672 2066 740 2120 Χ.
768 2097 837 2107 -
870 2065 956 2121 '56.
986 2065 1090 2120 Sed
1133 2065 1317 2119 harum
1358 2071 1559 2133 septem
1597 2061 1907 2131 petitionum

298 2159 719 2215 consideranda
766 2167 820 2214 et
864 2156 1279 2214 commendanda
1322 2155 1590 2209 distinctio
1635 2160 1736 2208 est.
1776 2152 1907 2206 Nam

301 2265 441 2306 cum
477 2251 590 2305 vita
616 2258 796 2305 nostra
827 2248 1187 2320 temporaliter
1211 2262 1350 2301 nunc
1378 2254 1578 2316 agatur,
1606 2254 1761 2314 atque
1786 2258 1909 2313 spe-

302 2353 474 2399 retur
530 2352 748 2409 arterna,
780 2351 835 2397 et
875 2357 992 2396 cum
1033 2351 1229 2395 aeterm
1270 2341 1444 2409 priora
1482 2339 1588 2394 sint
1631 2338 1902 2408 dignitate,

303 2433 583 2504 quamvis
622 2432 1000 2500 temporalibus
1028 2431 1173 2499 prius
1202 2430 1331 2483 actis
1358 2429 1421 2481 ad
1453 2428 1540 2481 illa
1574 2435 1902 2490 transeatur;

303 2526 487 2579 trium
520 2523 809 2592 primarum
851 2521 1161 2591 petitionum
1188 2518 1581 2589 impetrationes
1608 2532 1906 2587 quanquam

308 2614 371 2669 in
402 2614 518 2668 hac
546 2614 672 2680 vita,
698 2628 813 2681 qua:
840 2612 941 2665 isto
968 2611 1160 2665 sacculo
1188 2610 1374 2680 agitur,
1399 2609 1669 2665 exordium
1700 2608 1909 2677 capiant

310 2704 477 2778 (nam
511 2713 564 2761 et
589 2703 931 2760 sanctiﬁcatio
960 2702 1189 2756 nominis
1228 2701 1321 2755 Dei
1363 2700 1428 2754 ab
1455 2700 1567 2769 ipso
1600 2700 1906 2753 humilitatis

312 2795 546 2850 Domini
577 2795 801 2849 adventu
840 2794 921 2864 agi
960 2792 1157 2861 coepit;
1198 2800 1253 2846 et
1294 2792 1549 2845 adventus
1594 2791 1737 2860 regni
1768 2789 1902 2859 ejus,

314 2899 433 2956 quo
463 2885 519 2939 in
549 2883 787 2940 claritate
828 2893 1080 2938 venturus
1114 2889 1213 2948 est,
1250 2896 1353 2935 non
1378 2882 1485 2950 jam
1516 2880 1662 2934 ﬁnito
1691 2881 1901 2945 smcnlo,

318 2975 423 3031 sed
452 2976 509 3031 in
541 2974 644 3029 ﬁne
673 2974 850 3029 saiculi
877 2972 1332 3037 manifestabitur;
1362 2979 1416 3026 et
1444 2970 1695 3041 perfectio
1724 2970 1909 3024 volun-

316 3068 453 3121 tatis
495 3066 628 3135 ejus,
662 3067 795 3120 sicut
831 3066 881 3118 in
923 3064 1060 3119 etelo
1103 3072 1157 3119 et
1194 3064 1244 3117 in
1290 3072 1448 3129 terra,
1490 3063 1601 3116 sive
1640 3061 1811 3131 justos
1854 3069 1908 3115 et

317 3165 644 3227 peccatores
669 3156 861 3211 coelum
897 3164 951 3209 et
990 3163 1185 3209 terram
1213 3154 1492 3223 intelligas,
1525 3140 1905 3221 sive'spiritum

320 3259 382 3307 et
407 3266 648 3316 carnem,
680 3252 791 3303 sive
830 3248 1108 3302 Dominum
1139 3256 1192 3301 et
1231 3246 1526 3300 Ecclesiam
1548 3286 1561 3311 ,
1592 3244 1703 3298 sive
1730 3248 1906 3298 omnia

322 3345 514 3408 simul,
542 3343 654 3411 ipsa
700 3339 1023 3410 perfectione
1067 3346 1260 3391 nostrae
1303 3324 1661 3400 beatitudinis,
1694 3344 1746 3388 et
1788 3335 1905 3389 ideo

324 3433 517 3492 saeculi
558 3430 922 3485 terminatione
951 3428 1343 3498 complebitur),
1374 3434 1547 3481 tamen
1591 3426 1764 3480 omnia
1808 3426 1905 3481 tria

324 3530 386 3585 in
416 3537 675 3583 aeternum
702 3523 1008 3578 manebunt.
1038 3521 1169 3576 Nam
1208 3528 1261 3576 et
1293 3519 1637 3575 sanctiﬁcatio
1680 3518 1906 3573 nominis

326 3622 430 3677 Dei
461 3618 782 3688 sempiterna
807 3619 926 3680 erit,
955 3622 1008 3669 et
1045 3613 1193 3684 regni
1219 3612 1332 3683 ejus
1372 3611 1541 3666 nullus
1571 3620 1650 3666 est
1686 3611 1822 3677 ﬁnis,
1852 3620 1905 3665 et

324 3715 585 3786 perfectae
632 3721 823 3767 nostra:
851 3708 1162 3764 beatitudini
1203 3716 1398 3762 (eterna
1428 3707 1532 3760 vita
1560 3705 1901 3775 promittitur.

328 3802 730 3861 Permanebunt
751 3816 875 3872 ergo
902 3801 1000 3855 ista
1026 3799 1123 3853 tria
1153 3807 1513 3852 consummata
1537 3804 1693 3867 atque
1720 3811 1905 3851 cumu-

328 3895 439 3950 lata
469 3895 521 3949 in
547 3894 635 3948 illa
663 3892 768 3947 vita
794 3906 913 3963 qua:
942 3890 1091 3945 nobis
1124 3889 1463 3959 promittitur.

404 3988 496 4042 57.
536 3986 755 4057 Reliqua
786 4000 912 4038 vero
935 3992 1160 4053 quatuor
1188 3998 1305 4051 qua:
1335 3981 1580 4051 petimus,
1610 3980 1675 4034 ad
1702 3988 1907 4050 tempo-

328 4078 501 4134 ralem
540 4062 694 4132 istam
728 4077 886 4130 vitam
914 4075 1175 4144 pertinere
1212 4074 1339 4127 mihi
1382 4072 1642 4128 videntur.
1670 4074 1903 4141 Quorum

331 4172 565 4241 primum
606 4176 717 4233 est,
767 4167 958 4220 Panem
1000 4173 1225 4219 nostrum
1263 4165 1607 4236 quotidianum
1644 4167 1709 4219 da
1762 4167 1904 4221 nobis

332 4261 503 4314 hodie.
545 4258 658 4313 Hoc
699 4259 812 4328 ipso
859 4257 999 4312 enim
1048 4256 1186 4326 quod
1235 4256 1405 4311 dictus
1445 4265 1526 4311 est
1570 4257 1902 4326 quotidianus

333 4352 510 4422 panis,
539 4350 647 4406 sive
675 4348 959 4421 spiritualis
984 4348 1320 4415 signiﬁcetur,
1351 4348 1458 4401 sive
1486 4348 1535 4400 in
1563 4348 1903 4403 Sacramento

333 4453 426 4498 aut
466 4444 523 4497 in
562 4442 702 4496 victu
742 4441 843 4494 isto
883 4439 1121 4503 visibilis,
1162 4438 1226 4492 ad
1266 4437 1366 4491 hoc
1407 4448 1612 4507 tempus
1650 4439 1898 4508 pertinet,

334 4532 479 4604 quod
502 4531 785 4604 appellavit
807 4530 954 4583 hodie
981 4545 997 4582 :
1022 4544 1125 4583 non
1155 4528 1275 4598 quia
1306 4528 1590 4597 spiritualis
1620 4529 1766 4580 cibus
1797 4544 1901 4581 non

335 4633 420 4680 est
448 4624 801 4693 sempiternus
826 4639 840 4685 ;
872 4620 964 4675 sed
990 4620 1109 4689 quia
1135 4620 1235 4671 iste
1258 4619 1343 4686 qui
1371 4616 1704 4685 quotidianus
1732 4617 1902 4671 dictus

336 4722 418 4769 est
444 4714 494 4766 in
519 4712 826 4780 Scripturis,
856 4711 967 4763 sive
998 4711 1047 4760 in
1088 4707 1306 4775 strepitu
1337 4708 1616 4772 sermonis,
1643 4707 1753 4761 sive
1782 4708 1900 4776 qui-

335 4805 538 4873 busque
578 4799 949 4870 temporalibus
994 4796 1158 4867 signis
1197 4794 1475 4851 exhibetur
1518 4796 1744 4850 aninmo:
1786 4812 1903 4866 quae

336 4894 513 4951 omnia
542 4900 665 4946 tunc
692 4891 872 4959 utique
898 4902 1002 4942 non
1028 4894 1201 4951 erunt,
1227 4901 1344 4940 cum
1371 4900 1555 4941 omnes
1583 4895 1738 4941 erunt
1758 4887 1903 4942 doci-

337 4987 468 5042 biles
514 4984 621 5038 Deo
666 4980 834 5053 (Isai.
879 4994 983 5043 LIV,
1018 4979 1121 5043 15;
1151 4976 1304 5030 Joan.
1357 4992 1430 5041 vr,
1466 4975 1595 5047 45),
1639 4986 1692 5032 et
1734 4979 1900 5048 ipsam

340 5076 656 5134 ineffabilem
682 5074 854 5129 lucem
878 5070 1111 5126 veritatis
1138 5083 1240 5123 non
1266 5077 1410 5123 motu
1436 5084 1712 5138 corporum
1740 5071 1903 5140 signi-

340 5171 575 5233 ficantes,
603 5165 695 5222 sed
722 5165 946 5235 puritate
968 5161 1159 5217 mentis
1182 5160 1503 5214 haurientes.
1524 5160 1654 5214 Nam
1682 5162 1904 5217 fortasse

338 5270 390 5318 et
417 5268 691 5331 propterea
732 5257 883 5326 panis
908 5255 1078 5309 dictus
1106 5262 1215 5318 est,
1245 5268 1349 5307 non
1392 5262 1566 5322 potus,
1595 5254 1715 5323 quia
1751 5254 1904 5323 panis

338 5350 623 5423 frangendo
642 5356 799 5417 atque
819 5344 1133 5409 mandendo,
1151 5343 1204 5397 in
1224 5343 1527 5397 alimentum
1550 5345 1894 5410 convertitur,

339 5444 475 5499 sicut
512 5442 793 5510 Scriptura:
822 5435 1103 5507 aperiendo
1127 5443 1181 5490 et
1217 5434 1523 5489 disserendo
1551 5435 1779 5490 animam
1806 5452 1902 5506 pa-

340 5543 527 5598 scunt;
556 5540 710 5602 potus
735 5544 861 5583 vero
889 5538 1102 5598 paratus
1124 5568 1139 5594 ,
1168 5526 1319 5581 sicuti
1344 5534 1460 5591 est,
1493 5528 1680 5581 transit
1705 5528 1757 5581 in
1782 5543 1904 5583 cor-

343 5643 474 5698 pus:
506 5633 563 5679 ut
591 5626 692 5679 isto
722 5632 957 5691 tempore
988 5621 1135 5691 panis
1161 5620 1229 5675 sit
1250 5620 1463 5685 veritas,
1493 5634 1613 5673 cum
1643 5622 1905 5690 quotidia-

342 5733 443 5773 nus
462 5717 610 5788 panis
629 5715 820 5770 dicitur
842 5731 855 5779 ;
880 5722 1007 5767 tunc
1026 5721 1197 5767 autem
1220 5722 1395 5780 potus,
1417 5726 1535 5766 cum
1558 5712 1703 5766 nullo
1724 5713 1904 5769 labore

343 5808 639 5878 disputandi
687 5816 741 5863 et
781 5803 1196 5870 sermocinandi,
1244 5804 1389 5875 quasi
1438 5802 1705 5874 frangendi
1750 5812 1906 5874 atque

344 5900 646 5964 mandendi,
672 5900 803 5968 Opus
830 5898 1073 5967 erit,-sed
1096 5899 1207 5954 solo
1234 5899 1419 5952 haustu
1445 5897 1663 5952 sbicerae
1686 5901 1740 5951 et
1765 5908 1896 5965 per-

2013 1606 2113 1662 iste
2152 1624 2400 1677 numerus
2428 1609 2616 1664 harum
2645 1611 2951 1680 petitionum
2982 1627 3274 1683 congruere
3303 1614 3375 1668 illi
3405 1623 3583 1684 septe-

2017 1700 2168 1753 nario
2200 1710 2451 1767 numero,
2482 1716 2547 1754 ex
2584 1716 2689 1770 quo
2733 1711 2873 1757 totus
2902 1703 3000 1757 iste
3039 1719 3216 1758 sermo
3252 1708 3499 1758 manavit.
3528 1703 3585 1759 Si

2016 1792 2157 1846 enim
2187 1791 2346 1846 timor
2375 1792 2468 1846 Dei
2505 1800 2587 1846 est
2613 1807 2718 1862 quo
2747 1793 2885 1847 beati
2924 1803 3045 1848 sunt
3076 1810 3335 1864 pauperes
3372 1795 3581 1864 spiritu.

2013 1882 2260 1952 quoniam
2288 1883 2520 1951 ipsorum
2559 1891 2640 1937 est
2676 1899 2893 1952 regnum
2933 1886 3224 1949 ccelorum;
3256 1895 3493 1954 petamus
3528 1894 3586 1940 ut

2011 1973 2370 2028 sanctiﬁcetur
2397 1974 2449 2028 in
2492 1974 2791 2029 hominibus
2821 1991 3014 2030 nomen
3055 1976 3182 2043 Dei,
3222 1976 3409 2032 timore
3437 1985 3584 2033 casto

2009 2075 2356 2135 permanente
2386 2066 2438 2119 in
2465 2067 2657 2120 srccula
2698 2069 3013 2122 saeculorum
3051 2068 3070 2138 (
3096 2068 3237 2123 Psal.
3267 2085 3415 2136 xvm,
3448 2070 3580 2142 10).

2010 2152 2066 2207 Si
2089 2154 2254 2222 pietas
2275 2164 2354 2208 est
2375 2170 2475 2225 qua
2501 2155 2640 2209 beati
2667 2165 2789 2211 sunt
2810 2158 2982 2223 mites,
3006 2160 3253 2227 quoniam
3280 2159 3379 2228 ipsi
3411 2159 3583 2215 luere-

2008 2243 2171 2298 ditate
2192 2245 2538 2313 possidebunt
2558 2254 2751 2300 terram
2774 2265 2786 2310 ;
2812 2257 3053 2316 petamus
3078 2259 3134 2303 ut
3164 2250 3339 2304 veniat
3364 2265 3585 2321 regnum

2007 2335 2145 2403 ejus,
2171 2335 2287 2391 sive
2313 2337 2366 2391 in
2396 2352 2491 2391 nos
2520 2338 2682 2406 ipsos,
2710 2348 2767 2392 ut
2791 2341 3147 2408 mitescamns,
3172 2358 3268 2397 nec
3295 2343 3343 2397 ei
3370 2343 3586 2399 resista-

2008 2439 2168 2489 mus;
2201 2426 2313 2480 sive
2350 2426 2416 2480 de
2460 2428 2595 2481 coelo
2643 2428 2693 2481 in
2738 2439 2908 2484 terras
2956 2431 3008 2484 in
3052 2432 3290 2487 claritate
3330 2431 3583 2490 adventus

2010 2513 2244 2579 Domini,
2286 2530 2390 2584 quo
2432 2531 2529 2569 nos
2566 2518 2943 2587 gaudebimus,
2975 2528 3029 2575 et
3071 2522 3400 2579 laudabimur
3429 2526 3469 2593 ⁸,
3500 2525 3582 2581 di-

2008 2612 2161 2659 cente
2187 2605 2296 2668 illo,
2322 2604 2513 2671 Venite,
2541 2607 2785 2661 benedicti
2812 2608 2984 2664 Patris
3008 2612 3125 2677 mei,
3148 2615 3358 2683 accipite
3377 2632 3584 2687 regnum

2008 2696 2141 2766 quod
2170 2696 2304 2750 vobis
2337 2709 2572 2767 paratum
2599 2708 2672 2753 est
2700 2701 2764 2752 ab
2788 2701 2978 2770 origine
3001 2703 3176 2756 mundi
3207 2704 3419 2774 (Matth.
3447 2723 3579 2776 xxv,

2009 2787 2131 2855 54).
2173 2786 2238 2840 In
2276 2786 2499 2843 Domino
2533 2790 2673 2845 enim
2695 2833 2709 2857 ,
2754 2790 2923 2860 inquit
2957 2794 3210 2862 propheta
3234 2837 3246 2861 ,
3293 2797 3582 2854 laudabitur

2009 2878 2178 2931 anima
2200 2895 2340 2944 mea;
2361 2881 2571 2933 audiant
2592 2882 2752 2948 mites,
2768 2889 2813 2934 et
2822 2883 3167 2952 jucundentur
3187 2886 3205 2957 (
3224 2885 3367 2941 Psal.
3390 2904 3578 2957 χχχιιι,

2008 2966 2085 3038 Ξ).
2114 2968 2167 3023 Si
2192 2970 2408 3024 scientia
2440 2980 2522 3025 est
2548 2987 2648 3041 qua
2676 2972 2815 3027 beati
2841 2983 2964 3028 sunt
2988 2976 3075 3044 qui
3106 2977 3303 3047 lugent,
3331 2980 3577 3048 quoniam

2009 3060 2106 3130 ipsi
2133 3061 2581 3129 consolabuntur;
2609 3079 2822 3118 oremus
2850 3074 2905 3119 ut
2930 3066 3019 3121 ﬁat
3042 3068 3283 3122 voluntas
3307 3069 3419 3138 ejus
3444 3071 3579 3127 sicut

2008 3150 2062 3206 in
2088 3154 2223 3207 coelo
2247 3161 2300 3207 et
2330 3154 2381 3207 in
2414 3162 2549 3208 terra
2574 3197 2587 3220 ,
2620 3156 2741 3225 quia
2772 3172 2891 3211 cum
2917 3173 3112 3229 corpus
3139 3169 3384 3231 tanquam
3417 3139 3576 3231 terra,

2010 3244 2213 3310 spiritui
2247 3251 2491 3313 tanquam
2532 3246 2701 3311 coelo,
2734 3262 2936 3302 summa
2966 3258 3019 3303 et
3046 3259 3150 3303 tota
3191 3267 3319 3321 pace
3359 3269 3582 3310 consen-

2008 3335 2163 3400 serit,
2194 3350 2298 3389 non
2343 3336 2674 3405 lugebimus:
2708 3354 2829 3393 nam
2874 3342 3048 3395 nullus
3085 3342 3219 3397 alius
3256 3344 3411 3414 hujus
3441 3354 3580 3402 tem-

2008 3424 2151 3493 poris
2177 3425 2345 3479 luctus
2367 3434 2469 3493 est,
2496 3426 2598 3482 nisi
2618 3442 2738 3482 cum
2764 3429 3042 3485 adversum
3067 3447 3131 3488 se
3148 3433 3247 3488 ista
3271 3434 3575 3507 conﬂigunt,

2007 3523 2061 3569 et
2086 3523 2278 3584 cogunt
2313 3531 2411 3570 nos
2449 3516 2645 3583 dicere,
2688 3518 2842 3573 Video
2882 3521 3036 3577 aliam
3070 3523 3224 3594 legem
3258 3525 3312 3579 in
3348 3528 3579 3584 membris

2008 3607 2148 3672 meis,
2172 3618 2531 3678 repugnantem
2559 3610 2655 3680 tegi
2677 3614 2852 3666 mentis
2877 3629 3028 3678 mete;
3049 3624 3102 3669 et
3122 3615 3314 3670 luctum
3337 3628 3575 3674 nostrum

2007 3695 2301 3766 lacrymosa
2327 3714 2457 3754 voce
2485 3702 2700 3767 testari,
2730 3700 2891 3757 Miser
2918 3721 3007 3775 ego
3036 3707 3185 3761 homo
3203 3748 3217 3773 ,
3258 3710 3368 3779 quis
3403 3727 3480 3765 me
3516 3711 3579 3766 li-

2009 3787 2193 3841 berabit
2222 3789 2284 3841 de
2308 3805 2517 3859 corpore
2553 3793 2726 3846 mortis
2751 3794 2859 3862 ejus
2895 3792 3083 3867 (Rom.
3112 3813 3205 3865 vn,
3230 3798 3318 3865 25,
3350 3800 3496 3871 24)?
3521 3801 3577 3857 Si

2008 3876 2259 3933 fortitudo
2292 3888 2374 3934 est
2412 3896 2512 3951 qua
2556 3883 2695 3938 beati
2733 3892 2857 3939 sunt
2897 3886 2984 3955 qui
3024 3889 3263 3944 esuriant
3304 3900 3357 3946 et
3394 3893 3580 3949 sitiunt

2004 3968 2277 4039 justitiam,
2305 3973 2554 4042 quoniam
2583 3973 2682 4044 ipsi
2712 3976 3085 4032 saturabuntur
3109 3997 3122 4045 ;
3154 3994 3367 4037 oremus
3396 3992 3452 4038 ut
3480 4000 3576 4055 pa-

2009 4063 2090 4116 nis
2119 4071 2298 4118 noster
2321 4065 2659 4134 quotidianus
2704 4067 2859 4122 detur
2900 4069 3053 4124 nobis
3096 4071 3272 4137 hodie,
3315 4090 3420 4144 quo
3462 4076 3579 4133 fulti

2007 4162 2164 4223 atque
2210 4155 2507 4222 sustentati,
2551 4156 2617 4210 ad
2658 4157 3014 4225 plenissimam
3060 4160 3202 4217 illam
3250 4167 3575 4225 saturitatem

2007 4248 2188 4301 venire
2212 4249 2495 4317 possimus.
2526 4248 2583 4304 Si
2608 4251 2883 4305 consilium
2916 4260 2997 4306 est
3035 4268 3139 4323 quo
3164 4255 3301 4310 beati
3328 4268 3452 4313 sunt
3478 4262 3578 4315 mi-

2008 4340 2333 4404 sericordes,
2375 4342 2623 4409 quoniam
2665 4342 2898 4411 ipsorum
2939 4346 3310 4415 miserebitur;
3340 4352 3574 4410 dimitta-

2007 4445 2127 4484 mus
2155 4430 2329 4485 debita
2368 4431 2695 4487 debitoribus
2736 4436 2960 4502 nostris,
2991 4447 3045 4493 et
3083 4454 3295 4497 oremus
3324 4452 3383 4499 ut
3422 4447 3577 4503 nobis

2007 4531 2186 4575 nostra
2232 4522 2576 4577 dimittantur.
2608 4524 2665 4578 Si
2693 4525 2985 4582 intellectus
3022 4538 3102 4584 est
3138 4547 3241 4602 quo
3276 4534 3416 4591 beati
3452 4547 3576 4594 sunt

2008 4611 2188 4665 mundi
2225 4613 2385 4667 corde
2405 4654 2419 4678 ,
2446 4614 2692 4683 quoniam
2722 4615 2819 4685 ipsi
2848 4617 3011 4673 Deum
3043 4620 3335 4690 videbunt;
3362 4641 3577 4686 oremus

2007 4719 2112 4760 non
2138 4706 2312 4761 induci
2344 4708 2396 4762 in
2427 4708 2797 4777 tentationem,
2829 4728 2896 4767 ne
2924 4713 3209 4772 habeamus
3236 4720 3429 4791 duplex
3456 4737 3573 4793 eor,

2010 4812 2117 4851 non
2145 4800 2442 4868 appetendo
2472 4802 2691 4871 simplex
2716 4804 2933 4875 bonum,
2957 4823 3061 4878 quo
3084 4811 3372 4873 referamus
3398 4819 3574 4874 omnia

2007 4904 2123 4958 quae
2152 4905 2449 4960 operamur,
2470 4893 2562 4948 sed
2578 4895 2734 4950 simul
2772 4901 3074 4968 temporalia
3103 4911 3157 4961 et
3189 4913 3397 4962 terrena
3436 4909 3457 4942 ⁸
3484 4922 3574 4965 se-

2007 4981 2216 5036 ctando.
2270 4982 2611 5040 Tentationcs
2639 4986 2779 5041 enim
2831 4989 2898 5044 de
2935 4990 3016 5045 his
3050 4992 3207 5049 rebus
3243 5012 3361 5065 quin
3388 5013 3575 5069 gravu

2007 5083 2061 5128 et
2084 5075 2405 5130 calamitosa:
2429 5078 2674 5133 videntur
2699 5079 3023 5149 hominibus,
3047 5101 3151 5145 non
3178 5088 3232 5143 in
3258 5105 3353 5145 nos
3373 5092 3569 5159 valent,

2007 5166 2051 5221 si
2078 5181 2185 5221 non
2210 5168 2422 5225 valeant
2456 5169 2562 5225 illae
2586 5187 2703 5241 quae
2727 5171 2993 5231 blanditiis
3022 5192 3203 5233 earum
3230 5195 3406 5237 rerum
3430 5184 3574 5239 acci-

2008 5257 2154 5325 dunt,
2202 5275 2333 5331 quas
2377 5260 2619 5317 homines
2666 5263 2829 5320 bonas
2866 5274 2921 5322 et
2967 5268 3218 5329 iactandas
3266 5281 3469 5343 putant.
3518 5276 3573 5332 Si

2008 5350 2261 5419 sapientia
2306 5357 2388 5405 est
2428 5364 2531 5421 qua
2577 5352 2715 5413 beati
2757 5365 2880 5411 sunt
2924 5358 3146 5426 paciﬁci,
3177 5364 3423 5432 quoniam
3467 5365 3567 5434 ipsi

2009 5439 2100 5494 ﬁlii
2132 5440 2222 5493 Dei
2250 5441 2577 5495 vocabuntur
2603 5442 2813 5512 (Matth.
2846 5462 2901 5510 ν,
2931 5448 3086 5519 5-9);
3118 5464 3329 5507 Mettius
3358 5462 3413 5507 ut
3440 5455 3574 5510 libe-

2009 5546 2192 5585 remur
2217 5546 2245 5583 a
2275 5530 2413 5584 malo
2437 5549 2449 5584 :
2480 5532 2590 5600 ipsa
2617 5534 2757 5587 enim
2783 5535 3021 5592 liberatio
3053 5539 3246 5597 liberos
3271 5558 3368 5598 nos
3395 5543 3573 5615 faciet,

2009 5622 2062 5678 id
2081 5631 2163 5677 est
2183 5621 2320 5677 ﬁlios
2342 5622 2453 5688 Dei,
2474 5631 2532 5678 ut
2550 5625 2739 5693 spiritu
2758 5626 3057 5697 adoptionis
3080 5631 3388 5702 clamamus,
3412 5635 3572 5705 Abba,

2578 5784 2896 5850 ιαιιάαυιηικε·
2916 5802 3019 5853 ωηο
3038 5792 3502 5867 ειη
3523 5802 3581 5863 At

2074 5913 2093 5943 ³
2110 5918 2209 5957 nuo
2228 5921 2259 5954 ε
2273 5912 2401 5963 Vatia
2437 5917 2562 5967 lss.,
2579 5910 2914 5971 temporalt'aet
2928 5918 3123 5967 mia.
