4076 6480
510 438 648 496 1987

510 552 667 610 Pater
693 549 869 623 iRom.
895 565 1005 618 vnt,
1037 550 1124 618 15,
1151 557 1197 604 et
1222 547 1391 605 Galat.
1425 565 1500 614 iv,
1529 549 1607 621 6).

579 643 669 701 '59.
709 642 849 700 Sane
875 659 980 698 non
1018 641 1346 713 negligenter
1384 641 1807 712 praetereundum
1833 649 1917 697 est
1941 641 2084 712 quod

509 753 578 794 ex
601 736 846 793 omnibus
874 737 938 792 iis
975 737 1268 801 sententiis,
1301 737 1491 807 quibus
1517 752 1614 791 nos
1643 751 1797 790 orare
1828 736 2084 790 Dominus

511 830 793 902 prmcepit,
822 843 940 884 eam
968 828 1298 898 potissimum
1342 827 1814 883 commendandam
1856 843 1973 882 csse
1997 827 2085 896 ju-

510 922 722 985 dicavit,
747 937 863 992 quze
881 921 1112 992 pertinet
1137 921 1202 974 ad
1227 921 1593 975 dimissionem
1620 928 1952 989 peccatorum
1983 937 1995 972 :
2029 919 2080 972 in

509 1028 613 1084 qua
655 1027 753 1068 nos
798 1011 1170 1067 misericordes
1215 1026 1335 1066 esse
1375 1011 1557 1075 voluit,
1604 1009 1744 1080 quod
1791 1025 1951 1063 unum
2001 1017 2084 1063 est

509 1103 786 1159 consilium
815 1104 1055 1158 miserias
1084 1102 1357 1158 evadendi.
1389 1101 1443 1154 In
1484 1101 1626 1156 nulla
1658 1101 1799 1156 enim
1826 1101 1926 1155 alia
1961 1116 2082 1155 seu-

510 1194 675 1249 tentia
710 1194 790 1250 sic
826 1209 1070 1259 oramus,
1118 1203 1178 1248 ut
1203 1193 1356 1263 quasi
1398 1193 1727 1261 paciscamur
1766 1207 1886 1246 cum
1933 1192 2076 1245 Deo:

508 1286 733 1341 dicimus
755 1287 919 1352 enim,
949 1285 1152 1339 Dimitte
1182 1285 1321 1340 nobis
1345 1286 1471 1340 sicut
1496 1294 1542 1340 et
1568 1301 1656 1338 nos
1685 1284 1998 1337 dimittimus.
2024 1281 2082 1337 In

507 1392 610 1448 qua
642 1377 886 1446 pactione
911 1378 955 1432 si
985 1377 1292 1443 mentimur,
1323 1375 1486 1430 totius
1519 1375 1775 1430 orationis
1803 1374 1976 1428 nullus
2001 1381 2082 1428 est

507 1467 727 1523 fructus.
756 1467 844 1523 Sic
871 1470 1014 1524 enim
1043 1467 1207 1522 dicit:
1239 1466 1300 1522 Si
1329 1469 1460 1520 enim
1489 1466 1774 1520 dimiseritis
1800 1463 2082 1518 hominibus

507 1559 689 1615 delicta
712 1576 902 1627 eorum,
934 1559 1144 1614 dimittet
1169 1569 1216 1613 et
1241 1559 1376 1613 vobis
1409 1556 1560 1612 Pater
1583 1565 1740 1611 vester
1759 1556 1842 1627 qui
1861 1556 1915 1610 in
1943 1555 2081 1609 catis

507 1661 598 1706 est.
633 1651 692 1706 Si
730 1661 895 1705 autent
923 1667 1024 1705 non
1061 1650 1346 1704 dimiseritis
1376 1648 1658 1703 hominibus
1680 1689 1696 1716 ,
1732 1663 1890 1718 neque
1924 1644 2081 1701 Pater

505 1751 665 1796 vester
685 1742 900 1796 dimittet
927 1741 1061 1795 vobis
1088 1750 1289 1811 peccata
1315 1749 1494 1794 vestra.

577 1835 802 1890 CAPUT
822 1833 936 1889 XII.
959 1863 1031 1874 —
1047 1833 1137 1887 40.
1158 1832 1404 1902 Sequitur
1423 1831 1489 1886 de
1510 1829 1711 1901 jejunio
1732 1838 2075 1901 praeceptum,

509 1925 780 1996 pertinens
819 1925 885 1980 ad
925 1923 1164 1980 eamdem
1209 1923 1387 1978 cordis
1423 1923 1816 1977 inundationem
1837 1963 1853 1989 ,
1883 1921 1950 1976 de
1977 1937 2079 1992 qua

507 2033 648 2073 nunc
684 2019 875 2089 agitur.
905 2017 1037 2072 Nam
1075 2026 1129 2072 et
1156 2018 1208 2072 in
1247 2019 1347 2070 hoc
1373 2031 1534 2085 opere
1571 2015 1862 2070 cavendum
1901 2023 1984 2070 est
2011 2030 2078 2069 ne

506 2109 760 2179 subrepat
773 2109 947 2179 aliqua
964 2108 1246 2164 ostentatio
1267 2116 1319 2161 et
1339 2107 1602 2176 appetitus
1625 2105 1795 2160 laudis
1810 2106 2072 2171 humanae,

507 2198 596 2267 qui
631 2197 863 2266 duplicet
903 2211 1017 2264 cor,
1049 2205 1103 2251 et
1144 2211 1250 2251 non
1291 2197 1428 2249 sinat
1468 2195 1728 2249 mundum
1767 2204 1821 2250 et
1855 2195 2078 2263 simplex

507 2301 626 2341 esse
652 2286 717 2341 ad
743 2285 1142 2356 intelligendum
1174 2287 1360 2339 Deum.
1391 2303 1410 2336 ι
1444 2283 1573 2339 Cum
1604 2293 1781 2339 autem
1803 2284 2074 2354 jejunatis,

506 2378 696 2449 inquit,
729 2379 890 2433 nolite
914 2377 1046 2443 ﬁeri,
1077 2378 1215 2432 sicut
1244 2376 1556 2447 hypocrita},
1586 2376 1762 2430 tristes
1787 2393 1800 2428 :
1830 2375 2080 2430 extermi-

505 2477 633 2524 nant
670 2470 812 2524 enim
841 2469 1040 2523 vultum
1071 2483 1245 2532 suum,
1280 2477 1338 2522 ut
1365 2467 1641 2522 videantur
1667 2466 1970 2521 hominibus
1991 2465 2077 2536 je-

501 2561 767 2633 junantes.
811 2562 979 2616 Amen
1019 2561 1141 2615 dico
1177 2560 1354 2625 vobis,
1390 2566 1739 2629 perceperunt
1776 2557 2078 2613 mercedem

505 2667 676 2708 suam.
707 2651 815 2707 Vos
847 2661 1023 2707 autem
1061 2650 1364 2721 jejunantes
1392 2648 1571 2718 ungite
1597 2646 1768 2718 capita
1796 2655 1990 2712 vestra,
2024 2655 2081 2702 et

505 2744 667 2800 facies
701 2752 906 2799 vestras
934 2743 1146 2809 lavate,
1188 2756 1257 2796 ne
1293 2739 1578 2796 videamini
1617 2738 1918 2794 hominibus
1943 2738 2053 2809 jeju

504 2845 720 2902 nantes,
763 2834 858 2892 sed
896 2835 1038 2890 Patri
1081 2842 1264 2890 vestro
1305 2833 1396 2903 qui
1435 2842 1516 2887 est
1555 2832 1608 2886 in
1643 2831 1996 2887 abscondito:
2025 2838 2080 2887 et

508 2927 663 2982 Pater
689 2934 868 2982 vester
905 2927 994 2995 qui
1021 2925 1165 2980 videt
1200 2925 1254 2978 in
1279 2922 1611 2989 abscondito,
1643 2921 1832 2978 reddet
1855 2923 2021 2978 vobis.
2050 2940 2073 2977 ι

505 3016 838 3073 Manifestum
865 3026 948 3072 est
973 3015 1055 3070 his
1085 3015 1364 3086 praeceptis
1389 3029 1602 3069 omnem
1628 3023 1865 3069 nostram
1908 3015 2080 3070 inten-

505 3111 704 3166 tionem
732 3111 785 3165 in
814 3110 1065 3164 interiora
1090 3107 1278 3179 gaudia
1316 3107 1498 3177 dirigi,
1527 3122 1595 3162 ne
1622 3107 1752 3162 foris
1778 3115 2079 3178 quaerentes

503 3201 806 3259 mercedem
845 3201 968 3255 huic
1009 3200 1204 3256 saeculo
1239 3197 1656 3264 conformemur,
1684 3207 1738 3254 et
1777 3199 2080 3254 amittamus

505 3295 912 3367 promissionem
939 3303 1086 3348 tanto
1114 3291 1380 3348 solidioris
1403 3300 1560 3362 atque
1586 3291 1852 3358 firmioris,
1883 3301 2080 3362 quanto

504 3387 770 3444 interioris
794 3386 1153 3453 beatitudinis,
1178 3402 1279 3458 qua
1307 3401 1405 3441 nos
1427 3387 1588 3457 elegit
1616 3387 1755 3442 Deus
1778 3386 2079 3445 conformes

506 3483 620 3539 fieri
649 3481 892 3553 imaginis
920 3481 1040 3537 Filii
1067 3481 1181 3551 ejus
1211 3481 1384 3553 (Rom.
1409 3495 1524 3545 vin,
1549 3478 1666 3551 29).

574 3579 662 3634 41.
704 3577 760 3632 In
788 3576 889 3632 hoc
924 3584 1100 3631 autem
1126 3574 1358 3645 capitulo
1382 3574 1611 3628 maxime
1651 3573 2080 3630 animadverten-

504 3668 631 3724 dum
655 3677 757 3736 est,
780 3683 885 3722 non
907 3667 961 3722 in
987 3667 1104 3723 solo
1123 3681 1304 3721 rerum
1329 3680 1700 3735 corporearum
1728 3666 1899 3722 nitore
1917 3673 2080 3737 atque

506 3777 720 3833 pompa,
761 3760 855 3816 sed
900 3761 1058 3816 etiam
1102 3759 1156 3813 in
1201 3758 1328 3828 ipsis
1374 3757 1617 3813 sordibus
1664 3758 1916 3814 luctuosis
1959 3773 2080 3815 esse

506 3866 665 3922 posse
704 3850 1050 3921 jactantiam;
1101 3857 1156 3904 et
1198 3864 1264 3904 eo
1310 3848 1746 3919 periculosiorem
1771 3890 1786 3915 ,
1833 3863 1938 3919 quo
1979 3849 2080 3905 sub

507 3943 724 3997 nomine
759 3940 1030 3996 servitutis
1059 3939 1154 3994 Dei
1194 3938 1406 4008 decipit.
1438 3938 1538 4006 Qui
1576 3954 1702 4011 ergo
1732 3939 2079 3996 immoderato

507 4035 652 4090 cultu
686 4033 926 4104 corporis
961 4041 1123 4102 atque
1159 4031 1379 4087 vestitus
1419 4032 1504 4087 vel
1543 4041 1855 4088 caeterarum
1900 4047 2080 4088 rerum

506 4124 680 4180 nitore
703 4121 1000 4194 praifulget,
1028 4122 1180 4178 facile
1215 4122 1545 4177 convincitur
1572 4123 1730 4184 rebus
1755 4123 1903 4192 ipsis,
1930 4139 2082 4196 pom-

504 4231 690 4287 parum
735 4213 916 4271 saeculi
959 4229 1080 4269 esse
1125 4221 1389 4278 sectator,
1441 4227 1540 4268 nec
1584 4228 1902 4284 quemquam
1949 4214 2082 4270 fallit

505 4311 691 4366 dolosa
725 4307 954 4379 imagine
978 4307 1311 4362 sanctitatis:
1340 4307 1429 4377 qui
1456 4315 1632 4362 autem
1668 4307 1722 4361 in
1747 4306 2081 4378 professione

506 4400 917 4458 Christianitatis
945 4399 1195 4454 inusitato
1219 4399 1466 4469 squalore
1491 4413 1554 4454 ac
1579 4399 1824 4454 sordibus
1849 4399 2081 4457 intentos

505 4493 559 4548 in
601 4509 660 4548 se
700 4492 885 4547 oculos
925 4490 1198 4546 hominum
1231 4490 1369 4556 facit,
1403 4505 1523 4544 cum
1553 4490 1605 4544 id
1633 4491 1904 4546 voluntate
1930 4491 2076 4562 facit,

507 4600 615 4640 non
650 4584 966 4640 necessitate
995 4581 1193 4652 patitur
1211 4623 1225 4647 ,
1256 4583 1462 4636 exteris
1489 4582 1604 4652 ejus
1633 4583 1880 4651 operibus
1906 4592 2082 4653 potest

504 4677 696 4749 conjici
709 4685 883 4732 utrum
907 4676 1007 4730 hoc
1022 4683 1328 4744 contemptu
1343 4674 1590 4744 superflui
1607 4675 1799 4741 cultus,
1820 4691 1886 4730 an
1913 4676 2080 4730 ambi-

506 4770 654 4827 tione
680 4770 853 4840 aliqua
881 4767 1073 4833 faciat;
1113 4768 1232 4838 quia
1265 4777 1319 4822 et
1343 4767 1442 4822 sub
1469 4768 1624 4822 ovina
1650 4769 1786 4836 pelle
1810 4769 2080 4824 cavendos

504 4860 658 4933 lupos
702 4861 954 4916 Dominus
997 4859 1288 4930 praecepit;
1337 4859 1429 4914 sed
1473 4875 1534 4912 ea:
1578 4859 1840 4929 fructibus,
1889 4859 2076 4930 inquit,

506 4969 679 5008 eorum
717 4951 1020 5022 cognoscetis
1058 4967 1162 5005 eos.
1189 4948 1320 5005 Cum
1349 4949 1489 5004 enim
1519 4951 1780 5020 coeperint
1818 4951 2081 5020 aliquibus

505 5045 883 5102 tentationibus
920 5060 984 5100 ea
1025 5045 1138 5115 ipsa
1182 5044 1286 5098 illis
1329 5043 1568 5098 subtrahi
1606 5043 1689 5097 vel
1729 5045 1930 5115 negari,
1962 5061 2081 5115 qua:

504 5135 608 5193 isto
629 5138 893 5192 velamine
911 5136 994 5192 vel
1014 5135 1284 5191 consecuti
1304 5143 1447 5200 sunt,
1467 5134 1550 5189 vel
1570 5135 1822 5204 consequi
1843 5136 2077 5204 cupiunt,

505 5239 631 5284 tunc
654 5243 870 5284 necesse
908 5239 990 5284 est
1013 5234 1266 5299 appareat
1293 5236 1470 5281 utrum
1504 5226 1659 5296 lupus
1686 5225 1739 5280 in
1765 5225 1920 5280 ovina
1946 5226 2082 5295 pelle

505 5323 594 5390 sit,
619 5338 684 5376 an
713 5323 827 5378 ovis
848 5323 899 5377 in
929 5337 1044 5377 sua.
1073 5321 1186 5376 Non
1208 5322 1352 5377 enim
1378 5329 1658 5391 propterea
1677 5328 1865 5376 ornatu
1891 5335 2080 5391 super-

504 5413 610 5468 ﬂuo
656 5413 813 5469 debet
859 5421 1104 5483 aspectus
1143 5412 1416 5468 hominum
1466 5412 1700 5467 mulcere
1742 5411 2078 5479 Christianus,

503 5504 624 5575 quia
658 5504 804 5558 illum
831 5519 1047 5574 parcum
1080 5503 1318 5558 habitum
1343 5517 1406 5558 ac
1433 5503 1794 5558 necessarium
1825 5503 1983 5558 etiam
2011 5503 2084 5556 si-

506 5596 794 5651 mulatores
839 5597 1032 5666 sapius
1075 5602 1352 5665 usurpant,
1390 5602 1448 5660 ut
1492 5595 1732 5650 incautos
1777 5593 2079 5664 decipiant:

505 5689 627 5759 quia
655 5699 710 5744 et
737 5690 838 5745 illae
867 5705 994 5746 oves
1023 5704 1129 5745 non
1157 5689 1355 5745 debent
1381 5687 1551 5759 pelles
1576 5702 1699 5743 suas
1725 5686 2010 5758 deponere,
2038 5688 2085 5744 si

505 5779 788 5850 :liquando
815 5783 895 5837 eis
923 5783 1030 5853 lupi
1057 5796 1115 5838 se
1143 5790 1446 5852 contegunt.

575 5872 664 5930 42.
690 5872 864 5942 Quaeri
892 5888 1019 5945 ergo
1055 5874 1193 5931 solet
1219 5872 1345 5944 quid
1372 5874 1442 5930 sit
1461 5872 1607 5946 quod
1631 5873 1736 5942 ait,
1776 5871 1876 5929 Vos
1917 5880 2084 5931 autem

1317 436 1404 492 DE
1442 429 1764 493 SERMONE
1806 435 2039 493 DOMINI
2078 435 2145 493 IN
2184 433 2436 500 MONTE,
2475 431 2531 492 S.
2571 430 2936 492 AUGUSTINI

3619 443 3759 503 1288

2191 565 2305 602 cum
2319 549 2586 621 jejunatis,
2615 549 2785 618 ungite
2811 550 2978 620 capita
2996 556 3178 616 vestra,
3209 558 3259 605 et
3285 551 3439 622 facies
3463 566 3651 613 vestras
3673 560 3722 615 Ia
3741 593 3770 605 -

2193 652 2322 707 vate,
2359 660 2420 696 ne
2461 643 2727 697 videamini
2771 642 3052 696 hominibus
3092 644 3402 714 jejunantes.
3453 649 3567 704 Non
3623 655 3768 707 enim

2189 733 2448 804 quispiam
2477 743 2622 790 recte
2644 735 2974 804 praeceperit,
2990 737 3228 804 quamvis
3251 735 3440 794 faciem
3461 742 3766 810 quotidiana

2153 827 2567 882 ~consuetudine
2613 829 2877 893 lavemus,
2936 828 3108 883 unctis
3151 831 3309 884 etiam
3344 833 3608 903 capitibus
3643 850 3764 890 cum

2181 917 2501 988 jejunamus,
2552 934 2649 974 nos
2693 935 2811 975 esse
2858 920 3073 976 debere.
3123 921 3274 989 Quod
3321 923 3366 977 si
3402 927 3765 994 turpissimum

2187 1022 2372 1063 omnes
2420 1009 2667 1076 fatentur,
2721 1011 3116 1080 intelligendum
3155 1021 3238 1067 est
3289 1012 3392 1068 hoc
3441 1027 3768 1086 praeceptum

2191 1103 2417 1172 ungendi
2445 1111 2621 1172 caput,
2656 1112 2708 1157 et
2745 1103 2932 1158 faciem
2965 1105 3204 1171 lavandi,
3229 1105 3295 1160 ad
3333 1107 3641 1162 interiorem
3671 1109 3768 1162 ho-

2185 1193 2380 1248 minem
2420 1195 2705 1263 pertinere.
2745 1193 2951 1264 Ungere
2995 1209 3122 1265 ergo
3171 1206 3358 1266 caput,
3410 1198 3476 1252 ad
3527 1199 3764 1256 laetitiam

2186 1284 2447 1353 pertinet;
2479 1285 2654 1338 lavare
2681 1293 2856 1338 autem
2889 1285 3096 1353 faciem,
3115 1286 3180 1340 ad
3198 1287 3507 1342 munditiam
3533 1307 3545 1341 :
3571 1297 3626 1345 et
3646 1291 3766 1346 ideo

2184 1383 2342 1444 caput
2366 1375 2512 1445 ungit
2539 1375 2629 1444 qui
2661 1375 2870 1429 laetatur
2898 1375 3118 1431 interius
3140 1385 3320 1431 mente
3346 1386 3505 1446 atque
3532 1379 3761 1434 ratione.

2184 1467 2297 1523 Hoc
2348 1468 2489 1523 enim
2537 1476 2683 1523 recte
2732 1468 3022 1538 accipimus
3070 1478 3249 1538 caput,
3298 1468 3440 1539 quod
3484 1470 3536 1523 in
3588 1471 3765 1525 anima

2185 1559 2513 1630 praeminet,
2541 1568 2596 1614 et
2633 1575 2738 1630 quo
2777 1568 2966 1614 caetera
2998 1559 3228 1614 hominis
3255 1561 3367 1630 regi
3396 1568 3450 1613 et
3475 1561 3765 1630 gubernari

2185 1652 2519 1708 manifestum
2547 1661 2646 1707 est.
2676 1653 2742 1706 Et
2766 1652 2867 1706 hoc
2894 1651 3018 1706 facit
3043 1651 3131 1721 qui
3159 1667 3264 1706 non
3292 1651 3421 1705 foris
3452 1653 3642 1722 quzerit
3668 1653 3765 1706 Iaz-

2184 1745 2371 1811 titiam,
2417 1754 2474 1799 ut
2509 1745 2577 1799 de
2616 1743 2861 1799 laudibus
2889 1744 3161 1799 hominum
3191 1744 3473 1798 carnaliter
3513 1742 3761 1813 gaudeat.

2182 1835 2319 1891 Caro
2347 1837 2488 1891 enim
2516 1851 2636 1905 quae
2665 1835 2900 1905 subjecta
2937 1849 3056 1890 esse
3083 1834 3279 1902 debet,
3312 1834 3458 1889 nullo
3495 1834 3655 1889 modo
3681 1824 3765 1889 est

2184 1929 2346 1983 totius
2375 1937 2573 1983 natura:
2600 1928 2845 1983 humana:
2879 1937 3055 1998 caput.
3100 1925 3265 1982 Nemo
3293 1929 3506 1998 quidem
3540 1944 3766 1997 unquam

2182 2036 2384 2073 carnem
2422 2035 2567 2072 suam
2606 2019 2721 2073 odio
2757 2018 2966 2085 habuit,
2995 2020 3132 2074 sicut
3153 2019 3440 2089 Apostolus
3464 2019 3612 2086 dicit,
3640 2034 3766 2074 cum

2181 2110 2249 2165 de
2288 2110 2552 2180 diligenda
2595 2125 2760 2166 uxore
2786 2110 3026 2181 praecipit
3066 2109 3281 2180 (Ep/aes.
3317 2125 3367 2174 v,
3397 2109 3590 2180 ἢεί-55)
3622 2127 3636 2163 :
3665 2109 3766 2165 sed

2181 2212 2338 2271 caput
2365 2202 2601 2256 mulieris
2625 2203 2725 2266 vir,
2757 2202 2839 2256 cui
2869 2202 2982 2256 viro
3010 2210 3167 2270 caput
3192 2209 3274 2256 est
3303 2200 3543 2255 Christus
3570 2201 3615 2272 (I
3639 2200 3762 2254 Cor.

2182 2309 2233 2346 xi
2257 2333 2270 2358 ,
2307 2294 2382 2362 '5).
2429 2276 2653 2348 Interius
2683 2308 2810 2364 ergo
2835 2292 3060 2362 gaudeat
3085 2293 3138 2346 in
3159 2293 3361 2362 jejunio
3399 2306 3518 2356 suo,
3545 2306 3610 2346 eo
3638 2291 3762 2362 ipso

2181 2397 2285 2451 quo
2308 2383 2384 2436 sic
2409 2397 2467 2437 se
2490 2383 2777 2452 jejunando
2819 2384 3010 2438 avertit
3045 2399 3074 2436 a
3111 2383 3380 2452 voluptate
3408 2382 3590 2437 sarculi
3611 2389 3669 2436 ut
3687 2382 3765 2436 sit

2181 2471 2424 2526 subditus
2453 2472 2683 2538 Christo,
2713 2474 2803 2542 qui
2826 2473 3116 2528 secundum
3139 2473 3239 2528 hoc
3261 2483 3583 2543 praeceptum
3601 2481 3765 2544 caput

2183 2573 2395 2618 unctum
2440 2563 2635 2620 habere
2659 2565 2946 2620 desiderat.
2973 2565 3048 2620 Ita
3075 2565 3218 2621 enim
3247 2575 3300 2620 et
3328 2565 3516 2620 faciem
3541 2565 3761 2632 lavabit,

2181 2651 2235 2707 id
2264 2662 2365 2720 est,
2393 2669 2487 2708 cor
2512 2655 2808 2722 mundabit,
2839 2671 2943 2726 quo
2971 2656 3181 2710 visurus
3207 2665 3289 2711 est
3317 2657 3513 2723 Deum,
3545 2671 3653 2711 non
3679 2658 3765 2711 in-

2181 2746 2440 2814 terposito
2468 2745 2728 2800 velamine
2767 2755 2984 2816 propter
3031 2748 3388 2803 infirmitatem
3431 2757 3764 2804 contractam

2181 2834 2249 2892 de
2277 2836 2552 2903 sordibus;
2576 2837 2670 2893 sed
2696 2838 2879 2893 firmus
2907 2847 2962 2895 et
2989 2839 3213 2905 stabilis,
3244 2841 3492 2909 quoniam
3531 2839 3764 2895 mundus

2181 2935 2234 2982 et
2261 2927 2509 2998 simplex.
2536 2927 2820 2994 Laoamini,
2849 2929 3037 3000 inquit,
3066 2931 3240 2984 mundi
3265 2941 3434 2997 estote,
3457 2935 3654 3002 auferte
3673 2948 3764 2986 ne-

2181 3019 2362 3086 quitias
2399 3020 2462 3073 ab
2509 3021 2692 3076 animis
2718 3023 2922 3090 uestris,
2953 3032 3100 3092 atque
3127 3040 3158 3075 a
3185 3031 3453 3092 conspectu
3495 3021 3764 3076 oculorum

2182 3125 2407 3164 meorum
2441 3109 2592 3182 (Isai.
2636 3127 2674 3178 ι,
2707 3110 2821 3182 16).
2863 3112 2944 3167 Ab
2988 3113 3071 3168 his
3121 3114 3279 3183 igitur
3319 3114 3567 3169 sordibus
3594 3114 3763 3170 facies

2182 3211 2365 3256 nostra
2384 3201 2604 3258 lavanda
2629 3212 2730 3269 est,
2748 3203 2935 3274 quibus
2956 3205 3048 3260 Dei
3069 3213 3314 3274 aspectus
3330 3204 3634 3259 offenditur.
3651 3205 3761 3260 Nos

2182 3293 2324 3349 enim
2352 3295 2583 3350 revelata
2613 3293 2745 3349 facie
2772 3295 2993 3364 gloriam
3039 3295 3244 3351 Domini
3289 3297 3623 3366 speculantes
3645 3336 3661 3362 ,
3703 3297 3761 3350 in

2185 3385 2427 3440 eamdem
2467 3384 2748 3455 imaginem
2781 3385 3273 3440 transformabimur
3295 3385 3362 3458 (ll
3387 3384 3504 3440 Cor.
3531 3402 3608 3451 in,
3644 3386 3756 3456 18).

2250 3477 2342 3532 45.
2367 3475 2520 3548 Saepe
2547 3477 2706 3532 etiam
2743 3476 2989 3547 cogitatio
3029 3477 3446 3532 necessariarum
3483 3491 3662 3532 rerum
3690 3477 3761 3532 ad

2181 3566 2338 3625 istam
2367 3569 2529 3624 vitam
2555 3570 2952 3639 pertinentium,
2981 3571 3180 3625 sauciat
3204 3579 3259 3624 et
3278 3569 3512 3625 sordidat
3539 3571 3763 3625 interio-

2181 3676 2295 3717 rem
2339 3661 2553 3716 oculum
2595 3671 2864 3727 nostrum;
2891 3670 2944 3716 et
2971 3661 3281 3731 plerumque
3305 3676 3398 3717 cor
3420 3662 3670 3732 duplicat,
3703 3671 3763 3717 ut

2181 3767 2245 3808 ea
2274 3769 2392 3824 quae
2418 3753 2663 3809 videmur
2685 3768 2804 3808 cum
2833 3752 3135 3808 hominibus
3165 3763 3310 3808 recte
3337 3752 3532 3822 facere,
3564 3771 3671 3809 non
3692 3768 3760 3809 eo

2183 3843 2344 3899 corde
2367 3843 2622 3899 faciamus
2651 3859 2755 3914 quo
2785 3844 3040 3898 Dominus
3072 3844 3340 3913 prrccipit,
3388 3844 3440 3898 id
3483 3853 3599 3910 est,
3647 3859 3757 3900 non

2181 3936 2305 4006 quia
2346 3951 2438 3991 eos
2467 3935 2732 4006 diligimus
2755 3975 2771 4000 ,
2807 3934 2902 3990 sed
2941 3935 3062 4004 quia
3091 3934 3426 3990 commodum
3456 3935 3523 3989 ab
3552 3935 3631 3990 eis
3655 3935 3758 3989 ali-

2182 4027 2323 4098 quod
2372 4037 2585 4099 pr0pter
2634 4028 3003 4084 necessitatem
3048 4029 3327 4097 praesentis
3371 4029 3495 4083 vita:
3535 4027 3761 4094 adipisci

2181 4120 2444 4175 volumus.
2477 4119 2736 4176 Debemus
2759 4129 2935 4175 autem
2967 4120 3277 4176 benefacere
3301 4120 3406 4175 illis
3430 4130 3645 4190 propter
3666 4136 3756 4176 sa«

2184 4211 2347 4266 lutem
2375 4213 2608 4281 ipsorum
2633 4222 2904 4277 :eternam,
2933 4228 3038 4267 non
3062 4221 3277 4283 propter
3303 4213 3592 4284 temporale
3613 4227 3758 4268 com-

2182 4305 2401 4361 modum
2437 4315 2695 4361 nostrum.
2730 4306 2949 4362 lnclinet
2972 4321 3100 4377 ergo
3126 4307 3265 4362 Deus
3291 4323 3384 4362 cor
3421 4317 3660 4363 nostrum
3704 4308 3758 4363 in

2183 4396 2487 4451 testimonia
2515 4411 2630 4463 sua,
2661 4405 2716 4452 et
2741 4412 2849 4451 non
2879 4397 2931 4452 in
2955 4398 3366 4452 emolumentum
3384 4396 3553 4469 (Psaf.
3576 4413 3755 4466 cxvm,

2183 4489 2296 4560 56).
2321 4489 2465 4544 Finis
2488 4490 2629 4544 enim
2657 4491 2904 4560 praecepti
2933 4499 3014 4546 cst
3040 4491 3269 4546 cbaritas
3299 4492 3364 4546 de
3391 4492 3552 4547 corde
3581 4507 3714 4563 puro
3735 4533 3753 4561 ,

2182 4589 2238 4636 et
2263 4583 2584 4637 conscientia
2615 4582 2750 4638 bona
2770 4624 2784 4650 ,
2824 4591 2879 4637 et
2917 4582 3021 4638 fide
3061 4577 3166 4637 non
3206 4584 3326 4638 ficta
3355 4584 3411 4655 (Ι
3437 4584 3569 4638 Tim.
3600 4601 3637 4652 ι,
3673 4585 3753 4657 5).

2182 4673 2283 4741 Qui
2321 4683 2494 4730 autem
2539 4683 2758 4744 propter
2803 4690 2952 4729 suam
2998 4676 3050 4729 in
3096 4676 3195 4730 hac
3240 4677 3347 4730 vita
3385 4679 3756 4732 necessitatem

2183 4765 2329 4820 fratri
2356 4766 2622 4830 consulit,
2675 4782 2780 4820 non
2826 4767 3008 4836 utique
3052 4767 3307 4822 charitate
3343 4769 3605 4834 consulit;
3637 4769 3758 4838 quia

2184 4871 2291 4912 non
2316 4857 2414 4922 illi,
2446 4872 2603 4927 quem
2631 4856 2789 4912 debet
2813 4865 3058 4927 tanquam
3105 4859 3334 4928 seipsum
3363 4859 3581 4930 diligere
3605 4900 3621 4926 ,
3665 4859 3760 4917 Sed

2182 4950 2281 5006 sibi
2323 4951 2550 5004 consulit
2601 4969 2615 5004 :
2665 4949 2749 5005 vel
2793 4951 2967 5020 potius
3012 4965 3106 5006 nec
3146 4950 3286 5016 sibi;
3335 4952 3760 5022 quandoquidem

2183 5042 2307 5098 hinc
2325 5043 2425 5098 sibi
2454 5043 2576 5097 facit
2594 5043 2790 5112 duplex
2819 5057 2932 5109 cor,
2957 5058 3060 5113 quo
3087 5043 3370 5113 impeditur
3388 5045 3457 5099 ad
3476 5044 3763 5100 videndum

2184 5133 2378 5194 Deum;
2415 5134 2468 5188 in
2513 5148 2614 5204 qua
2653 5134 2766 5188 sola
2802 5135 3006 5190 visione
3034 5133 3302 5192 beatitudo
3323 5145 3404 5192 est
3435 5145 3575 5192 certa
3606 5146 3764 5206 atque

2187 5232 2457 5295 perpetua.
3523 5299 3526 5301 Δ

2252 5313 2477 5370 CAPUT
2515 5313 2654 5370 XIII.
2689 5344 2760 5358 ς·-
2786 5315 2874 5371 44.
2910 5314 3075 5373 Recte
3098 5331 3225 5388 ergo
3257 5317 3516 5388 sequitur,
3544 5325 3598 5373 et
3627 5332 3766 5387 prae-

2183 5406 2338 5476 cipit,
2385 5407 2477 5477 qui
2522 5407 2824 5463 mandando
2865 5408 3011 5463 cordi
3064 5419 3246 5465 nostro
3297 5409 3491 5476 instat,
3533 5409 3764 5464 dicens:

2193 5517 2211 5552 ‹
2245 5500 2420 5556 Nolite
2447 5501 2599 5557 vobis
2635 5500 2866 5556 condere
2895 5502 3172 5558 thesauros
3209 5503 3262 5557 in
3307 5509 3468 5567 terra,
3505 5501 3597 5557 ubi
3626 5502 3766 5556 tinea

2185 5600 2242 5648 et
2265 5601 2564 5648 comestura
2590 5593 2944 5648 exterminant
2975 5594 2991 5624 ί
3008 5635 3024 5660 ,
3053 5602 3108 5648 et
3141 5593 3231 5648 ubi
3259 5592 3408 5649 fures
3431 5592 3687 5648 effodiunt
3713 5599 3769 5647 et

2250 5758 2266 5822 ξ
2292 5757 2363 5822 sic
2380 5756 2562 5806 habent
2590 5761 2697 5804 Mss.
2726 5761 2778 5804 et
2805 5763 3140 5822 ttar.,necno_n
3171 5758 3426 5822 Cyprianus
3448 5757 3498 5804 in
3520 5753 3604 5803 lib.
3641 5754 3687 5813 5,
3709 5752 3768 5822 ad

2185 5819 2446 5878 Quirinum.
2488 5826 2544 5867 At
2567 5827 2664 5866 Am.
2699 5823 2773 5866 Er.
2798 5825 2848 5866 et
2871 5825 3000 5877 l.ov.,
3024 5819 3106 5868 ubi
3125 5817 3289 5872 teriam
3309 5825 3354 5866 et
3385 5817 3512 5868 tinea
3543 5817 3769 5866 extentat-

2187 5888 2323 5945 nant,
2341 5888 2387 5932 et
2408 5879 2594 5943 reliqua
2623 5882 2948 5944 :suppressis,
2974 5888 3029 5932 ut
3049 5879 3227 5945 solent,
3248 5884 3442 5932 cteteris
3477 5878 3639 5931 verbis
3652 5885 3772 5931 serv
