4076 6474
230 388 367 449 1289

227 503 468 557 furantur
519 513 533 549 :

228 592 386 657 cmlo,
413 589 501 644 ubi
529 600 701 657 neque
725 585 863 639 tinea
896 594 1068 650 neque
1094 585 1395 635 comestura
1425 574 1802 637 exterminant,

223 676 283 739 et
306 682 396 737 ubi
421 679 567 735 fures
591 691 698 732 non
725 673 982 730 effodiunt
1006 685 1106 727 nec
1133 670 1397 725 furantur.
1424 666 1528 723 Ubi
1555 665 1698 720 enim
1722 671 1807 719 est

230 772 509 828 thesaurus
557 777 709 829 tuus,
760 764 833 818 ibi
876 762 979 818 erit
1013 769 1067 816 et
1105 774 1198 816 cor
1225 768 1393 814 tuum.
1435 774 1454 808 ο
1488 754 1631 825 Ergo
1664 752 1711 808 si
1751 752 1806 808 in

230 872 370 925 terra
399 861 495 913 erit
522 872 647 922 cor,
692 855 743 909 id
777 862 859 909 est
880 895 896 921 ,
941 853 987 907 si
1027 866 1092 907 eo
1119 849 1280 906 corde
1306 847 1529 917 quisque
1555 850 1807 915 operetur

230 950 443 1020 aliquid,
476 957 534 1003 ut
576 956 844 1002 terrenum
895 942 1233 999 commodum
1280 939 1625 1009 adipiscatur,
1669 948 1805 1005 quo-

230 1040 390 1109 modo
413 1039 514 1093 erit
538 1036 813 1100 mundum,
834 1032 1046 1103 quodin
1073 1039 1213 1085 terra
1237 1025 1535 1083 volutatur?
1554 1025 1610 1081 Si
1629 1034 1807 1078 autem

230 1132 280 1184 iu
308 1130 467 1201 casio,
498 1126 754 1181 mundum
776 1124 897 1189 crit,
924 1122 1046 1192 quia
1083 1119 1280 1175 munda
1306 1127 1429 1173 sunt
1460 1129 1807 1187 qnmcumque

228 1223 487 1283 cmlestia.
520 1218 791 1276 Sordcscit
823 1217 965 1271 enim
1003 1213 1200 1284 aliquid
1221 1255 1235 1278 ,
1265 1228 1385 1267 eum
1440 1208 1805 1264 infcriori-mi-

229 1323 406 1381 scctur
440 1321 663 1373 naturae,
704 1306 944 1378 quamvis
972 1307 1023 1359 in
1060 1318 1157 1365 suo
1179 1317 1374 1372 genere
1400 1316 1502 1353 non
1534 1297 1803 1361 sordidzn;

228 1404 352 1474 quia
398 1402 558 1457 etiam
606 1399 674 1453 de
721 1388 874 1467 puro'
907 1402 1126 1465 argento
1173 1390 1474 1455 sordidatur
1507 1402 1725 1454 aurum,
1762 1386 1809 1439 si

230 1496 515 1551 misceatur
549 1510 561 1545 :
594 1492 665 1545 ita
693 1497 747 1545 et
773 1474 982 1542 animus
1027 1491 1209 1539 noster
1240 1491 1571 1543 terrenorum
1606 1478 1810 1549 cupidi-

231 1594 337 1656 tate
361 1583 640 1651 sordescit,
658 1580 901 1651 quamvis
926 1578 1038 1647 ipsa
1064 1583 1207 1630 terra
1233 1574 1285 1629 in
1305 1587 1403 1628 suo
1428 1586 1626 1642 genere
1649 1577 1807 1640 atque

229 1679 419 1737 ordine
446 1676 644 1732 munda
686 1674 775 1728 sit.
806 1671 1015 1727 leum
1053 1678 1229 1723 autem
1261 1667 1364 1721 hoc
1389 1666 1510 1721 loco
1535 1679 1641 1719 non
1684 1677 1807 1718 eor-

230 1783 452 1840 poreum
503 1765 905 1836 acceperimus,
947 1762 1069 1832 quia
1113 1774 1274 1814 omne
1318 1742 1512 1828 corpus
1548 1771 1645 1826 pro
1672 1764 1809 1810 terra

230 1859 534 1915 habendum
580 1866 681 1912 est.
721 1854 915 1910 Totum
965 1853 1104 1907 enim
1134 1849 1384 1904 mundum
1424 1847 1581 1903 debet
1630 1854 1814 1901 conte-

230 1966 437 2016 mnere,
459 1950 549 2020 qui
574 1948 675 2002 sibi
706 1944 1027 2001 thesaurizat
1059 1944 1111 1996 in
1129 1942 1287 1998 cmlo.
1312 1939 1369 1995 ln
1397 1940 1489 1994 illo
1510 1953 1639 2009 ergo
1670 1938 1809 1993 coelo

230 2044 298 2099 de
325 2058 433 2113 quo
457 2042 655 2097 dictum
687 2048 790 2103 est,
822 2037 1012 2092 Caelum
1050 2034 1164 2089 caeli
1199 2033 1420 2087 Domino
1463 2031 1633 2105 (Psal.
1659 2046 1809 2095 cxm,

234 2136 404 2205 16),id
425 2134 577 2191 estin
597 2133 929 2187 firmamento
941 2127 1221 2199 spirituali,
1234 2141 1341 2183 non
1360 2128 1501 2183 enim
1520 2125 1571 2179 in
1592 2139 1658 2193 eo
1672 2124 1812 2191 quod

231 2228 475 2293 transiet,
502 2225 825 2281 constituere
857 2229 911 2277 et
937 2221 1199 2276 collocare
1224 2218 1480 2273 debemus
1504 2216 1815 2271 thesaurum

234 2326 476 2377 nostrum
496 2324 547 2370 et
568 2330 661 2370 cor
678 2321 938 2375 nostrum,
960 2310 1055 2366 sed
1073 2309 1124 2364 in
1146 2322 1212 2363 eo
1226 2306 1366 2375 quod
1381 2313 1810 2375 sempermanet:

234 2408 427 2467 cmlum
452 2413 626 2459 autem
662 2412 715 2457 et
748 2410 886 2466 terra
914 2395 1411 2467 transienttMatth.
1440 2394 1714 2464 xxiv,55).

290 2496 480 2569 .45.Et
496 2494 581 2549 hic
608 2491 911 2547 manifestat
934 2490 1001 2545 de
1027 2486 1331 2543 mandando
1353 2485 1515 2541 corde
1540 2500 1599 2540 se
1624 2494 1816 2541 cuncta

234 2587 349 2657 ista
381 2584 708 2655 praecipere,
754 2596 874 2636 cum
908 2579 1079 2635 dicit:
1119 2595 1138 2629 ‹
1176 2577 1413 2632 Lucerna
1459 2576 1699 2645 corporis
1742 2574 1816 2628 tui

236 2678 423 2737 oculus
449 2683 569 2731 tuus
594 2682 695 2729 est.
734 2672 790 2729 Si
831 2685 960 2741 ergo
996 2670 1182 2726 oculus
1210 2679 1330 2724 tuus
1356 2668 1580 2737 simplex
1619 2666 1815 2731 fuerit,

236 2775 410 2837 totum
430 2779 623 2835 corpus
640 2774 784 2818 tuum
803 2761 1036 2817 lucidum
1062 2760 1184 2816 erit.
1209 2758 1267 2815 Si
1291 2766 1466 2814 autem
1490 2757 1676 2813 oculus
1698 2764 1819 2811 tuus

238 2871 468 2929 nequam
506 2863 607 2919 est,
641 2863 808 2910 totum
834 2866 1028 2921 corpus
1053 2859 1203 2905 tuum
1233 2848 1573 2905 tenebrosam
1610 2846 1732 2902 erit.
1762 2846 1819 2903 Si

236 2934 369 3019 ergo
401 2947 580 3002 lumen
621 2943 762 3015 quod
800 2944 855 2998 in
892 2951 945 2997 te
978 2950 1094 3006 est,
1116 2939 1365 3008 tenebrat
1402 2945 1546 3005 sunt,
1588 2937 1819 2993 tenebrae

238 3036 492 3118 quanta)?
527 3054 546 3089 ι
577 3035 676 3103 Qui
703 3035 853 3089 locus
888 3032 966 3087 sic
998 3029 1372 3103 intelligendus
1399 3037 1502 3094 est,
1527 3035 1585 3089 ut
1605 3029 1817 3088 noveri-

240 3146 362 3188 mus
403 3129 580 3185 omnia
612 3141 774 3197 opera
811 3133 990 3180 nostra
1018 3132 1145 3178 tunc
1169 3136 1290 3177 esse
1317 3121 1512 3176 munda
1534 3128 1589 3176 ει
1611 3120 1821 3189 placere

241 3208 292 3278 iu
320 3229 609 3291 conspectu
640 3219 768 3282 Dei,
812 3217 857 3271 si
896 3216 1025 3270 fiant
1067 3213 1292 3284 simplici
1318 3213 1499 3279 corde,
1529 3212 1581 3267 id
1605 3220 1705 3276 εει,
1734 3211 1819 3267 in-

241 3316 479 3389 tentione
515 3325 743 3381 superna
784 3308 887 3363 fine
926 3308 1016 3361 illo
1061 3306 1361 3371 charitatis;
1401 3305 1522 3374 quia
1559 3312 1613 3360 et
1647 3304 1822 3373 pleni-

242 3406 375 3465 tudo
403 3403 534 3474 legis
560 3400 789 3456 Charitas
818 3398 994 3469 (Rom.
1035 3412 1150 3462 xm,
1196 3395 1308 3467 10).
1335 3395 1555 3450 Oculum
1585 3409 1713 3465 ergo
1737 3394 1824 3450 hic

242 3497 488 3573 accipere
530 3492 785 3548 debemus
828 3491 995 3558 ipsam
1038 3487 1384 3549 intentionem
1435 3501 1539 3558 qua
1584 3485 1825 3563 facimus

244 3584 499 3656 quidquid
542 3581 763 3636 facimus
795 3597 808 3633 :
844 3593 963 3652 qua:
1005 3577 1051 3632 si
1093 3576 1289 3649 munda
1319 3575 1476 3637 fuerit
1497 3583 1550 3631 et
1571 3584 1738 3643 recta,
1769 3585 1825 3631 et

245 3661 377 3729 illud
414 3672 677 3751 aspiciens
705 3669 844 3740 quod
885 3666 1245 3749 aSpicicndum
1289 3673 1401 3733 est;
1444 3666 1622 3749 omnia
1663 3679 1824 3736 opera

246 3746 449 3830 uestra,
477 3742 595 3835 quae
639 3742 931 3818 secundum
968 3775 1087 3815 eam
1128 3773 1439 3831 operamur,
1481 3742 1703 3817 necesse
1739 3765 1823 3813 est

247 3858 388 3936 bona
410 3855 534 3911 sint.
557 3852 885 3931 Quaapmnia
913 3866 1075 3927 opera
1099 3857 1266 3905 totum
1290 3864 1483 3919 corpus
1502 3849 1818 3921 appellavit;

248 3948 371 4021 quia
400 3955 454 4001 et
481 3944 763 4014 Apostolus
792 3941 1025 4016 membra
1053 3950 1235 3996 nostra
1262 3939 1389 3995 dicit
1413 3939 1656 4010 quaedam
1682 3955 1820 4010 ope-

249 4023 328 4102 ra,
352 4052 472 4106 qua:
505 4034 803 4104 improbat,
843 4040 899 4087 ει
940 4030 1304 4095 mortificanda
1330 4029 1571 4099 prtecipit
1599 4028 1818 4097 dicens,

253 4127 560 4197 Mortiﬁcate
583 4142 698 4196 ergo
726 4123 947 4201 membra
970 4131 1133 4176 vestra
1157 4136 1271 4188 quae
1302 4129 1420 4174 sunt
1446 4136 1596 4192 super
1617 4128 1822 4185 terram,

253 4218 652 4297 fornicationem,
677 4213 1069 4279 immunditiam,
1104 4211 1367 4266 avaritiam
1401 4209 1616 4284 (Coloss.
1642 4226 1721 4278 In,
1744 4211 1822 4281 5),

252 4318 305 4364 et
333 4317 522 4364 extera
550 4307 690 4360 talia.
938 4370 947 4377 η
1322 4366 1328 4375 ν

323 4400 412 4455 46.
447 4398 561 4453 Νοη
591 4412 718 4466 ergo
752 4394 875 4465 quid
914 4394 1137 4464 quisque
1161 4392 1352 4465 faciat,
1390 4390 1485 4448 sed
1512 4405 1617 4464 quo
1648 4390 1828 4461 animo

254 4490 451 4555 faciat,
495 4485 937 4543 considerandum
981 4492 1081 4539 est.
1126 4483 1236 4538 lloc
1278 4492 1360 4541 est
1398 4482 1537 4536 enim
1568 4481 1744 4534 lumen
1774 4478 1827 4533 in

257 4580 449 4646 nobis,
489 4578 610 4648 quia
653 4577 755 4631 hoc
800 4575 953 4631 nobis
997 4573 1333 4629 manifestum
1375 4579 1457 4626 est
1484 4570 1624 4627 bono
1650 4568 1830 4639 animo

254 4688 356 4728 nos
379 4671 553 4726 facere
577 4668 718 4739 quod
749 4668 966 4723 facimus
991 4682 1005 4719 :
1027 4679 1186 4720 omne
1205 4660 1507 4735 enim-quod
1525 4659 1829 4730 manifesta-

256 4773 365 4831 tttr,
392 4763 572 4816 lumen
600 4767 681 4814 est
701 4757 915 4832 (Ephes.
938 4770 991 4821 v,
1018 4754 1127 4825 l3).
1156 4751 1289 4815 Nam
1318 4751 1429 4822 ipsa
1458 4751 1591 4821 facta
1614 4765 1737 4821 qua)
1756 4749 1826 4817 ad

259 4838 533 4911 hominum
559 4830 913 4906 societatema
942 4845 1093 4900 nobis
1113 4842 1424 4914 procedunt,
1454 4842 1711 4896 incertum
1738 4840 1831 4894 ha-

257 4948 387 5003 bent
408 4926 640 5007 exitum;
669 4947 725 4994 et
748 4938 868 4991 ideo
898 4935 1146 5013 tenebras
1173 4947 1266 5007 eas
1295 4932 1519 5002 vocavit.
1546 4930 1665 5001 ,Non
1689 4930 1832 4985 enim

258 5036 420 5103 novi,
460 5047 581 5089 cum
633 5014 912 5100 pecuniam
955 5025 1166 5095 porrigo
1200 5022 1461 5097 indigenti
1498 5028 1552 5075 et
1591 5020 1787 5091 petenti
1817 5060 1835 5084 ,

260 5125 387 5200 quid
413 5124 537 5179 inde
556 5130 646 5175 aut
673 5120 903 5175 facturus
922 5117 1007 5182 sit,
1024 5123 1122 5189 aut
1139 5127 1422 5184 passurus;
1445 5120 1498 5166 et
1518 5110 1633 5165 fieri
1664 5118 1839 5178 potest

261 5198 321 5272 ut
339 5215 423 5271 vel
454 5212 613 5267 faciat
634 5225 697 5264 ex
724 5223 807 5271 ea,
836 5206 932 5273 vel
959 5213 1175 5274 propter
1211 5216 1327 5258 eam
1369 5200 1602 5275 patiatur,
1638 5198 1837 5268 aliquid

263 5292 429 5374 mali,
459 5303 598 5377 quod
624 5316 724 5371 ego
750 5314 869 5355 cum
896 5297 1078 5353 darem
1104 5336 1120 5363 ,
1161 5309 1265 5348 non
1296 5292 1510 5348 evenire
1533 5289 1790 5363 voluerim
1819 5331 1833 5355 ,

265 5414 436 5469 neque
466 5376 567 5451 hoc
583 5392 760 5447 animo
784 5376 1043 5445 dederim.
1076 5385 1257 5463 Itaque
1280 5383 1323 5436 si
1349 5383 1488 5456 bono
1512 5380 1690 5445 animo
1717 5379 1836 5443 feci,

265 5470 409 5562 quod
454 5484 583 5541 mihi
625 5496 746 5537 cum
778 5478 1033 5555 facerem,
1057 5483 1238 5555 notum
1262 5480 1398 5551 erat,
1430 5469 1633 5549 etideo
1660 5469 1838 5523 lumen

183 5590 185 5594 ‘
267 5560 517 5643 vocatur;
550 5573 877 5629 illuminatur
926 5570 1089 5627 etiam
1138 5566 1331 5621 factum
1374 5578 1572 5627 meum,
1604 5560 1843 5631 qualem-

584 489 934 550 tltesaurizatc
992 496 1166 544 autem
1218 484 1369 540 vobis
1421 482 1702 539 thesauros
1748 481 1804 537 in

271 5708 439 5777 mirae,
457 5721 568 5773 quze
589 5719 616 5758 a
637 5682 781 5756 ηουιε
792 5703 968 5767 passim
982 5702 1074 5751 hoc
1091 5695 1139 5750 in
1154 5710 1304 5763 apere
1324 5707 1493 5758 magna
1509 5691 1750 5756 religione
1766 5704 1842 5743 re-

266 5780 606 5847 stituuntur‘ex
633 5778 736 5817 Mss.

507 5836 731 5914 Stater.
767 5828 1041 5909 annosi;
1079 5844 1195 5906 In:

1548 364 1749 424 LIBER
1787 362 2161 422 SECUNDUS.

3353 364 3491 422 i290

1913 495 2139 551 cumque
2164 480 2362 536 exitum
2403 480 2645 537 habuerit
2675 498 2688 536 :
2720 482 2809 553 qui
2837 482 3009 538 exitus
3036 482 3287 554 quoniam
3316 482 3490 539 incer-

1912 580 2000 627 tus
2022 579 2074 628 et
2103 572 2311 643 ignotus
2339 582 2441 640 est,
2470 574 2702 630 tenebrae
2744 575 3023 645 appellatae
3059 583 3201 632 sunt.
3232 577 3288 634 Si
3313 586 3491 637 autem

1912 663 2055 719 malo
2090 664 2269 719 animo
2308 663 2433 731 feci,
2477 666 2636 721 ctiam
2671 667 2842 736 ipsum
2874 666 3052 724 lumen
3082 668 3317 726 tenebras
3345 680 3488 727 sunt.

1913 753 2116 811 Lumen
2157 756 2299 812 enim
2345 757 2558 826 dicitur,
2583 760 2707 829 quia
2746 761 2893 816 novit
2927 761 3154 834 quisque
3180 778 3287 836 quo
3312 768 3493 824 animo

1914 845 2089 913 faciat,
2118 846 2277 911 etiam
2297 862 2419 903 cum
2443 851 2583 906 malo
2597 850 2774 906 animo
2793 851 2917 909 facit
2948 869 2963 910 :
2990 854 3085 910 sed
3111 856 3284 926 ipsum
3310 858 3491 918 lumen

1915 937 2149 994 tenebrat
2185 948 2341 1007 sunt,
2369 941 2494 1011 quia
2525 955 2630 996 non
2658 942 2713 997 in
2740 941 2970 1013 superna
2996 944 3238 1017 dirigitur
3261 949 3491 1020 simplex

1915 1027 2160 1095 intentio,
2197 1028 2293 1083 sed
2319 1028 2385 1089 ad
2414 1029 2665 1086 inferiora
2683 1030 2997 1101 declinatur,
3027 1043 3083 1091 et
3108 1035 3303 1107 duplici
3329 1040 3493 1096 corde

1915 1120 2063 1189 quasi
2090 1120 2331 1175 umbram
2360 1121 2502 1177 facit.
2531 1122 2594 1179 Si
2613 1139 2729 1195 ergo
2757 1124 2925 1181 lumen
2952 1124 3087 1197 quod
3110 1128 3165 1184 in
3192 1138 3241 1185 te
3271 1139 3375 1197 est,
3413 1140 3490 1187 te-

1916 1217 2082 1272 nebra:
2123 1227 2260 1283 sunt,
2303 1220 2517 1276 tenebrat
2549 1220 2791 1294 ouantia?
2820 1217 2923 1279 hoc
2958 1232 3062 1291 est,
3091 1225 3147 1283 Si
3174 1227 3285 1296 ipsa
3314 1229 3492 1285 cordis

1916 1308 2163 1375 intentio,
2192 1325 2295 1380 qua
2325 1309 2454 1367 facis
2474 1312 2616 1382 quod
2645 1311 2796 1379 facis,
2822 1329 2942 1385 quae
2971 1316 3065 1371 tibi
3092 1327 3217 1373 nota
3241 1328 3341 1384 est,
3372 1334 3493 1376 sor-

1914 1400 2128 1455 didatur
2150 1400 2384 1471 appetitu
2421 1416 2598 1457 rerum
2641 1410 2971 1460 terrenarum
2995 1415 3050 1462 et
3078 1409 3448 1480 temporalium
3474 1454 3490 1477 ,
3566 1392 3569 1395 ’

1915 1503 2074 1564 atque
2116 1501 2375 1560 caecatur;
2421 1502 2621 1565 quanto
2655 1496 2824 1567 magis
2865 1497 3037 1568 ipsum
3076 1498 3307 1568 factum,
3342 1502 3493 1574 cujus

1916 1584 2151 1640 incertus
2195 1584 2277 1640 est
2316 1584 2511 1653 exitus,
2560 1585 2832 1643 sordidum
2876 1597 2933 1644 et
2982 1590 3322 1647 tenebrosum
3372 1594 3495 1650 est?
3554 1618 3557 1623 ·

1916 1673 2037 1744 quia
2066 1674 2169 1729 etsi
2192 1674 2329 1730 bene
2356 1675 2509 1730 alicui
2534 1677 2829 1745 proveniat,
2857 1678 2996 1749 quod
3025 1687 3081 1735 tu
3111 1696 3216 1737 non
3256 1690 3401 1741 reeta
3438 1692 3494 1739 et

1918 1765 2112 1821 munda
2139 1767 2429 1822 intentione
2450 1768 2615 1833 facis;
2653 1766 2921 1838 quomodo
2958 1779 3013 1826 tu
3041 1770 3250 1839 feceris,
3273 1773 3368 1829 tibi
3392 1774 3495 1829 im-

1919 1864 2152 1924 putatur,
2184 1870 2289 1910 non
2314 1857 2583 1926 quomodo
2610 1857 2686 1913 illi
2710 1861 3035 1928 provenerit.

1988 1947 2215 2005 CAPUT
2252 1948 2391 2005 XIV.
2431 1979 2501 1991 —
2529 1952 2616 2005 47.
2644 1948 2797 2019 Quod
2825 1949 3004 2008 autem
3038 1956 3297 2025 sequitur,
3324 1964 3381 2012 et
3416 1956 3497 2012 di-

1919 2041 2011 2105 cit;
2041 2038 2209 2094 Nemo
2239 2044 2397 2111 potest
2411 2036 2604 2095 duobus
2627 2043 2843 2097 dominis
2858 2046 3063 2111 servire,
3077 2046 3144 2100 ad
3166 2045 3302 2102 hanc
3330 2048 3497 2118 ipsam

1922 2130 2269 2185 intentionem
2311 2130 2646 2187 referendum
2684 2140 2785 2197 est,
2816 2134 2956 2203 quod
2986 2144 3376 2205 consequenter
3406 2152 3500 2193 ex-

1920 2220 2089 2289 ponit,
2119 2220 2304 2276 dicens
2331 2236 2346 2275 :
2372 2219 2473 2274 Aut
2496 2221 2627 2275 enint
2651 2237 2807 2275 unum
2832 2224 2949 2277 odio
2976 2223 3191 2289 habebit,
3215 2234 3263 2279 et
3288 2227 3501 2280 alterum

1921 2309 2129 2381 diliget;
2172 2318 2262 2365 aut
2296 2309 2516 2365 alterum
2558 2312 2795 2380 patietur,
2842 2310 2889 2367 et
2930 2314 3142 2369 alterum
3196 2310 3497 2373 contemnet.

1922 2400 2052 2468 Quae
2081 2400 2242 2455 verba
2286 2400 2568 2471 diligenter
2608 2396 2990 2459 consideranda
3029 2415 3152 2463 sunt
3198 2425 3215 2465 :
3254 2424 3377 2463 nam
3409 2410 3501 2480 qui

1923 2490 2030 2545 sint
2056 2490 2164 2545 duo
2190 2489 2425 2558 domini,
2473 2492 2725 2563 deinceps
2762 2496 3014 2563 ostendit,
3046 2512 3166 2554 cum
3197 2499 3343 2564 dicit,
3380 2499 3502 2556 Non

1924 2583 2128 2654 potestis
2174 2581 2281 2637 Deo
2325 2583 2510 2638 servire
2558 2593 2605 2640 et
2646 2602 2965 2642 mammonae.
3018 2588 3313 2646 Mammona
3360 2593 3501 2661 apud

1926 2676 2179 2731 llebrzeos
2199 2675 2397 2731 divitia:
2419 2677 2675 2747 appellari
2700 2678 2966 2734 dicuntur.
2997 2680 3249 2752 Congruit
3273 2692 3325 2737 et
3352 2685 3502 2754 puni-

1927 2785 2046 2827 cum
2075 2785 2271 2826 nomen
2304 2788 2319 2825 :
2356 2784 2477 2825 nam
2509 2771 2735 2837 lucrum,
2778 2773 2969 2843 punice
2993 2789 3260 2831 mammon
3289 2776 3502 2831 dicitur.

1925 2862 2033 2920 Sed
2084 2863 2172 2933 qui
2220 2863 2383 2918 servit
2441 2856 2788 2932 mammonae,
2837 2865 2910 2920 illi
2958 2864 3139 2937 utique
3179 2862 3376 2937 servit,
3415 2859 3506 2941 qui

1926 2956 2086 3012 rebus
2130 2956 2246 3011 istis
2283 2949 2510 3011 terrenis
2552 2948 2744 3011 merito
2793 2971 2907 3012 suae
2960 2958 3321 3026 perversitatis
3362 2956 3505 3030 prm-

1929 3049 2161 3119 positus,
2205 3048 2543 3119 magistratus
2579 3046 2735 3118 hujus
2777 3034 2957 3105 saeculi
2990 3042 3020 3105 ἐι
3055 3044 3280 3107 εοηιῑέιο
3313 3048 3506 3108 dicitur

1930 3133 2107 3212 (toan.
2147 3132 2245 3205 πη,
2292 3127 2382 3204 31,
2425 3146 2474 3193 et
2500 3138 2613 3204 xtv,
2643 3137 2756 3211 50).
2785 3140 2884 3193 Aut
2913 3155 3040 3210 ergo
3074 3140 3215 3196 hunc
3257 3141 3375 3196 odio
3416 3142 3508 3196 Ita:-

1930 3231 2060 3287 bebit
2102 3231 2298 3298 homo,
2345 3238 2392 3284 et
2447 3230 2661 3285 alterum
2699 3229 2892 3301 diliget,
2938 3231 2988 3285 id
3039 3240 3139 3297 est,
3179 3232 3377 3299 Deum;
3417 3242 3510 3287 aut

1930 3327 2142 3380 alterum
2179 3320 2415 3395 patietur,
2456 3330 2503 3377 et
2537 3322 2751 3377 alterum
2793 3314 3092 3376 centcmnct.
3140 3323 3343 3379 Patitur
3365 3318 3509 3379 enini

1931 3414 2123 3470 durum
2174 3399 2231 3468 et
2279 3411 2637 3482 perniciosum
2684 3411 2999 3478 dominum,
3048 3412 3284 3483 quisquis
3345 3395 3510 3483 servit

1933 3496 2278 3570 mammonae;
2306 3518 2399 3559 sua
2432 3504 2572 3557 enim
2593 3502 2881 3573 cupiditate
2902 3501 3196 3573 implicatus
3218 3544 3234 3569 ,
3266 3501 3513 3560 subditur

1931 3589 2143 3653 diabolo
2168 3614 2181 3649 :
2210 3604 2390 3652 etnon
2415 3598 2538 3651 eum
2566 3584 2767 3665 diligit;
2792 3594 2912 3665 quis
2938 3581 3081 3650 enim
3111 3604 3194 3651 est
3217 3597 3303 3667 qui
3326 3591 3510 3667 diligat

1932 3678 2244 3744 diabolum?
2266 3685 2361 3743 sed
2388 3680 2564 3742 tamen
2603 3687 2799 3757 patitur
2830 3702 2846 3740 :
2884 3687 3021 3741 sicut
3042 3687 3093 3741 in
3115 3676 3317 3757 majore
3334 3689 3510 3759 aliqua

1931 3781 2125 3849 domo,
2169 3780 2261 3851 qui
2299 3779 2502 3834 ancillae
2544 3779 2734 3834 alienae
2779 3769 3096 3849 conjunctus
3135 3789 3249 3848 est,
3295 3777 3511 3852 propter

1932 3871 2276 3943 cupiditatem
2305 3885 2457 3927 suam
2483 3869 2672 3924 duram
2697 3870 2893 3941 patitur
2915 3871 3249 3939 servitutem,
3280 3871 3439 3927 etiam
3463 3867 3512 3927 si

1934 3980 2040 4021 non
2069 3965 2251 4034 diligat
2272 3978 2413 4027 eum,
2435 3963 2585 4033 cujus
2612 3962 2856 4018 ancillam
2880 3962 3067 4033 diligit.

2002 4055 2093 4112 48.
2117 4054 2345 4109 Alterum
2364 4043 2532 4108 autem
2551 4060 2853 4121 contemnet,
2872 4053 3033 4120 dixit;
3062 4055 3187 4120 non,
3209 4043 3333 4111 odio
3352 4041 3515 4112 habe;

1935 4147 2030 4201 bit.
2058 4144 2267 4201 Nullius
2308 4144 2448 4200 enim
2483 4142 2594 4199 fere
2630 4136 2953 4201 conecientia
2992 4145 3158 4200 Deum
3208 4143 3388 4201 odisse
3414 4144 3510 4216 po-

1935 4248 2041 4297 test
2064 4238 2142 4313 (a)‘
2162 4257 2177 4294 :
2196 4239 2487 4295 contemnit
2508 4226 2707 4303 autem,
2730 4238 2784 4293 id
2806 4247 3010 4293 estnon
3032 4239 3183 4294 timet
3196 4240 3341 4308 eum,
3358 4235 3515 4311 quasi

1935 4334 2003 4388 de
2039 4333 2156 4403 ejus
2192 4328 2431 4387 bonitate
2470 4330 2691 4389 securus
2726 4326 2829 4382 est.
2874 4328 2955 4382 Ab
2992 4326 3094 4384 liae
3119 4328 3435 4399 negligentia
3461 4332 3516 4385 et

1939 4422 2233 4494 perniciesa
2270 4419 2558 4476 securitate
2601 4406 2818 4473 revocat
2852 4414 3085 4487 Spiritus
3117 4415 3349 4486 sanetus,
3389 4433 3513 4475 cum

1937 4520 2031 4584 per
2052 4508 2372 4581 Propb'etam
2406 4498 2555 4577 dieit,
2599 4502 2723 4572 Fili,
2752 4525 2815 4563 ne
2842 4509 3055 4580 adjicio:
3078 4514 3336 4580 peccatum
3363 4528 3506 4583 super

1938 4611 2214 4675 peccatum,
2239 4611 2285 4657 ct
2308 4602 2469 4668 dicas,
2508 4600 2768 4656 Miseratio
2796 4598 2890 4655 Dei
2918 4616 3102 4671 magna
3132 4610 3211 4658 est
3242 4600 3433 4674 (Eccli.
3453 4621 3507 4669 γ.

1936 4702 1987 4764 5,
2016 4698 2107 4770 6);
2136 4707 2210 4765 et,
2238 4694 2453 4768 Ignoras
2472 4696 2591 4767 quia
2616 4692 2859 4765 patientia
2882 4694 2975 4750 Dei
2998 4693 3067 4749 ad
3086 4690 3429 4767 paenitentiam
3465 4708 3513 4753 te

1937 4798 2114 4851 invitat
2141 4793 2316 4868 (Rom.
2358 4790 2417 4859 ll,
2452 4791 2550 4863 ψ
2584 4784 2747 4862 Cujus
2785 4792 2927 4847 enim
2966 4800 3113 4849 tanta
3148 4785 3516 4852 misericordia

1937 4884 2340 4943 commemorari
2366 4885 2736 4953 potest,'quam
2757 4878 2871 4953 cj‘us
2895 4883 2983 4953 qui
3004 4883 3182 4938 omnia
3207 4883 3367 4940 donat

1940 4985 2057 5033 cata
2082 4971 2373 5041 cenversis,
2403 4981 2458 5030 et
2485 4973 2772 5027 oleastrum
2798 4968 2925 5027 facit
2953 4972 3261 5041 participem
3287 4956 3515 5045 pingue;

1941 5069 2079 5124 tlinis
2107 5066 2297 5123 olivae?
2322 5064 2378 5121 et
2415 5062 2565 5134 cujus
2598 5071 2741 5118 tanta
2777 5052 3031 5135 severitas
3050 5102 3067 5128 ,
3097 5056 3253 5133 quam
3283 5052 3399 5133 Ejus
3428 5054 3519 5134 qui

1944 5154 2268 5218 naturalibus
2306 5152 2470 5213 ramis
2497 5172 2599 5211 non
2629 5148 2883 5226 pepercit,
2922 5140 3024 5211 sed
3049 5144 3266 5225 prepter
3290 5146 3520 5229 inﬁdeli-

1943 5263 2104 5309 tatem
2136 5252 2288 5321 fregit
2328 5248 2446 5305 illos
2487 5244 2598 5321 (Id.
2633 5238 2701 5311 xx,
2732 5245 2963 5317 t7-24)?
2988 5239 3094 5316 Sed
3132 5246 3368 5317 quisquis
3409 5260 3533 5301 vuo

1943 5344 2162 5414 diligere
2193 5342 2377 5405 Deum,
2410 5347 2463 5394 et
2486 5352 2675 5393 cavere
2700 5351 2767 5410 ne
2791 5336 3045 5401 offendat,
3073 5330 3178 5390 non
3205 5324 3266 5391 se
3288 5330 3517 5391 arbitre-

1946 5444 2030 5490 tur
2079 5428 2284 5488 duobus
2332 5421 2560 5484 dominis
2612 5421 2768 5497 pessc
2811 5420 3040 5492 servire,
3082 5426 3135 5480 et
3173 5418 3519 5485 intentionem
3600 5482 3603 5487 ,

1944 5518 2120 5581 cordis
2164 5520 2246 5578 sui
2280 5514 2478 5575 reetam
2517 5519 2584 5573 ab
2616 5512 2765 5571 omni
2799 5513 3105 5586 duplicitatc
3141 5510 3367 5586 explicet
3407 5534 3419 5570 :
3449 5517 3524 5572 ita
3608 5545 3615 5551 -

1947 5619 2087 5673 enim
2118 5614 2310 5671 sentiet
2333 5612 2399 5667 de
2426 5604 2649 5666 Domino
2675 5610 2726 5663 in
2763 5604 3014 5674 bonitate,
3039 5602 3092 5663 et
3112 5609 3164 5662 in
3189 5607 3522 5679 simplicitate

2011 5735 2088 5813 (Aa).
2107 5726 2124 5798 ί
2146 5724 2345 5797 neu-act.
2372 5758 2477 5807 cap.
2506 5744 2580 5803 l9,
2606 5756 2655 5792 η.
2679 5741 2815 5817 ab“
3542 5753 3552 5781 .

2680 5814 3247 5891 (Quarante—une.)
