4042 6358
10 69 15 271 Γ

10 700 13 849 l

596 290 721 349 ίενιι

588 410 766 467 cordis
790 416 993 479 qureret
1017 407 1162 479 illum
1191 404 1347 479 (Sap.
1374 423 1409 471 ι,
1445 410 1516 479 1).

585 501 812 565 CAPUT
834 499 951 561 XV.
970 499 1137 559 v49.
1163 498 1310 569 Ideo,
1339 499 1527 571 inquit,
1559 500 1673 557 dico
1698 501 1853 567 vobis,
1877 518 1977 557 non
1995 502 2175 557 habere

584 588 1175 655 sollicitudinamam
1190 598 1366 648 vestrae
1374 589 1497 663 quid
1507 589 1687 656 edulia,
1701 606 1861 661 neque
1879 590 2081 663 corpori
2098 607 2173 645 ue-

585 684 1078 763 rtroqqtidittdttalit.
1102 683 1178 743 Ne
1196 683 1353 751 forte,
1374 683 1617 754 quamvis
1631 683 1741 755 jam
1757 682 2027 754 superﬂua
2044 700 2151 739 non

584 783 906 848 querantur.
935 784 1151 851 propter
1177 775 1290 845 ipsa
1316 774 1619 833 necessaria
1654 789 1749 830 eor
1770 774 2086 845 duplicetur,
2113 782 2169 831 et

582 868 651 935 ad
679 869 791 949 ipsa
805 867 1164 939 conquirenda
1178 875 1359 935 nostra
1381 867 1759 938 detorqueatur
1780 868 2025 937 intentio,
2044 885 2167 926 eum

581 957 779 1028 aliquid
807 957 1393 1033 quasimiscricorditer
1410 974 1731 1029 operantur;
1763 959 1816 1014 id
1837 968 1938 1027 cst,
1968 969 2025 1015 ut
2043 976 2165 1017 eum

580 1051 859 1113 consulere
887 1052 1047 1111 alicui
1071 1052 1238 1123 videri
1265 1053 1529 1115 volumus,
1561 1062 1803 1108 nostrum
1830 1054 2162 1109 emolumen-

580 1152 691 1211 tum
718 1144 788 1209 ibi
816 1144 1011 1213 potius,
1039 1160 1199 1214 ultam
1224 1144 1369 1207 illius
1410 1145 1689 1201 utilitatem
1715 1145 2050 1201 attendamus
2072 1163 2087 1201 :
2109 1155 2165 1201 et

578 1232 698 1303 ideo
718 1232 871 1296 nobis
895 1248 1000 1297 non
1025 1234 1300 1297 videamur
1322 1248 1564 1305 peccare,
1589 1235 1712 1305 quia
1738 1250 1845 1291 non
1870 1235 2157 1305 superﬂua,

575 1326 670 1391 sed
700 1326 1005 1392 necessaria
1030 1333 1154 1387 sunt
1177 1342 1296 1396 qua:
1318 1327 1575 1396 consequi
1598 1327 1859 1382 volumus.
1907 1328 2160 1383 Dominus

575 1426 750 1483 autem
774 1417 1023 1483 admonet
1044 1426 1103 1481 ut
1131 1417 1533 1487 meminerimus
1559 1418 1727 1487 multo
1749 1418 1976 1487 amplius
2006 1417 2158 1474 nobis

576 1509 742 1575 Deum
768 1508 1000 1573 dedisse,
1026 1508 1173 1580 quod
1195 1523 1294 1567 nos
1333 1508 1457 1566 fecit
1480 1518 1533 1566 et
1556 1509 1855 1578 composuit
1875 1525 1941 1565 ex
1981 1509 2157 1565 anima

572 1607 627 1667 et
645 1615 887 1671 corpore,
933 1616 1091 1671 quam
1115 1609 1199 1659 est
1221 1600 1530 1658 alimentum
1572 1611 1731 1669 atque
1760 1608 2117 1671 tegumentum
2135 1643 2152 1670 ,

571 1706 807 1761 quorum.
838 1706 964 1753 cura
988 1706 1087 1749 nos
1115 1691 1384 1761 duplicare
1404 1706 1497 1747 eor
1523 1707 1627 1746 non
1656 1692 1787 1747 vult.
1835 1690 2041 1760 Nonne,
2071 1692 2155 1746 in-

574 1782 708 1850 quit,
731 1782 902 1835 anima
920 1780 1035 1852 pius
1048 1791 1119 1839 eu
1138 1798 1293 1853 quam
1304 1799 1417 1838 esca
1439 1783 1464 1836 .9
1493 1781 1559 1838 Ut
1584 1794 1641 1836 tu
1656 1782 1915 1852 intelligas
1930 1797 2048 1838 eum
2066 1783 2161 1853 qui

570 1871 718 1937 dedit
744 1872 995 1937 animam,
1016 1872 1183 1929 multo
1212 1872 1418 1929 facilius
1447 1888 1623 1927 escam
1641 1888 1760 1928 esse
1788 1872 2054 1929 daturum.
2089 1873 2155 1926 Et

568 1938 753 2032 corpus
776 1978 926 2033 quant
963 1967 1328 2030 vestimentum,
1362 1964 1414 2018 id
1443 1971 1544 2028 est,
1573 1963 1690 2032 plus
1715 1949 1806 2020 est.
1830 1980 1842 2018 :
1874 1974 1931 2019 ut
1964 1964 2152 2019 simili-

570 2062 651 2109 ter
675 2054 957 2124 intelligas,
989 2070 1111 2111 eum
1151 2056 1241 2125 qui
1285 2070 1479 2124 corpus
1522 2055 1689 2121 dedit,
1736 2055 1905 2112 multo
1950 2055 2153 2112 facilius

569 2144 812 2205 datiuum
841 2159 963 2201 esse
994 2145 1386 2203 vestimentum.

639 2234 726 2299 50.
766 2234 883 2302 Quo
912 2235 1030 2293 loco
1066 2237 1231 2305 quaeri
1269 2236 1403 2291 solet
1434 2245 1608 2292 utrum
1638 2237 1706 2292 ad
1743 2238 1976 2293 animam
2001 2239 2152 2303 cibus

567 2325 667 2389 iste
696 2328 974 2396 pertineat,
1015 2342 1136 2383 cum
1165 2327 1340 2383 anima
1370 2327 1681 2394 incorporea
1720 2329 1809 2395 sit,
1851 2329 1950 2383 iste
1976 2338 2150 2383 autem

565 2416 714 2472 cibus
741 2431 1049 2486 corporeus.
1081 2418 1183 2473 Sed
1209 2418 1440 2473 animam
1485 2417 1586 2474 hoc
1620 2418 1737 2475 loco
1780 2434 1878 2488 pro
1918 2420 2018 2474 ista
2045 2422 2149 2475 vita

564 2506 796 2577 posnam
825 2508 1146 2572 noverimus,
1176 2507 1327 2578 cujus
1355 2508 1709 2567 retinaculum
1734 2516 1820 2564 est
1841 2510 2150 2565 alimentum

566 2597 700 2653 istud
727 2612 1061 2667 corporeum.
1109 2596 1409 2655 Secundum
1442 2598 1579 2659 hanc
1605 2598 2043 2669 signiﬁcationem
2070 2600 2148 2655 di-

564 2700 705 2745 ctum
731 2700 810 2745 est
836 2690 994 2746 etiam
1025 2689 1152 2753 illud
1186 2707 1200 2744 :
1232 2689 1331 2756 Qui
1355 2698 1490 2751 autat
1532 2690 1754 2749 animum
1778 2707 1943 2756 suam,
1975 2692 2149 2760 perdet

563 2780 705 2834 illaut
733 2778 912 2851 (Joan.
944 2794 1041 2847 ιιι,
1067 2776 1181 2853 25).
1212 2780 1364 2847 Quod
1394 2780 1493 2836 nisi
1522 2779 1589 2837 de
1619 2779 1725 2836 hac
1748 2782 1852 2835 vita
1883 2784 2148 2851 acceperi-

564 2886 704 2935 mus,
736 2886 895 2941 quam
935 2880 1140 2941 oportet
1171 2886 1268 2943 pro
1293 2887 1458 2942 regno
1487 2873 1578 2928 Dei
1608 2872 1844 2942 perdere,
1877 2874 2019 2944 quod
2049 2890 2145 2943 po-

561 2961 724 3017 tuisse
763 2960 1021 3033 Martyres
1058 2960 1269 3028 claruit,
1317 2961 1641 3021 contrarium
1683 2962 1783 3017 hoc
1822 2974 2143 3033 praeceptum

561 3052 669 3109 erit
691 3049 768 3107 illi
792 3051 1069 3108 sentcntiae
1087 3066 1190 3121 qua
1220 3051 1419 3108 dictum
1443 3061 1526 3111 est
1548 3070 1563 3109 :
1589 3071 1608 3105 ι
1641 3052 1780 3120 Quid
1809 3055 2024 3123 prodest
2048 3055 2143 3119 bo-

561 3144 711 3210 mini,
739 3145 783 3201 si
815 3151 980 3199 totum
1020 3144 1273 3199 mundum
1313 3144 1785 3210 lucretur,animze
1813 3154 1988 3203 autem
2035 3161 2143 3209 sua:

559 3234 932 3291 detrimentum
962 3234 1118 3291 faciat
1157 3252 1175 3286 ι
1213 3234 1425 3307 (Matth.
1450 3250 1565 3303 xvr,
1592 3234 1729 3307 26)?

628 3327 717 3382 5i.
763 3345 783 3379 ι
817 3326 1101 3398 Respicite,
1131 3324 1320 3397 inquit,
1343 3325 1578 3382 volatilia
1597 3327 1739 3393 coeli,
1759 3327 2011 3397 quoniam
2035 3344 2141 3391 non

557 3428 759 3485 sertmt,
791 3433 961 3489 neque
991 3426 1220 3485 metunt,
1265 3432 1440 3488 neque
1475 3428 1797 3490 congregant
1824 3420 1874 3474 in
1906 3419 2136 3485 horrea;

556 3521 608 3564 ct
635 3510 792 3565 Pater
815 3522 993 3566 vester
1021 3511 1255 3573 caelestis
1287 3511 1453 3581 pascit
1482 3510 1568 3575 illa
1603 3529 1616 3565 :
1648 3525 1824 3571 nonne
1852 3525 1948 3567 vos
1974 3512 2141 3581 pluris

554 3603 681 3657 estis
725 3602 868 3658 illis?
906 3621 925 3656 ›
962 3602 1013 3658 id
1058 3611 1161 3670 est,
1210 3604 1385 3665 carius
1410 3618 1506 3659 vos
1548 3603 1753 3664 valetis.
1799 3603 1931 3671 Quia
1959 3604 2139 3675 utique

554 3694 811 3750 rationale
839 3694 1055 3761 animal,
1083 3695 1237 3751 sicuti
1275 3704 1359 3761 est
1387 3696 1567 3762 homo,
1611 3695 1890 3759 sublimius
1919 3698 2137 3757 ordina-

555 3792 663 3849 tum
693 3785 853 3855 estin
901 3799 1079 3840 rerum
1108 3793 1315 3853 natura,
1359 3801 1516 3858 quam
1557 3784 1956 3852 irrationabilia,
2002 3788 2139 3853 sicut

553 3886 675 3928 sunt
698 3890 843 3931 aves.
877 3895 895 3926 ε
930 3876 1059 3943 Quis
1088 3886 1287 3944 autem,
1318 3885 1552 3933 vestrum
1582 3892 1797 3945 curans,
1828 3879 2015 3948 inquit,
2043 3895 2134 3948 po-

556 3976 656 4025 test
681 3968 911 4037 adjicere
935 3969 1001 4022 ad
1024 3977 1281 4027 staturam
1307 3984 1455 4031 suam
1484 3970 1721 4033 cubitum
1747 3972 1952 4033 unum?
1978 3971 2049 4031 Et,
2068 3973 2137 4031 de

555 4058 868 4125 vestimento
905 4058 1029 4129 quid
1053 4058 1263 4115 solliciti
1288 4060 1460 4114 estis?
1486 4060 1539 4117 id
1568 4069 1671 4127 est,
1700 4062 1851 4129 cujus
1874 4070 2136 4131 potestate

553 4158 711 4221 atque
731 4149 1003 4217 dominatu
1029 4148 1221 4204 factum
1242 4159 1324 4205 est
1344 4158 1401 4204 ut
1422 4149 1489 4203 ad
1512 4148 1649 4204 hanc
1670 4158 1925 4205 staturam
1943 4166 2134 4219 corpus

554 4249 783 4307 vestrum
816 4240 1213 4311 perduceretur,
1259 4240 1376 4311 ejus
1405 4240 1735 4311 providentia
1766 4242 1924 4299 etiam
1952 4242 2133 4297 vestiri

553 4338 724 4403 potest
748 4348 761 4396 ;
790 4347 896 4391 non
923 4340 1102 4391 autem
1122 4339 1295 4387 vestra
1314 4346 1441 4390 cura
1464 4329 1658 4387 factum
1680 4347 1797 4388 esse
1824 4341 1882 4387 ut
1902 4331 1967 4388 ad
1998 4332 2135 4401 hanc

552 4432 802 4479 staturam
828 4424 1033 4479 veniret
1057 4438 1251 4493 corpus
1279 4434 1537 4491 vestrum,
1566 4441 1634 4481 ex
1664 4424 1765 4483 hoc
1796 4426 2015 4496 intelligi
2043 4442 2136 4496 po—

552 4524 671 4581 test,
702 4514 845 4585 quod
869 4515 913 4570 si
934 4516 1152 4581 curetis,
1173 4522 1227 4571 et
1254 4515 1430 4571 velitis
1453 4514 1683 4585 adjicere
1713 4533 1871 4571 unum
1899 4518 2131 4577 cubitum

550 4604 671 4657 huic
707 4612 943 4670 staturm,
992 4618 1096 4659 non
1129 4606 1352 4675 potestis
1385 4623 1399 4659 :
1433 4605 1507 4659 illi
1546 4620 1673 4675 ergo
1720 4607 1877 4660 etiam
1923 4606 2130 4677 tegendi

552 4694 789 4764 corporis
817 4708 999 4749 curam
1029 4694 1330 4766 relinquite,
1360 4695 1510 4765 cujus
1550 4695 1740 4752 videtis
1765 4711 1891 4751 cura
1939 4698 2131 4752 factum

551 4798 669 4840 esse
694 4791 751 4839 ut
773 4792 932 4841 tanta:
954 4792 1170 4840 staturae
1199 4799 1390 4854 corpus
1415 4784 1672 4841 habeatis.

620 4876 707 4932 52.
751 4877 992 4933 Dandum
1010 4885 1186 4933 autem
1208 4886 1324 4933 erat
1339 4879 1497 4934 etiam
1520 4880 1894 4937 documentum
1918 4890 2132 4952 propter

549 4968 944 5036 vestimentum,
994 4969 1132 5023 sicut
1179 4967 1359 5023 datum
1411 4980 1492 5024 est
1539 4980 1754 5039 propter
1797 4972 2127 5029 alimentum.

548 5058 729 5129 itaque
754 5059 1014 5131 sequitur,
1041 5068 1095 5115 et
1123 5058 1252 5115 dicit
1278 5078 1291 5115 :
1324 5078 1343 5112 ε
1368 5059 1709 5117 Considerate
1734 5062 1837 5116 lilia
1860 5065 1969 5134 agri
1994 5079 2129 5134 quo-

548 5149 708 5217 modo
733 5160 1011 5217 crescunt;
1037 5166 1145 5207 non
1171 5150 1413 5207 laborant
1436 5167 1604 5223 neque
1626 5160 1755 5207 nent
1777 5172 1788 5206 :
1814 5154 1933 5208 dico
1951 5165 2129 5211 autem

548 5214 704 5296 vobis
729 5241 855 5315 quia
882 5256 982 5297 nec
998 5214 1258 5297 Salomon
1287 5239 1341 5297 in
1371 5242 1516 5297 omni
1541 5243 1707 5314 gloria
1738 5259 1832 5298 sua
1861 5245 1938 5300 sic
1964 5248 2128 5302 vesti—

550 5339 635 5385 tus
673 5337 763 5386 est
794 5338 852 5395 ut
887 5345 1052 5386 unum
1076 5346 1144 5387 ex
1171 5331 1273 5387 his.
1324 5331 1379 5388 Si
1409 5341 1584 5388 autem
1616 5332 1794 5389 fenum
1825 5336 1956 5405 agri,
1987 5336 2128 5405 quod

551 5420 707 5477 nodie
731 5428 889 5481 estet
912 5436 1033 5478 cras
1053 5421 1106 5478 in
1125 5421 1391 5479 clibanum
1414 5424 1657 5489 mittitur,
1687 5426 1827 5481 Deus
1852 5427 1927 5483 sic
1948 5427 2125 5497 vestit;

548 5521 745 5574 quanto
773 5511 938 5584 magis
963 5527 1089 5583 ergo
1114 5527 1229 5580 vos,
1261 5514 1480 5570 modica:
1508 5515 1628 5570 ﬁdei
1653 5515 1676 5569 ἲ
1711 5535 1730 5569 ι
1760 5518 1866 5574 Sed
1891 5520 1989 5575 ista
2030 5519 2126 5576 do-

552 5612 799 5659 cumenta
848 5620 951 5661 non
1003 5606 1138 5660 sicut
1184 5607 1450 5677 allegorim
1499 5608 1826 5667 discutienda
1879 5623 2022 5682 sunt,
2072 5626 2129 5673 ut

555 5707 852 5761 qtueramus
894 5695 1019 5765 quid
1048 5694 1344 5766 significent
1386 5710 1510 5753 aves
1539 5698 1680 5766 cceli,
1711 5710 1801 5757 aut
1828 5702 1931 5759 lilia
1964 5705 2077 5776 agri
2108 5723 2123 5774 ;

1366 289 1451 344 DE
1492 290 1811 347 SERMONE
1856 293 2083 349 DOMiNl
2125 293 2188 347 ΙΝ
2228 296 2475 364 ΜΟΝῙΕ,
2519 299 2574 353 S.
2620 303 2985 361 AUCUSTINI

3732 292 3871 381 im

2286 413 2453 482 posita
2479 423 2601 469 sunt
2627 418 2789 487 enim,
2818 432 2874 475 ut
2903 421 2969 477 de
2996 424 3153 479 rebus
3182 427 3475 486 minoribus
3502 435 3707 506 majora
3735 455 3860 510 per-

2282 505 2628 564 snaderentur
2656 526 2671 563 :
2700 511 2853 568 sicuti
2886 514 3011 571 illud
3036 526 3117 573 est
3144 519 3212 575 de
3234 519 3416 589 judice
3438 527 3529 597 qui
3559 505 3663 585 nec

2279 593 2517 661 timebat,
2566 613 2665 654 nec
2703 600 2968 659 hominem
3008 612 3371 681 reverebatur,
3398 593 3471 670 eti
3494 625 3675 676 tamen
3716 636 3858 695 stepe

2276 679 2630 754 interpellanti
2668 690 2837 746 viduae
2861 696 3042 754 cessit.
3070 706 3129 753 ut
3155 700 3271 770 ejus
3305 679 3521 762 causam
3550 679 3856 771 considera;

2275 781 2393 840 ret;
2426 790 2531 832 non
2573 789 2789 850 propter
2816 784 3188 853 pietatem'aut
3214 791 3622 868 humanitatem,
3664 804 3761 859 sed
3787 820 3856 861 ne

2220 884 2229 895 ο
2272 864 2484 921 tredium
2524 878 2812 939 pateretur.
2858 876 2975 933 Non
3001 882 3142 935 enim
3171 884 3279 940 ullo
3307 888 3467 943 modo
3510 864 3856 965 illerinjustus

2264 952 2428 1021 judex
2471 972 2753 1027 personam
2781 966 2875 1021 Dei
2913 969 3197 1040 allegorice
3239 978 3466 1035 sustinet
3497 997 3513 1033 :
3539 984 3641 1039 sed
3675 952 3852 1045 tamen

2268 1055 2525 1113 quantum
2554 1050 2715 1118 Deus,
2745 1057 2834 1127 qui
2862 1057 3034 1116 bonus
3056 1071 3139 1117 est
3173 1073 3228 1120 et
3260 1065 3453 1136 justus,
3482 1083 3635 1129 curet
3657 1075 3851 1148 depre-

2265 1145 2449 1193 cantes
2477 1155 2556 1207 se,
2585 1143 2711 1199 hinc
2745 1150 2935 1218 conjici
2952 1153 3218 1212 Dominus
3241 1159 3425 1227 voluit,
3461 1165 3605 1232 quod
3633 1143 3747 1223 neci
3771 1168 3851 1225 in-

2261 1227 2434 1295 jtistus
2461 1231 2622 1289 homo
2645 1250 2739 1290 eos
2767 1240 2854 1307 qui
2886 1240 3033 1297 illum
3057 1246 3285 1302 assiduis
3310 1227 3558 1319 precibus
3585 1256 3813 1313 tundunt
3830 1301 3847 1326 ,

2272 1318 2350 1371 vel
2382 1330 2596 1389 propter
2640 1327 2854 1385 taedium
2879 1330 3240 1405 devitandum,
3286 1318 3462 1410 potest
3503 1318 3851 1407 contemnere

2264 1406 2412 1477 (Luc.
2442 1428 2583 1480 xvnt,
2611 1416 2756 1492 2-8).

2325 1500 2551 1561 CAPUT
2572 1507 2687 1563 XVI
2694 1514 2872 1569 .~—55.
2884 1533 2904 1567 ι
2926 1516 3100 1575 Nolite
3111 1535 3258 1592 ergo,
3276 1524 3467 1597 inquit,
3484 1529 3698 1587 solliciti
3708 1547 3842 1600 esse,

2261 1591 2517 1659 dicentes,
2535 1599 2671 1667 Quid
2691 1604 2928 1671 edemus,
2948 1618 3037 1665 aut
3053 1591 3193 1681 quid
3206 1591 3481 1686 bibemus,
3502 1630 3593 1675 aut
3618 1624 3744 1693 quid

2260 1684 2500 1744 stiemur:
2520 1691 2631 1748 haec
2646 1698 2786 1751 enim
2800 1701 2973 1754 omnia
2986 1701 3186 1760 Gentes
3197 1718 3458 1775 quierunt.
3472 1711 3585 1767 Scit
3596 1715 3741 1770 enim
3757 1716 3845 1773 Pa-

2261 1785 2342 1830 ter
2354 1789 2527 1836 vester
2541 1786 2660 1853 quia
2690 1787 3132 1849 horumomnium
3163 1796 3427 1868 indigetis.
3453 1792 3695 1871 Quzerite
3718 1824 3843 1879 ergo

2262 1871 2485 1937 primum
2500 1888 2721 1945 regnum
2738 1880 2829 1935 Dei
2847 1890 2900 1936 et
2916 1883 3179 1953 justitiam
3197 1889 3331 1959 ejus,
3354 1901 3408 1947 et
3422 1892 3537 1949 hinc
3560 1900 3739 1952 omnia
3753 1871 3845 1972 ap-

2259 1972 2521 2030 ponentur
2545 1970 2714 2026 vobis.
2742 1990 2761 2025 D
2787 1973 2883 2030 llic
2895 1978 3325 2038 manifestissime
3345 1987 3577 2043 ostendit
3594 2005 3704 2045 non
3731 1970 3842 2048 haec

2258 2066 2376 2107 esse
2400 2060 2715 2128 appetenda,
2742 2072 2987 2135 tanquam
3011 2070 3132 2125 talia
3156 2071 3291 2127 bona
3314 2084 3517 2144 nostra,
3539 2089 3601 2133 ut
3628 2091 3845 2153 propter

2257 2137 2370 2208 ii’sa
2400 2144 2686 2203 debeamus
2714 2154 2851 2209 bene
2888 2154 3085 2225 facere,
3116 2160 3160 2215 si
3188 2163 3314 2232 quid
3355 2137 3595 2236 facimus,

2256 2244 2378 2285 men
2405 2248 2524 2291 esse
2554 2244 2872 2298 necessaria.
2902 2246 3039 2313 Quid
3070 2251 3210 2307 enim
3240 2253 3448 2312 intersit
3472 2258 3615 2314 inter
3641 2261 3842 2320 bonum

2256 2322 2395 2390 quod
2437 2331 2791 2396 appetendum
2820 2347 2919 2401 est,
2951 2349 3005 2393 et
3051 2345 3408 2400 necessarium
3449 2348 3594 2418 quod
3623 2366 3841 2410 sumen-

2253 2412 2379 2468 dum
2400 2426 2500 2485 est,
2532 2419 2630 2476 hac
2655 2428 2914 2483 sententia
2944 2429 3248 2501 declaravit,
3279 2451 3400 2493 cum
3431 2441 3523 2504 ait,
3555 2460 3577 2493 ι
3610 2443 3842 2512 Quaerite

2255 2505 2482 2574 primum
2526 2526 2745 2582 regnum
2778 2517 2868 2573 Dei
2895 2530 2945 2574 et
2970 2524 3229 2591 justitiam
3256 2528 3393 2597 ejus,
3438 2541 3493 2586 et
3524 2531 3639 2589 hzee
3665 2538 3839 2593 outnia

2254 2614 2586 2669 apponentnr
2606 2609 2773 2663 vobis.
2801 2628 2819 2662 ι
2842 2612 3081 2683 Regnum
3104 2634 3229 2689 ergo
3245 2621 3509 2690 etjustitia
3529 2626 3623 2681 Dei
3645 2628 3839 2685 bonum

2254 2702 2491 2750 nostrum
2520 2707 2603 2753 est
2636 2742 2651 2765 ,
2692 2711 2745 2757 et
2776 2703 2876 2760 hoc
2914 2712 3285 2777 appetendum,
3314 2722 3367 2768 ct
3394 2715 3466 2771 ibi
3495 2715 3616 2772 linis
3644 2721 3841 2776 consti-

2254 2786 2495 2853 tuendus,
2535 2802 2748 2861 prepter
2795 2798 2935 2865 quod
2973 2802 3153 2856 omnia
3195 2803 3446 2862 faciamus
3488 2824 3839 2885 quiecumque

2250 2874 2489 2933 facimus.
2534 2881 2637 2937 Sed
2666 2885 2785 2953 quia
2830 2888 2881 2941 in
2914 2887 3015 2945 hac
3042 2892 3144 2946 vita
3176 2874 3594 2965 militamus,—ut
3620 2903 3691 2958 ad
3716 2874 3841 2960 illud

2251 2983 2471 3039 regnum
2488 2977 2767 3042 pervenire
2778 2980 3060 3049 possimus,
3075 2999 3193 3054 qure.
3206 2989 3305 3042 vita
3333 2991 3448 3046 sine
3475 2990 3560 3047 his
3590 3010 3837 3053 necessa-

2252 3060 2343 3114 riis
2370 3063 2452 3131 agi
2478 3078 2582 3118 non
2607 3075 2816 3134 potest;
2850 3088 2871 3122 ι
2905 3073 3253 3145 Apponentur
3272 3079 3423 3135 vobis
3444 3080 3579 3147 hinc,
3606 3103 3626 3137 ι
3647 3086 3837 3158 inquit,

2254 3169 2273 3202 ε
2298 3153 2389 3205 sed
2416 3168 2510 3208 vos
2530 3172 2748 3225 regnum
2767 3161 2859 3217 Dei
2887 3174 2940 3217 et
2958 3167 3216 3234 justitiam
3242 3170 3360 3240 ejus
3385 3175 3616 3242 primum
3641 3153 3836 3248 quaeri;

2248 3248 2317 3295 te.
2334 3243 2491 3299 iCum
2503 3248 2643 3303 enim
2659 3250 2790 3306 dixit
2804 3252 2928 3310 illud
2950 3273 2971 3307 r
2990 3258 3236 3327 primum,
3252 3243 3722 3340 nsignilicavitquia
3737 3270 3838 3328 hoc

2245 3336 2511 3403 posterius
2534 3344 2875 3411 quaerendum
2896 3359 2996 3415 est,
3017 3366 3120 3407 non
3144 3364 3407 3425 tempore,
3433 3361 3526 3415 sed
3548 3336 3831 3433 dignitate:

2245 3426 2370 3481 illud
2394 3436 2640 3500 tanquam
2665 3434 2860 3491 bonum
2886 3453 3147 3510 nostrum,
3182 3444 3283 3501 hoc
3312 3455 3558 3520 tanquam
3590 3426 3835 3512 necessa-

2244 3517 2380 3572 rium
2394 3529 2661 3590 nostrum;
2680 3530 3037 3586 necessarium
3054 3542 3227 3590 autem
3242 3517 3596 3608 prepterillud
3612 3542 3829 3602 bonum.

2313 3608 2405 3664 54.
2445 3610 2628 3684 Neque
2654 3616 2816 3683 enim,
2845 3619 2991 3675 verbi
3018 3625 3207 3693 gratia,
3232 3627 3352 3683 ideo
3380 3629 3637 3689 debemus
3663 3650 3828 3692 evan-

2241 3699 2489 3767 gelizare,
2532 3713 2589 3759 ut
2634 3708 3053 3780 manducemus;
3094 3715 3189 3770 sed
3231 3717 3350 3774 ideo
3380 3722 3727 3791 manducare,
3774 3737 3830 3784 ut

2241 3793 2664 3862 evangeiimmus
2696 3815 2711 3851 :
2743 3814 2863 3855 nam
2895 3803 2939 3857 si
2969 3816 3248 3874 promeres
3292 3813 3742 3885 evangelizamus,
3774 3829 3829 3874 ut

2241 3882 2643 3953 manducemus,
2674 3888 2831 3945 vilius
2870 3890 3128 3951 habemus
3171 3882 3513 3971 Evangelium
3556 3882 3830 3976 quamrci-

2240 3971 2406 4040 bum;
2433 3984 2487 4029 et
2527 3977 2629 4032 erit
2660 3979 2770 4048 jam
2803 3981 3001 4039 bonum
3047 3997 3286 4044 nostrum
3313 3991 3364 4045 in
3412 3994 3825 4066 manducando,

2240 4068 2599 4123 necessarium
2653 4080 2828 4127 autem
2881 4074 2933 4129 in
2977 4079 3406 4149 evangelizando.
3466 4083 3618 4152 Quod
3664 4089 3825 4144 etiam

2240 4158 2526 4227 Apostolus
2552 4164 2817 4231 prohibet,
2859 4182 2980 4223 cum
3010 4169 3138 4225 dicit
3167 4172 3327 4229 licere
3356 4177 3457 4232 sibi
3501 4180 3740 4250 quidem,
3771 4190 3827 4239 et

2241 4250 2555 4316 permissum
2602 4268 2720 4308 esse
2758 4270 2789 4309 a
2821 4257 3063 4324 Domino,
3108 4271 3167 4316 ut
3206 4265 3298 4333 qui
3337 4266 3683 4339 Evangelium
3727 4288 3822 4328 an-

2239 4338 2504 4408 nuntiant,
2549 4341 2616 4397 de
2658 4340 2939 4417 Evangelio
2979 4351 3176 4417 vivant,
3215 4353 3268 4408 id
3294 4363 3398 4423 est,
3430 4338 3507 4414 de,
3537 4360 3821 4434 Evangelio

2240 4425 2468 4483 habeant
2493 4445 2555 4485 ea
2575 4447 2694 4502 quae
2715 4434 2838 4491 huic
2866 4437 2987 4494 vitae
3015 4451 3138 4496 sunt
3158 4448 3490 4515 necessaria;
3521 4451 3617 4506 sed
3641 4460 3817 4510 tamen

2238 4533 2297 4574 se
2324 4534 2429 4575 non
2458 4536 2577 4578 esse
2613 4523 2836 4582 abusum
2857 4528 2958 4585 hac
2984 4539 3265 4601 petestate.
3294 4538 3459 4593 Erant
3485 4542 3628 4597 enim
3668 4547 3817 4601 multi

2237 4611 2325 4680 qui
2353 4615 2685 4671 occasionem
2717 4618 2915 4677 habere
2952 4625 3235 4695 cupiebant
3262 4631 3569 4701 acquirendi
3604 4644 3657 4690 et
3687 4652 3817 4693 ven-

2237 4700 2395 4756 dendi
2419 4705 3000 4799 Evangelium,gquibus
3025 4731 3140 4771 eam
3165 4700 3353 4776 volens
3377 4733 3653 4795 amputare
3678 4730 3820 4799 Apo-

2236 4792 2424 4857 stolus,
2456 4799 2697 4853 manibus
2722 4794 2832 4855 suis
2859 4803 3055 4861 victum
3083 4822 3234 4863 suum
3276 4792 3518 4869 toleravit
3555 4815 3695 4889 (Act.
3726 4836 3815 4885 xx,

2235 4880 2347 4954 at).
2382 4884 2455 4939 De
2484 4886 2568 4942 bis
2594 4889 2735 4943 enim
2766 4891 2871 4947 alio
2894 4892 3011 4951 loco
3040 4897 3187 4965 dicit,
3221 4918 3241 4953 ι
3278 4901 3341 4958 Ut
3360 4880 3630 4974 amputem
3657 4880 3820 4966 occa;

2236 4972 2462 5040 sionem,
2490 4976 2552 5030 iis
2570 4979 2659 5047 qui
2686 4992 2927 5049 quierunt
2945 4988 3281 5045 occasionem
3308 5010 3326 5044 ι
3358 4994 3427 5063 (ll
3447 4972 3563 5051 Cor.
3595 5014 3669 5065 ιι,
3702 5000 3812 5074 12).

2234 5062 2545 5137 Quanquam
2575 5069 2731 5125 etiam
2759 5072 2824 5137 si,
2848 5083 2906 5128 ut
2924 5078 3103 5132 caueri
3129 5079 3251 5135 boni
3278 5062 3525 5153 apestoli,
3552 5062 3814 5157 permissu

2234 5154 2443 5210 Domini
2471 5157 2536 5211 de
2565 5159 2844 5231 Evangelio
2888 5164 3109 5236 viveret,
3154 5184 3260 5225 non
3303 5172 3423 5229 ideo
3463 5176 3516 5230 in
3560 5193 3628 5232 eo
3675 5181 3816 5236 victu

2233 5248 2578 5307 constitueret
2627 5253 2784 5309 linem
2827 5258 3259 5329 evangelizandi,
3306 5265 3401 5320 sed
3436 5270 3608 5340 magis
3653 5272 3815 5342 ipsius

2232 5339 2406 5396 victus
2444 5342 2524 5396 sui
2569 5342 2727 5401 linem
2770 5346 2821 5401 in
2850 5347 3137 5422 Evangelio
3166 5355 3451 5413 collocaret
3479 5376 3493 5412 :
3526 5339 3575 5414 id
3605 5339 3709 5431 est,
3760 5374 3815 5419 ut

2231 5428 2475 5501 Superius
2503 5433 2629 5499 dixi,
2664 5451 2768 5491 non
2811 5437 2931 5495 ideo
2972 5444 3379 5515 cvangelizaret,
3421 5458 3481 5503 ut
3511 5454 3816 5520 perveniret

2235 5523 2302 5579 ad
2339 5524 2537 5593 cibum,
2579 5528 2699 5583 etsi
2740 5544 2840 5600 qua
2869 5542 2993 5587 sunt
3032 5535 3133 5590 alia
3165 5540 3499 5608 necessaria;
3550 5543 3648 5599 sed
3696 5545 3817 5600 ideo

2234 5616 2331 5671 ista
2357 5626 2610 5683 sumeret,
2628 5627 2684 5674 ut
2710 5620 2836 5676 illud
2861 5622 3126 5694 impleret,
3148 5644 3217 5684 ne
3239 5646 3349 5686 non
3361 5632 3567 5699 volens,
3592 5636 3689 5692 sed
3715 5653 3812 5693 ne-

2234 5707 2481 5764 cessitate
2500 5712 2901 5782 evangelizaret.
2932 5716 3041 5774 lloc
3061 5720 3202 5775 enim
3224 5721 3503 5794 improbat,
3527 5741 3651 5783 cum
3662 5728 3808 5785 dicit
