4042 6358
262 330 267 341 ’
304 344 441 402 tces

307 478 326 511 ι
359 455 583 513 Nescitis
606 454 852 526 quoniam
882 451 969 523 qui
1003 451 1053 504 iu
1092 447 1289 519 templo
1310 452 1619 517 operantur,
1654 457 1773 513 qum
1814 438 1882 495 do

305 548 498 619 templo
521 556 644 602 sunt
673 545 871 610 edunt;
902 553 955 600 et
980 542 1067 614 qui
1095 542 1283 598 altario
1318 536 1644 604 deserviunt,
1690 535 1879 591 altario

303 637 723 708 compartiuntur
746 653 759 688 :
781 635 860 690 sic
882 643 936 689 et
960 633 1211 687 Dominus
1239 629 1499 685 ordinavit
1516 626 1580 683 iis
1600 627 1687 699 qui
1705 627 1884 682 Evan-

304 729 498 799 gelium
531 724 861 789 annuntiaut,
886 724 951 779 de
983 720 1265 794 Evangelio
1283 718 1461 776 vivere
1501 736 1515 774 :
1560 734 1659 790 ego
1701 726 1881 774 autem

308 819 498 874 nullius
527 817 713 873 horum
753 832 881 871 usus
909 831 1045 870 sum.
1082 833 1101 867 ι
1150 813 1282 869 llinc
1310 810 1538 867 ostendit
1566 808 1881 880 permissum

306 925 442 975 esse,
473 924 577 963 non
598 908 840 978 jussum;
872 905 1100 975 alioquin
1125 914 1309 959 contra
1334 910 1649 972 praeceptum
1674 898 1881 953 Domini

307 1000 493 1056 fecisse
532 1000 814 1056 tenebitur.
869 998 1064 1053 Deinde
1109 997 1369 1067 sequitur,
1417 1002 1471 1049 et
1508 994 1676 1049 dicit:
1710 1010 1729 1044 ι
1766 990 1881 1046 Non

308 1100 481 1146 autem
509 1090 697 1161 scripsi
723 1089 858 1156 hmo,
884 1089 1024 1143 utita
1056 1086 1250 1142 ﬁantin
1281 1102 1385 1141 me.
1416 1086 1621 1140 Bonum
1646 1091 1728 1138 est
1753 1081 1883 1136 mihi

307 1182 473 1252 magis
507 1180 663 1247 mori,
708 1194 863 1249 quam
902 1179 1121 1248 gloriam
1150 1193 1321 1231 nteam
1364 1177 1642 1247 quisquam
1671 1175 1884 1228 inanem

302 1271 479 1325 faciat.
519 1289 538 1323 ι
573 1269 683 1323 lloc
712 1269 863 1335 dixit,
892 1270 1013 1339 quia
1037 1267 1146 1337 jam
1172 1274 1446 1329 statuerat,
1474 1272 1691 1336 propter
1717 1277 1883 1335 quos-

304 1360 428 1414 dam
479 1360 813 1415 occasionem
863 1366 1181 1429 quaerentes,
1236 1356 1476 1411 manibus
1527 1356 1638 1411 suis
1688 1354 1882 1411 victum

307 1449 616 1519 transigere.
650 1448 709 1502 Si
729 1449 859 1502 enim
881 1434 1299 1519 evandetimvero,
1325 1448 1511 1517 inquit,
1540 1464 1639 1501 non
1664 1457 1735 1502 est
1762 1448 1885 1501 milii

305 1541 467 1609 gloria
496 1555 515 1593 :
542 1539 593 1594 id
622 1548 721 1603 est,
751 1539 794 1594 si
820 1540 1268 1609 evangelizavero,
1302 1547 1357 1593 ut
1394 1538 1491 1593 ista
1525 1538 1651 1593 ﬁant
1678 1538 1730 1592 in
1775 1554 1879 1604 me,

304 1630 359 1684 id
387 1639 487 1703 est,
516 1630 559 1684 si
592 1636 866 1700 propterea
901 1629 1352 1699 evangelizavero,
1382 1637 1439 1682 ut
1478 1628 1543 1682 ad
1575 1628 1660 1682 illa
1686 1642 1881 1698 ρει-γοα

307 1724 469 1789 niam,
510 1731 564 1777 et
590 1721 745 1776 ﬁnem
776 1721 1049 1792 Evangelii
1093 1723 1145 1776 in
1175 1720 1293 1776 cibo
1331 1729 1385 1777 et
1414 1728 1538 1790 potu
1590 1730 1644 1775 ct
1688 1723 1879 1775 vestitu

304 1815 660 1870 coltocavero.
687 1814 791 1871 Sed
834 1830 996 1885 quare
1026 1829 1130 1869 non
1174 1822 1256 1868 est
1282 1814 1331 1869 ei
1360 1812 1568 1883 gloria?
1595 1811 1881 1866 Necessitas

303 1906 456 1969 enim,
488 1905 675 1976 inquit,
702 1906 825 1959 mihi
849 1905 1123 1969 incumbit;
1161 1905 1210 1959 id
1240 1913 1340 1970 est,
1385 1910 1445 1959 ut
1471 1904 1588 1959 ideo
1611 1903 1879 1973 evangeli-

303 2012 439 2062 zcm,
482 1997 600 2066 quia
632 1996 770 2052 unde
807 1998 977 2052 vivam
1008 2012 1113 2050 non
1156 1995 1344 2061 habeo,
1391 2004 1483 2051 aut
1530 2005 1585 2049 ut
1613 1996 1879 2065 acquiram

303 2086 648 2155 temporalem
679 2087 901 2142 fructum
926 2086 993 2143 de
1024 2087 1395 2156 praedicatione
1419 2094 1737 2142 aeternorum
1763 2102 1776 2139 :
1804 2085 1879 2140 sic

301 2178 444 2233 enim
466 2179 574 2249 jam
606 2179 891 2234 necessitas
921 2178 1022 2234 erit
1048 2178 1099 2232 in
1134 2177 1439 2247 Evangelia,
1483 2193 1586 2232 non
1613 2177 1877 2231 voluntas.

308 2269 402 2325 γω
432 2271 563 2323 enim
588 2270 712 2325 mihi
747 2279 837 2336 est,
875 2270 1062 2339 inquit,
1107 2269 1152 2324 si
1179 2286 1279 2323 non
1305 2259 1723 2339 etiangetizavero.
1772 2267 1879 2324 Sed

297 2360 566 2429 quomodo
614 2360 771 2415 debet
825 2360 1230 2429 evangelizare?
1281 2360 1493 2414 Scilicet
1542 2368 1601 2413 ut
1657 2361 1708 2412 in
1762 2359 1879 2428 ipso

300 2447 591 2517 Evangelio
614 2456 671 2503 et
697 2450 747 2502 in
774 2463 937 2519 regno
966 2450 1057 2504 Dei
1086 2455 1249 2519 ponat
1273 2447 1569 2503 mercedem
1604 2463 1617 2501 :
1645 2447 1714 2499 ita
1736 2445 1877 2500 enim

298 2546 474 2605 potest
509 2551 611 2590 non
641 2547 855 2593 coactus
879 2539 1265 2609 evangelizare,
1294 2536 1388 2591 sed
1417 2537 1618 2591 volens.
1653 2536 1714 2591 Si
1746 2535 1879 2589 enim

297 2629 490 2693 colens,
520 2629 706 2699 inquit,
729 2628 823 2683 hoc
848 2628 1001 2701 facio,
1030 2629 1304 2683 mercedem
1332 2626 1525 2692 habeo;
1549 2627 1593 2681 si
1617 2636 1781 2680 autent
1800 2626 1880 2680 in-

298 2722 450 2785 ritus,
477 2721 785 2789 dispensatio
823 2720 948 2774 mihi
974 2720 1163 2774 credita
1198 2730 1271 2775 est
1299 2719 1355 2793 (Ι
1380 2717 1497 2776 Cor.
1530 2735 1605 2787 ιι,
1635 2718 1832 2790 15-17)
1861 2733 1875 2771 :

297 2811 354 2865 id
382 2819 481 2878 est,
514 2812 556 2865 si
586 2820 801 2867 coactus
828 2812 1002 2881 inopia
1027 2826 1208 2866 earum
1229 2825 1428 2877 rerum,
1452 2826 1569 2881 quze
1601 2809 1876 2879 temporali

248 2890 251 2893 ’
295 2904 421 2957 vitro
453 2911 576 2957 sunt
620 2903 957 2968 necessaria;
1000 2900 1231 2973 prtedico
1268 2901 1632 2972 Evangelium,
1664 2901 1751 2955 alii
1782 2915 1878 2971 per

297 3009 388 3047 me
431 2993 696 3047 habebunt
737 2994 1034 3048 mercedem
1076 2991 1367 3063 Evangelii,
1401 2992 1488 3062 qui
1532 2993 1874 3062 Evangelium

297 3087 469 3156 ipsum
489 3101 571 3139 me
589 3085 907 3155 przedicante
923 3085 1175 3155 diligent;
1201 3100 1300 3155 ego
1320 3098 1494 3139 autem
1518 3101 1622 3139 non
1644 3084 1874 3152 habebo,

294 3177 419 3249 quia
446 3191 553 3233 non
596 3177 766 3249 ipsum
794 3176 1137 3247 Evangelium
1166 3176 1344 3244 diligo,
1376 3176 1468 3231 sed
1503 3175 1617 3246 ejus
1644 3177 1873 3246 pretium

294 3273 350 3327 in
382 3272 483 3325 illis
504 3269 877 3339 temporalibus
898 3269 1260 3323 constitutum.
1294 3267 1443 3334 Quod
1466 3266 1611 3321 nefas
1632 3274 1716 3321 est
1737 3266 1871 3333 ﬁeri,

292 3368 355 3413 ut
385 3373 489 3412 non
516 3366 762 3427 tanquam
794 3356 933 3410 ﬁlius
960 3356 1226 3411 ministret
1251 3357 1477 3426 quisque
1503 3355 1870 3425 Evangelium,

293 3448 391 3504 sed
430 3456 676 3517 tanquam
716 3460 901 3501 servus
926 3446 1010 3501 cui
1048 3445 1373 3517 dispensatio
1416 3444 1617 3499 credita
1655 3452 1768 3509 est;
1818 3455 1871 3500 ut

293 3550 544 3609 tanquam
570 3537 798 3593 alienum
825 3545 1029 3607 eroget,
1055 3536 1187 3590 nihil
1207 3535 1327 3590 inde
1354 3536 1465 3605 ipse
1486 3535 1711 3604 accipiat
1738 3551 1876 3605 prte-

292 3642 377 3686 ter
404 3629 621 3697 cibaria,
665 3643 783 3701 qua:
825 3643 928 3683 non
958 3627 1024 3683 de
1053 3627 1454 3698 participatione
1483 3627 1654 3697 regni,
1683 3626 1777 3681 sed
1807 3627 1872 3681 ad

291 3720 710 3777 sustentaculum
745 3720 952 3774 misera:
993 3719 1260 3775 servitutis
1298 3718 1491 3773 dantur
1518 3719 1870 3775 extrinsecus.

290 3814 603 3882 Quanquam
627 3810 732 3865 alio
760 3811 876 3866 loco
904 3819 957 3865 et
976 3811 1398 3881 diSpensatorem
1422 3824 1480 3865 se
1500 3810 1661 3865 dicat.
1691 3810 1873 3866 Potest

291 3903 436 3958 enim
466 3911 520 3957 et
560 3917 745 3957 servus
769 3902 819 3956 in
848 3902 1076 3957 ﬁliorum
1106 3917 1382 3957 numerum
1420 3901 1716 3971 adoptatus,
1751 3917 1869 3957 eam

290 4009 407 4048 rem
435 3993 488 4047 in
516 4007 617 4063 qua
640 3993 930 4047 cohaeredis
950 4001 1148 4047 sortem
1170 3994 1382 4059 meruit,
1410 3992 1635 4047 ﬁdeliter
1657 3992 1872 4062 dispen-

289 4100 413 4140 sare
442 4083 782 4153 participibus
807 4082 937 4138 suis.
968 4083 1072 4138 Sed
1101 4098 1240 4137 nunc
1266 4083 1353 4137 ubi
1378 4083 1472 4149 ait,
1502 4082 1562 4138 Si
1594 4092 1757 4138 autem
1784 4084 1867 4137 in-

289 4177 447 4242 vitus,
489 4176 795 4247 dispensatio
821 4175 944 4229 mihi
970 4175 1159 4229 credita
1186 4185 1255 4228 es!
1278 4192 1296 4239 ;
1342 4175 1499 4230 talem
1530 4175 1867 4247 dispensato-

288 4280 404 4320 rem
430 4265 648 4335 intelligi
676 4265 861 4333 voluit,
891 4266 978 4336 qui
1008 4266 1239 4321 alienum
1269 4254 1558 4337 dispensat,
1593 4268 1733 4324 unde
1756 4268 1869 4339 ipse

287 4357 425 4413 nihil
450 4358 691 4428 accipiat.

358 4451 447 4506 55.
489 4450 629 4522 Ergo
650 4466 997 4524 quaecumque
1018 4466 1103 4507 res
1126 4463 1337 4523 propter
1356 4455 1497 4508 aliud
1519 4455 1713 4523 aliquid
1732 4471 1867 4523 qure-

282 4543 443 4605 ritttr,
486 4543 600 4597 sine
627 4542 787 4597 dubio
816 4542 1035 4597 inferior
1063 4552 1165 4607 est,
1197 4560 1350 4612 quam
1382 4544 1432 4597 id
1479 4553 1694 4613 propter
1724 4545 1863 4613 quod

278 4633 543 4702 quaeritur
564 4642 645 4685 :et
670 4633 789 4685 ideo
814 4632 941 4685 illud
966 4633 1188 4700 primum
1207 4641 1285 4685 est
1308 4640 1523 4700 propter
1547 4632 1686 4702 quod
1710 4635 1862 4687 istam
1912 4626 1917 4635 ’

278 4735 398 4774 rem
426 4720 638 4787 quzeris,
669 4734 775 4771 non
806 4720 901 4773 ista
932 4734 1018 4773 res
1048 4735 1203 4788 quam
1248 4730 1463 4789 propter
1492 4722 1619 4776 illud
1646 4725 1861 4792 qumris.

276 4814 618 4882 Quapropter
654 4810 698 4865 si
728 4810 1071 4881 Evangelium
1098 4820 1151 4865 et
1180 4826 1396 4882 regnum
1428 4814 1520 4869 Dei
1549 4824 1764 4885 propter
1788 4815 1864 4871 ci-

278 4907 408 4960 lium
423 4904 728 4973 quaerimus,
744 4903 975 4972 priorem
991 4902 1212 4957 facimus
1234 4905 1406 4958 cibum
1417 4947 1429 4969 ,
1446 4914 1498 4960 et
1515 4907 1775 4975 posterius
1788 4922 1865 4963 re-

271 5013 439 5070 gnum
453 4995 643 5062 Dei;ita
658 4996 766 5051 utsi
780 5011 885 5051 non
899 4995 1031 5051 desit
1043 4997 1320 5057 cibns,non
1332 5014 1629 5067 qureramus
1642 5015 1860 5071 regnum

277 5091 375 5145 Dei
402 5108 414 5145 :
432 5089 534 5145 hoc
546 5098 629 5145 est
648 5090 873 5160 primum
889 5103 1127 5159 qumrerc
1147 5089 1341 5157 cibum,
1361 5099 1413 5145 et
1432 5090 1621 5148 deinde
1641 5109 1859 5164 regnum

273 5181 397 5247 Dei,
431 5179 481 5235 id
508 5187 609 5244 est,
639 5179 741 5235 hoc
767 5179 946 5249 priore
976 5179 1093 5235 loco
1120 5196 1342 5252 ponere,
1371 5182 1498 5237 illud
1541 5185 1855 5255 posteriore.

269 5271 330 5326 Si
356 5279 528 5326 autem
552 5269 669 5324 ideo
689 5284 988 5340 qureramus
1008 5271 1206 5336 cibum,
1243 5281 1299 5326 ut
1320 5272 1609 5331 habeamus
1635 5290 1856 5347 regnum

272 5363 392 5422 Dei.
422 5361 641 5416 facimus
666 5361 806 5431 quod
823 5360 1020 5417 dictant
1050 5371 1149 5427 est,
1172 5363 1391 5428 Qutrrite
1410 5367 1627 5434 primum
1650 5384 1856 5440 regnum

269 5452 372 5505 Dei
401 5462 447 5505 et
466 5453 717 5518 justitiam
744 5453 873 5523 ejus,
901 5464 947 5507 et
975 5453 1081 5507 [nec
1108 5455 1276 5507 omnia
1303 5467 1617 5526 opponentur
1643 5458 1798 5513 vobis.

346 5541 570 5597 CAPUT
612 5540 773 5597 XVII.
815 5571 888 5584 —
922 5544 1010 5599 56.
1055 5544 1424 5611 Qttmrcntibus
1442 5536 1592 5603 enim
1625 5550 1850 5620 primum

267 5648 493 5702 regnum
524 5644 576 5687 et
598 5634 855 5703 justitiam
896 5635 990 5690 Dei
1018 5678 1031 5701 ,
1064 5635 1115 5691 id
1144 5646 1225 5693 est
1249 5680 1263 5700 ,
1296 5638 1398 5696 hoc
1426 5642 1852 5711 pret-ponentibus

263 5725 477 5781 ca-tcris
507 5726 682 5793 rebus,
713 5735 769 5782 ut
798 5737 1013 5798 propter
1047 5729 1144 5783 hoc
1173 5738 1363 5787 catera
1396 5748 1709 5801 qtncramus,
1746 5751 1848 5790 non

1607 326 1806 383 LIBER
1848 325 2135 381 SECUNM
2164 329 2200 377 3

3436 342 3572 398 i205

1988 438 2145 495 debet
2169 442 2386 499 subesse
2408 446 2709 503 sollicitudo
2738 464 2803 505 ne
2839 450 2921 505 illa
2950 449 3122 507 desint
3153 469 3268 525 qua:
3300 453 3420 511 huic
3450 461 3572 516 vitae

1988 540 2207 602 propter
2232 548 2451 604 regnum
2486 537 2576 594 Dei
2616 548 2741 595 sunt
2769 544 3084 600 necessaria.
3121 547 3265 602 Dixit
3305 551 3445 606 enim
3473 567 3569 609 su-

1990 624 2188 715 perius,
2211 623 2323 680 Scit
2346 624 2503 683 Pater
2526 640 2685 687 vester
2700 632 2837 705 quod
2859 634 3040 690 horum
3069 639 3290 694 omnium
3311 641 3568 715 indigetis.

1990 713 2060 770 Et
2084 715 2203 771 ideo
2229 731 2352 774 cum
2379 719 2632 790 dixisset,
2663 723 2884 791 Quterite
2909 728 3128 799 primum
3165 748 3374 805 regnum
3402 713 3498 792 Dei
3528 748 3575 792 et

1981 806 2235 898 justitiam
2261 810 2389 879 ejus,
2418 822 2521 867 non
2542 814 2695 883 dixit,
2718 817 2919 877 Deinde
2938 821 3036 877 ista
3058 825 3306 893 quaerite;
3328 830 3574 898 quamvis

1991 896 2097 950 sint
2127 900 2423 955 necessaria
2452 917 2468 957 :
2496 902 2590 959 sed
2619 906 2693 961 ait
2714 946 2730 975 ,
2753 910 2861 964 Ita'c
2880 912 3049 966 omnia
3074 896 3394 984 opponentur
3412 920 3572 987 vobis,

1992 986 2043 1042 id
2074 999 2153 1043 est
2182 1004 2591 1063 consequentur,
2624 998 2670 1053 si
2699 998 2788 1056 illa
2818 1004 3087 1073 qmeratis,
3115 1007 3232 1064 sine
3258 1010 3367 1067 ullo
3395 986 3574 1071 vestro

1993 1078 2372 1172 impedimento
2398 1101 2412 1138 :
2436 1101 2503 1142 ne
2523 1101 2642 1142 cum
2666 1090 2760 1143 ista
2786 1095 3041 1163 quteritis,
3064 1096 3207 1155 illinc
3226 1105 3572 1172 avertamini;

1989 1177 2081 1223 aut
2106 1184 2173 1225 ne
2196 1170 2331 1227 duos
2361 1173 2492 1267 ﬁnes
2517 1179 2883 1251 constituatis,
2912 1194 2969 1238 ut
2994 1192 3048 1241 et
3077 1203 3297 1259 regnum
3324 1193 3419 1248 Dei
3443 1170 3576 1267 pro;

1990 1266 2110 1328 pter
2136 1274 2196 1315 se
2219 1265 2481 1333 appetatis
2503 1308 2518 1335 ,
2550 1276 2603 1323 et
2631 1269 2728 1325 ista
2762 1275 3091 1342 necessaria;
3121 1279 3214 1335 scd
3248 1282 3361 1339 tneo
3400 1265 3577 1357 potius

1991 1358 2358 1427 propterillud
2389 1378 2402 1416 :
2432 1362 2501 1417 ita
2527 1364 2676 1419 vobis
2702 1384 2802 1421 non
2827 1368 3065 1426 deerunt.
3092 1373 3220 1441 Quia
3250 1376 3456 1435 duobus
3479 1381 3577 1436 do-

1993 1448 2151 1504 minis
2190 1453 2397 1508 scrvire
2439 1470 2544 1509 non
2589 1460 2825 1526 potestis.
2871 1463 3083 1518 Duobus
3125 1476 3303 1522 autem
3343 1470 3574 1527 dominis

1991 1538 2193 1595 servire
2219 1551 2461 1611 conatur,
2494 1547 2584 1615 qui
2619 1557 2671 1602 et
2701 1565 2918 1619 regnum
2962 1554 3053 1609 Dei
3085 1570 3180 1625 pro
3209 1575 3399 1631 magno
3430 1562 3573 1619 bono

1991 1630 2229 1699 appetit,
2258 1643 2311 1689 et
2340 1633 2453 1692 inec
2483 1641 2815 1709 temporalia.
2855 1644 2968 1699 Non
3012 1652 3205 1717 poterit
3233 1662 3409 1709 autem
3438 1656 3577 1711 sim-

1993 1721 2180 1816 plicem
2216 1723 2414 1782 habere
2451 1728 2662 1785 oculum
2687 1772 2703 1800 ,
2734 1741 2787 1788 et
2828 1736 2914 1790 uni
2948 1737 3170 1795 Domino
3209 1743 3316 1800 Deo
3344 1749 3567 1816 servire,

1992 1812 2088 1865 nisi
2117 1829 2466 1910 quaecumque
2490 1828 2615 1876 sunt
2637 1834 2850 1894 castora,
2882 1828 2926 1883 si
2956 1838 3082 1885 sunt
3107 1838 3425 1905 necessaria,
3457 1812 3573 1910 pro-

1993 1912 2107 1999 pter
2133 1905 2235 1962 hoc
2261 1922 2427 1964 unum
2470 1923 2741 1982 assumat,
2770 1917 2819 1971 id
2851 1928 2933 1975 est
2962 1933 3176 1992 propter
3202 1942 3421 1999 regnum
3454 1905 3568 1987 Dei.

1990 1994 2138 2049 Sicut
2173 2008 2349 2055 autem
2375 2015 2561 2059 omnes
2595 2006 2882 2065 militantes
2909 2014 3174 2085 accipiunt
3209 1994 3475 2079 annonam
3519 2036 3575 2082 et

1989 2087 2329 2158 stipendium,
2353 2093 2431 2150 sic
2448 2111 2634 2153 omnes
2650 2102 3070 2171 evangelizantes
3089 2110 3355 2180 accipiunt
3373 2115 3572 2172 victum

1987 2185 2035 2229 et
2069 2185 2450 2246 tegumentum.
2486 2182 2590 2240 Sed
2621 2201 2729 2243 non
2752 2204 2939 2247 omnes
2966 2205 3183 2265 pmpter
3207 2200 3431 2258 salutem
3462 2208 3572 2262 rei-

1989 2265 2214 2334 publicze
2239 2270 2486 2340 militant,
2528 2275 2623 2331 sed
2653 2288 2868 2349 propter
2893 2283 2981 2337 illa
3011 2300 3128 2353 qua:
3155 2290 3458 2360 accipiunt:
3490 2300 3571 2355 sic

1986 2365 2037 2409 et
2077 2372 2182 2412 non
2225 2373 2413 2417 omnes
2452 2374 2668 2434 propter
2707 2370 2931 2427 salutem
2978 2373 3230 2435 Ecclesia:
3269 2385 3571 2445 ministrant

1987 2445 2115 2513 Deo,
2146 2449 2239 2503 sed
2272 2461 2489 2522 propter
2527 2456 2639 2511 btec
2682 2465 3011 2533 temporalia,
3046 2484 3164 2539 qua:
3193 2479 3441 2545 tanquam
3472 2496 3570 2535 an-

1985 2550 2178 2635 nonam
2196 2546 2250 2593 et
2271 2542 2532 2635 stipendia
2560 2561 2983 2621 consequantur;
3008 2566 3099 2612 aut
3120 2569 3175 2615 et
3201 2542 3416 2635 propter
3440 2568 3561 2635 hoc,

1984 2633 2038 2730 et
2066 2637 2284 2730 propter
2309 2632 2457 2730 illud.
2488 2635 2596 2730 ASed
2626 2653 2785 2708 supra
2810 2640 2919 2713 jam
2948 2645 3144 2703 dictum
3175 2632 3442 2719 est,vNon
3470 2632 3567 2730 ροᾷ

1985 2718 2121 2774 testis
2138 2720 2335 2779 duobus
2362 2726 2577 2784 dominis
2605 2734 2807 2788 servire.
2839 2736 2978 2809 Ergo
3004 2742 3228 2811 simplici
3260 2718 3423 2811 corde
3452 2718 3569 2806 tan-

1987 2812 2259 2908 tummodo
2298 2826 2513 2888 propter
2548 2836 2769 2893 regnum
2816 2827 2906 2882 Dei
2945 2828 3201 2890 debemus
3232 2842 3440 2908 operari
3470 2844 3565 2899 bo-

1985 2918 2111 3001 num
2153 2905 2221 2960 ad
2263 2922 2479 3001 omnes;
2511 2929 2619 2970 non
2664 2925 2840 2974 autem
2888 2922 2941 2977 in
2983 2924 3082 2981 hac
3118 2905 3448 3001 operatione,
3481 2939 3566 2993 vel

1982 2994 2172 3093 solam,
2212 3000 2297 3057 vel
2337 3016 2458 3058 cum
2501 3021 2667 3078 regno
2709 3010 2802 3066 Dei
2845 2994 3168 3073 mercedem-
3194 2994 3564 3093 temporalium

2086 3088 2218 3146 itare
2267 3108 2281 3145 :
2339 3109 2565 3165 quorum
2617 3102 2852 3157 omnium
2910 3088 3316 3177 temporalium-
3350 3117 3566 3175 nomine

1982 3180 2271 3268 crastinum
2298 3186 2491 3254 posuit,
2518 3188 2723 3259 dicens,
2751 3191 2925 3249 Nolite
2942 3198 3160 3268 rogitare
3186 3201 3248 3255 de
3270 3206 3490 3262 crastino
3521 3211 3561 3263 ¹.

1980 3266 2095 3322 Νοιι
2123 3271 2263 3363 enim
2293 3273 2486 3330 dicitur
2512 3280 2773 3336 crastinus
2794 3282 2929 3351 dies,
2961 3266 3060 3343 nisi
3089 3288 3140 3342 in
3170 3298 3406 3363 tempore
3428 3337 3441 3361 ,
3474 3297 3563 3353 ubi

1984 3362 2253 3426 praeterito
2291 3365 2528 3422 succedit
2562 3368 2815 3427 futurum.
2857 3376 2998 3448 Ergo
3032 3394 3153 3435 cum
3198 3362 3396 3455 aliquid
3438 3388 3565 3448 boni

1981 3462 2285 3547 operamur,
2319 3471 2423 3512 non
2470 3463 2801 3532 temporalia,
2838 3467 2931 3522 sed
2976 3477 3174 3527 mterna
3214 3476 3507 3547 cogitemus
3546 3498 3561 3535 :

1984 3546 2106 3634 tunc
2136 3543 2235 3634 erit
2274 3545 2399 3601 illud
2443 3548 2638 3606 bonum
2684 3563 2736 3607 et
2774 3556 3062 3626 perfectum
3103 3577 3255 3634 opus.
3283 3543 3563 3626 'Crastintts

1979 3631 2110 3684 enim
2139 3633 2264 3701 dies,
2293 3635 2479 3708 inquit,
2505 3641 2750 3700 sollicitus
2775 3647 2867 3700 erit
2887 3648 2981 3702 sibi
3000 3651 3099 3722 ipsi
3125 3631 3150 3708 ε’
3174 3654 3221 3708 id
3245 3664 3327 3712 est
3353 3667 3409 3713 ut
3434 3676 3555 3715 cum

1979 3726 2274 3818 oportuerit
2302 3740 2482 3785 sumas
2508 3731 2683 3787 cibum
2712 3736 2797 3791 vel
2825 3748 3027 3809 potum,
3056 3742 3136 3797 vel
3170 3746 3558 3818 indumentum,

1978 3826 2099 3908 cum
2126 3814 2239 3908 ipsa
2266 3820 2467 3875 scilicet
2495 3827 2785 3883 necessitas
2822 3847 3010 3902 urgere
3044 3839 3287 3908 coeperit.
3318 3814 3562 3900 Aderunt

1977 3904 2120 3999 enim
2172 3907 2324 3977 hate,
2376 3915 2497 3983 quia
2550 3917 2695 3971 novit
2742 3918 2898 3976 Pater
2945 3904 3147 3981 noster-
3170 3928 3311 3999 quod
3366 3932 3555 3990 borum

1977 3997 2214 4053 omnium
2241 4000 2592 4073 indigeamus.
2625 4009 2821 4080 Sit/[icit
2841 4015 2990 4080 enim,
3025 3997 3210 4089 inquit,
3237 4023 3338 4077 diei
3365 4029 3560 4083 malitia

1975 4102 2069 4142 sua
2139 4089 2190 4143 id
2217 4100 2318 4184 est,
2346 4095 2539 4151 sufﬁcit
2564 4100 2703 4169 quod
2732 4103 2831 4159 ista
2854 4122 3064 4164 sumere
3094 4113 3297 4181 urgebit
3325 4117 3433 4184 ipsa
3467 4136 3563 4175 ne-

1974 4182 2218 4237 cessitas.
2259 4183 2427 4251 Quam
2470 4200 2749 4259 propterea
2788 4197 3040 4251 ntulitiam
3093 4182 3416 4259 nominatam
3472 4223 3561 4263 ar-

1976 4271 2162 4337 bitror,
2186 4277 2307 4345 quia
2337 4282 2559 4347 pwnalis
2579 4294 2656 4336 est
2682 4285 2831 4339 nobis
2862 4304 2874 4340 ;
2908 4290 3133 4357 pertinet
3160 4295 3303 4349 enim
3326 4297 3391 4352 ad
3418 4298 3554 4357 hanc

1973 4362 2311 4433 fragilitatem
2340 4378 2393 4423 et
2427 4374 2802 4430 mortalitatem
2824 4420 2837 4441 ,
2869 4396 3025 4449 quam
3056 4388 3325 4454 peccando
3353 4394 3557 4448 merui-

1973 4468 2093 4507 mus
2124 4454 2222 4528 (τι).
2251 4456 2383 4514 Huic
2412 4476 2538 4533 ergo
2565 4479 2736 4534 pecore
2756 4473 3062 4539 temporalis
3088 4478 3419 4536 necessitatis
3445 4485 3557 4541 noli

1974 4543 2171 4601 addere
2197 4548 2394 4618 aliquid
2421 4556 2651 4622 gravius,
2686 4566 2743 4612 tit
2773 4576 2875 4614 non
2914 4561 3085 4619 solum
3118 4568 3335 4637 patiaris
3364 4571 3555 4631 harum

1973 4650 2149 4735 rerum
2182 4639 2524 4735 indigentiam
2548 4687 2563 4713 ,
2595 4648 2687 4703 sed
2726 4650 2884 4706 etiam
2917 4663 3133 4725 propter
3171 4658 3307 4717 hanc
3334 4664 3557 4735 expleti-

1970 4724 2091 4780 dam
2124 4729 2319 4785 milites
2350 4731 2479 4788 Deo.

2041 4818 2128 4874 57.
2172 4820 2282 4876 Hoc
2312 4832 2488 4880 autem
2516 4825 2633 4884 loco
2661 4831 3006 4891 vehementer
3030 4840 3322 4899 cavendum
3350 4854 3453 4914 est,
3486 4863 3553 4905 ne

1970 4905 2104 4963 forte
2134 4924 2253 4964 cum
2296 4912 2585 4973 viderimus
2621 4920 2852 4991 aliquem
2882 4940 3107 4993 servum
3142 4929 3232 4986 Dei
3272 4905 3552 5002 providere

1968 5015 2036 5096 ne
2055 5000 2169 5096 ista
2213 5009 2512 5064 necessaria
2552 5010 2765 5078 desint,
2793 5016 2874 5069 vel
2912 5017 3047 5081 sibi,
3082 5021 3168 5076 vel
3207 5000 3288 5078 eis
3320 5040 3548 5096 quorum

1968 5092 2069 5148 sibi
2110 5108 2235 5149 cura
2274 5101 2555 5155 commissa
2594 5113 2693 5169 est,
2718 5105 3017 5174 judieemus
3045 5126 3166 5167 eum
3191 5092 3373 5171 contra
3407 5134 3544 5188 prte-

1968 5198 2178 5257 coptum
2208 5190 2412 5246 Domini
2442 5194 2699 5262 lacerc,et
2724 5198 2792 5254 de
2821 5201 3052 5257 crastino
3081 5219 3200 5260 esse
3230 5208 3532 5266 sollicitum.

1967 5278 2097 5333 Nam
2126 5291 2177 5334 et
2195 5282 2308 5351 ipse
2335 5283 2607 5350 Dominus,
2630 5288 2713 5342 cui
2733 5290 3101 5349 ministrabant
3123 5296 3308 5368 Augeli
3327 5300 3539 5369 (.llattn.

1968 5383 2040 5436 iv,
2090 5372 2149 5424 ll
2186 5371 2226 5440 ),
2258 5382 2433 5428 tamen
2477 5386 2692 5447 propter
2716 5381 3039 5451 exemplum,
3084 5400 3151 5442 ne
3199 5389 3317 5456 quis
3360 5401 3539 5459 postea

1963 5464 2269 5519 scandalum
2324 5474 2613 5535 pateretur,
2653 5484 2773 5526 cum
2820 5473 3049 5545 aliquem
3105 5493 3378 5534 servorum
3425 5500 3541 5554 ejus

1962 5556 2427 5616 animadvertisset
2474 5561 2572 5618 ista
2616 5568 2914 5622 necessaria
2959 5584 3282 5641 procurare,
3338 5577 3545 5636 loculos

2026 5682 2039 5711 ι
2066 5687 2238 5742 ιιιιιδε.
2264 5690 2414 5741 prope
2430 5679 2669 5741 omnibus,
2697 5679 2849 5733 Nolite
2868 5683 3058 5737 solliciti
3078 5699 3178 5737 esse
3198 5689 3256 5737 (te
3282 5691 3504 5742 (t'ttsfilm.

2022 5744 2094 5806 (τι)
2119 5741 2134 5791 Ι
2160 5750 2361 5795 netract.
2408 5756 2512 5803 mp.
2541 5742 2618 5804 19,
2650 5758 2696 5793 ιι.
2716 5745 2762 5794 9.
