4076 6476
516 308 652 367 1⁸205

512 418 711 475 habere
742 417 987 490 dignatus
1026 426 1107 475 est
1136 432 1254 473 cum
1288 418 1507 488 pecunia
1540 419 1579 485 ¹,
1607 417 1747 474 unde
1775 418 1957 473 usibus
1990 431 2088 472 ne-

508 512 759 567 cessariis
796 508 1049 581 quidquid
1077 525 1209 579 opus
1236 509 1420 565 fuisset
1462 510 1787 580 prreberetur
1818 526 1833 565 :
1863 524 2088 580 quorum

512 600 807 658 loculorum
848 610 1026 657 custos
1070 609 1123 654 et
1159 598 1276 664 fur,
1303 599 1440 655 sicut
1486 601 1740 670 scriptum
1770 608 1853 656 est
1880 642 1895 667 ,
1925 599 2087 656 ludas

512 691 631 760 fuit,
660 691 748 764 qui
778 707 898 750 eum
927 680 1139 745 tradidit
1165 690 1343 759 (Joan.
1376 707 1481 758 ιιι,
1510 690 1589 764 6).
1619 692 1767 748 Sicut
1790 700 1844 748 et
1874 701 2088 761 aposto-

509 786 591 839 lus
622 785 815 841 Paulus
857 781 1028 854 potest
1058 781 1222 838 videri
1265 772 1331 839 de
1368 785 1600 840 erastino
1635 784 1897 854 cogitasse
1920 825 1934 849 ,
1963 798 2083 839 cum

506 878 637 934 dixit
666 896 680 933 :
718 897 736 931 ι
767 879 840 934 De
866 869 1102 933 collectis
1124 887 1300 932 autem
1330 878 1381 932 in
1402 886 1617 934 sanctos
1640 920 1657 947 ,
1685 879 1821 935 sicut
1845 877 2083 933 ordinari

506 966 761 1024 Ecclesiis
786 969 1022 1036 Galatiae,
1057 969 1126 1024 ita
1161 978 1216 1025 et
1240 984 1336 1025 vos
1375 969 1530 1026 facile
1557 985 1570 1021 :
1600 970 1888 1026 secundum
1922 986 2079 1026 unam

505 1050 711 1117 sabbati
745 1054 1102 1131 unusquisque
1137 1056 1369 1116 vestrum
1408 1044 1544 1132 apud
1584 1077 1641 1115 se
1681 1073 1837 1131 ponat
1871 1061 2083 1139 thesau-

505 1153 702 1217 rizans,
742 1143 886 1223 quod
920 1153 967 1207 ei
1003 1154 1277 1222 placuerit,
1317 1163 1374 1207 ut
1412 1170 1517 1208 non
1559 1169 1679 1208 cum
1712 1169 1925 1218 venero,
1957 1163 2082 1210 tunc

503 1228 738 1301 collecta:
784 1242 912 1321 (iant
972 1240 1106 1299 Cum
1154 1240 1345 1321 autem
1375 1244 1672 1310 advenero,
1717 1260 2080 1315 quoscumque

506 1320 849 1407 probaveritis
881 1350 974 1404 per
999 1335 1250 1404 epistolas
1272 1376 1288 1401 ,
1332 1320 1432 1392 Itos
1457 1336 1657 1411 mittam
1692 1329 1924 1405 perferre
1954 1352 2079 1407 gra-

498 1417 628 1486 tiam
656 1438 881 1485 vestram
914 1429 966 1482 in
993 1427 1285 1483 Jerusalem
1313 1445 1326 1481 :
1357 1428 1495 1499 quod
1524 1427 1567 1483 si
1596 1428 1810 1499 dignum
1840 1428 1996 1485 fuerit
2023 1438 2079 1485 ut

502 1532 556 1577 et
591 1537 690 1592 ego
734 1536 881 1585 eam,
922 1535 1129 1575 mecum
1174 1520 1341 1575 ibunt.
1388 1520 1602 1599 Veniam
1633 1529 1809 1577 autem
1840 1521 1911 1575 ad
1937 1538 2030 1575 vos
2059 1564 2073 1589 ,

497 1604 624 1667 cum
656 1613 1010 1691 Macedoniam
1059 1612 1348 1670 transiero;
1391 1628 1511 1666 nam
1558 1600 1912 1691 Macedoniam
1959 1630 2079 1683 pcr-

502 1692 739 1761 transibo
781 1694 967 1775 :apnd
1009 1706 1101 1759 vos
1144 1714 1319 1758 autem
1362 1702 1580 1759 forsitan
1631 1705 1950 1768 remanebo,
1994 1705 2076 1759 \el

499 1797 657 1852 'ctiam
686 1795 950 1860 hiemabo,
978 1805 1033 1852 ut
1062 1809 1154 1849 Vos
1178 1811 1263 1851 me
1284 1778 1556 1851 deducatis
1582 1810 1914 1865 quocumque
1942 1794 2073 1851 iero.

499 1877 632 1943 l‘iulo
667 1888 808 1943 enim
843 1901 937 1940 vos
967 1900 1107 1941 nunc
1144 1885 1196 1942 in
1229 1886 1448 1942 transitu
1490 1886 1670 1941 videre
1701 1904 1713 1939 :
1747 1901 1904 1955 spero
1933 1886 2075 1941 enim

501 1994 583 2032 me
613 1976 822 2047 aliquod
855 1976 1107 2046 temporis
1137 1991 1350 2030 manere
1374 1966 1516 2046 apud.
1541 1990 1636 2030 vos
1656 2017 1670 2040 ,
1699 1977 1741 2030 si
1771 1976 2079 2048 permiserit

496 2051 774 2122 Dominus.
806 2066 1137 2121 Permancbo
1171 2074 1347 2122 autem
1376 2067 1570 2137 Ephesi
1600 2083 1765 2137 usque
1789 2067 1855 2122 ad
1882 2067 2074 2125 Pente-

496 2156 676 2213 ‘costen
721 2177 739 2210 ι
774 2157 811 2229 (Ι
836 2156 955 2212 Cor.
991 2173 1095 2222 χιιι,
1129 2158 1268 2227 1ο8).
1300 2155 1428 2212 Item
1460 2157 1510 2211 in
1545 2158 1764 2213 Actibus
1789 2158 2075 2228 Apostolo-

496 2242 613 2302 rum
642 2248 897 2317 scriptum
929 2255 1032 2312 est,
1057 2261 1118 2301 ea
1143 2262 1261 2317 qua:
1286 2246 1351 2302 ad
1378 2245 1572 2302 rictum
1600 2256 1723 2319 sunt
1750 2248 2072 2325 necessaria,

500 2340 789 2409 procurata
811 2338 928 2393 esse
956 2337 1008 2393 in
1058 2336 1290 2392 futurum
1334 2347 1548 2411 propter
1590 2337 1950 2395 imminentem
1995 2339 2073 2393 fa-

494 2432 656 2483 i'nem.
690 2427 777 2482 Sic
804 2427 946 2482 enim
974 2426 1199 2498 legimus
1228 2444 1241 2481 :
1275 2444 1293 2478 ι
1345 2422 1398 2480 lu
1432 2425 1533 2480 illis
1557 2437 1733 2482 autem
1760 2427 1947 2484 diebus
1975 2429 2073 2483 de-

495 2520 813 2577 scenderunt
866 2520 933 2574 ab
978 2513 1324 2589 IcrOsontnis
1375 2518 1646 2589 propheta:
1696 2520 2071 2587 Antiochiam,

497 2620 713 2683 eratque
751 2618 937 2683 magna
965 2607 1265 2667 exsultatio.
1305 2608 1651 2691 Congregatis
1687 2621 1862 2669 autem
1892 2613 2069 2679 nobis,

495 2714 720 2777 surgens
748 2719 885 2759 unus
908 2720 970 2759 ex
1002 2702 1102 2759 illis
1128 2704 1342 2759 nomine
1368 2702 1603 2774 Agabns,
1624 2702 1951 2774 significabat
1982 2721 2077 2777 per

494 2790 776 2868 Spiritum,
809 2795 1000 2853 famem
1030 2806 1273 2866 magnam
1305 2795 1532 2850 futuram
1571 2796 1623 2851 in
1650 2797 1897 2869 universo
1918 2815 2073 2853 mun-

493 2879 585 2956 do,
618 2902 737 2958 qua:
756 2896 809 2942 et
830 2884 964 2941 facta
993 2893 1075 2941 cst
1097 2885 1194 2940 sub
1209 2880 1435 2941 Claudio
1451 2884 1680 2942 Caesare.
1706 2886 2028 2944 Discentium
2053 2891 2074 2922 ⁸

494 2982 670 3038 autem
704 2988 759 3034 ut
788 2980 1012 3051 quisque
1036 2978 1359 3044 abundabat,
1387 2987 1687 3034 statuerunt
1712 2983 2075 3055 unusquisque

496 3088 677 3127 eorum
708 3071 758 3127 in
778 3070 1128 3125 ministerium
1147 3064 1357 3124 mittere
1376 3069 1698 3140 presbyteris
1712 3070 2073 3148 habitantibus

492 3160 547 3218 iu
572 3162 750 3217 .Indaea
778 3159 1025 3217 fratribus
1048 3202 1062 3228 ,
1090 3161 1256 3231 quiet
1283 3160 1539 3239 miserunt
1568 3176 1663 3230 per
1696 3177 1908 3217 manmn
1943 3150 2070 3218 Dar-

498 3253 649 3308 nabte
680 3262 732 3308 et
763 3251 905 3307 Sauli
955 3270 974 3304 ι
1006 3248 1139 3323 (Act.
1179 3266 1255 3316 ιι,
1293 3248 1363 3304 27
1391 3249 1504 3320 50).
1546 3240 1613 3306 Et
1640 3250 1783 3321 quod
1809 3253 2072 3322 naviganti

496 3340 669 3401 eidem
713 3342 955 3413 apostolo
994 3340 1159 3397 Paulo
1207 3341 1452 3412 imposita
1495 3349 1618 3397 sunt
1658 3343 1924 3408 utensilia,
1955 3360 2073 3414 qnze

478 3435 581 3491 'otTi
604 3437 857 3492 rebantur
887 3432 999 3506 (Id.
1042 3449 1226 3501 xxvnt,
1259 3434 1374 3507 10),
1413 3449 1517 3489 non
1561 3435 1627 3489 ad
1668 3450 1833 3491 unum
1872 3446 2072 3491 tantum

495 3520 635 3584 'di'em
678 3526 890 3582 videtur
915 3526 1083 3580 victus
1125 3540 1245 3581 esse
1286 3536 1619 3595 procuratus.
1662 3527 1730 3582 Et
1764 3529 1903 3599 quod
1934 3530 2071 3586 idem

495 3619 675 3678 Scribit
695 3654 713 3685 ,η
737 3610 835 3683 Qui
861 3615 1125 3689 {urubatur
1144 3658 1157 3679 ,
1179 3616 1295 3687 jam
1331 3631 1434 3670 non
1467 3617 1701 3685 (aretur;
1726 3620 1886 3690 magis
1908 3630 2076 3675 autent

497 3705 681 3764 laboret
723 3722 938 3778 operaus
979 3706 1207 3761 manibus
1252 3707 1358 3762 suis
1395 3710 1598 3772 bonum,
1642 3716 1697 3761 ut
1737 3695 2077 3764 habeatundc

497 3803 713 3858 tribuere
756 3801 837 3855 cui
865 3814 992 3870 opus
1028 3808 1101 3855 est
1130 3799 1151 3830 ⁸
1182 3797 1397 3869 (Ephes.
1432 3814 1504 3863 tv,
1531 3797 1622 3871 28)
1659 3818 1672 3854 :
1707 3800 1843 3854 male
1884 3802 2079 3856 intelli-

496 3890 741 3965 gentibus
764 3905 870 3945 non
888 3889 1098 3945 videtur
1116 3898 1329 3945 servare
1348 3897 1668 3958 prtcceptum
1688 3889 1916 3954 Domini,
1932 3891 2074 3959 quod

496 3990 568 4040 ait
591 4026 605 4049 ,
638 3983 887 4053 Respicite
905 3982 1127 4036 volatilia
1153 3979 1285 4047 creti,
1306 3981 1541 4051 quoniam
1568 3997 1669 4035 non
1696 3994 1888 4050 serunt,
1920 4000 2076 4053 neque

498 4073 708 4143 metunt,
728 4088 884 4145 neque
903 4082 1205 4144 congregant
1223 4073 1274 4125 in
1298 4073 1509 4136 horrea;
1530 4080 1608 4139 et,
1622 4068 1945 4128 Comiderate
1966 4073 2075 4129 lilia

495 4168 607 4238 agri
634 4163 881 4237 quomodo
915 4172 1174 4227 crescunt;
1212 4178 1312 4216 non
1336 4161 1567 4216 laborant
1596 4178 1751 4233 neque
1776 4174 1929 4229 ucnt;
1954 4180 2073 4220 eum

496 4246 609 4313 istis
636 4248 873 4328 prmcipit
896 4250 953 4310 ut
980 4250 1239 4317 laborent,
1262 4256 1546 4323 operantes
1566 4254 1812 4309 manibus
1838 4256 1970 4320 suis,
2004 4256 2074 4310 ita

496 4344 552 4405 ut
576 4338 808 4404 habeant
839 4344 977 4419 quod
1002 4345 1161 4401 etiam
1187 4344 1304 4398 aliis
1330 4344 1533 4413 possint
1558 4332 1814 4400 tribuere.
1842 4342 1906 4400 Et
1932 4346 2075 4415 quod

484 4436 635 4512 ‘sa‘pe
661 4426 728 4494 de
757 4438 935 4509 seipso
963 4436 1111 4503 dicit,
1138 4427 1283 4506 quod.
1303 4436 1543 4491 manibus
1568 4436 1679 4492 suis
1703 4448 1952 4512 operatus
1977 4440 2072 4504 sit,

494 4510 737 4602 nequem
758 4537 1002 4601 gravaret
1027 4527 1066 4599 (I
1088 4518 1261 4581 Thess.
1295 4540 1352 4593 ιι,
1374 4527 1426 4594 9,
1454 4538 1506 4582 et
1528 4522 1569 4581 Il
1596 4512 1773 4583 Thess.
1798 4545 1874 4595 Ill,
1904 4510 1956 4599 ἑ)
1979 4548 1993 4589 ;
2017 4540 2072 4585 et

492 4620 556 4677 de
580 4623 670 4677 illo
688 4622 942 4691 scriptum
960 4618 1192 4690 estquod
1215 4618 1544 4686 conjunxcrit
1558 4633 1616 4675 se
1629 4619 1831 4690 Aquili-
1854 4631 2070 4700 propter

492 4713 621 4769 artis
648 4702 1066 4775 similitudinem,
1090 4713 1148 4764 ιιι
1174 4709 1328 4765 simul
1348 4708 1696 4779 operarcntur
1716 4710 1853 4766 unde
1874 4712 2067 4765 rictum

492 4804 842 4875 transigerent
854 4801 989 4874 (Act.
1010 4814 1166 4864 xvnt,
1182 4799 1236 4866 ἓ,
1255 4799 1312 4870 5)
1329 4817 1341 4853 :
1358 4815 1462 4857 non
1478 4817 1495 4851 ι
1510 4799 1681 4854 idetur
1698 4800 1927 4855 imitatus
1944 4818 2072 4857 aves

490 4895 611 4950 ειηΙί
643 4874 697 4949 et
726 4893 833 4947 lilia
859 4890 993 4963 agri.
1024 4878 1116 4946 llis
1143 4900 1198 4945 et
1227 4874 1524 4961 huiusmodi
1556 4891 1951 4963 Scripturarunt
1991 4896 2070 4949 Ιοέ

489 4990 566 5044 eis
585 5028 602 5054 ,
630 4987 759 5041 satis
788 4992 1003 5056 apparet
1037 4982 1315 5038 Dominum
1343 4992 1582 5039 nostrum
1611 4998 1715 5039 non
1742 4985 1841 5040 hoc
1874 4986 2072 5058 impro-

492 5083 640 5148 bare,
666 5078 711 5133 si
740 5076 858 5148 quis
887 5076 1120 5130 bumano
1149 5089 1296 5129 more
1327 5074 1425 5128 ista
1448 5083 1732 5144 procuret;
1759 5077 1852 5130 sed
1873 5078 1921 5132 si
1951 5080 2071 5148 quis

492 5178 708 5242 propter
736 5168 834 5222 ista
866 5165 976 5221 Deo
1006 5164 1194 5220 militet
1218 5205 1234 5232 ,
1261 5174 1318 5220 ut
1348 5165 1400 5218 in
1436 5165 1687 5235 operibus
1710 5167 1822 5223 suis
1851 5183 1964 5224 non.
1984 5185 2070 5225 rc-

488 5276 649 5331 guum
681 5259 794 5324 Dei,
817 5255 912 5312 sed
940 5256 1160 5311 istorum
1190 5255 1594 5328 acquisilionem
1622 5257 1904 5313 intueatur.

691 5350 769 5406 Ad
797 5349 935 5405 hanc
961 5363 1090 5422 ergo
1133 5350 1370 5420 regulam
1414 5350 1516 5405 hoc
1554 5359 1721 5405 totum
1753 5362 2070 5423 prmceptum

555 5467 575 5527 ε
594 5473 698 5519 stas;
719 5469 849 5523 octo,
864 5460 1035 5526 quibus
1050 5461 1343 5528 portabatur
1358 5459 1577 5528 pecunia.

551 5522 688 5597 iam.
715 5531 788 5576 tzr.
809 5522 861 5575 et
876 5522 1007 5585 Lov.,
1028 5522 1439 5577 ὑεπεηάεηιὶιὶηι.
1460 5524 1629 5573 Verius
1646 5527 1755 5571 Mar.
1775 5530 1826 5574 et
1845 5532 1971 5588 Mss,
1993 5523 2072 5576 ni-

489 5595 786 5699 ”mss.
808 5648 949 5711 juxta
979 5659 1191 5711 grajcum
1213 5652 1405 5698 textum
1427 5643 1652 5711 apostoli.
1687 5652 1743 5695 At
1777 5653 1876 5697 Am.
1911 5653 1984 5695 Er.
2023 5656 2074 5699 et

491 5717 622 5771 nom,
643 5718 767 5761 mae
792 5707 969 5761 tribuat
985 5707 1079 5759 cui
1095 5721 1214 5771 opus
1232 5714 1304 5760 est
1325 5709 1451 5771 quod
1464 5707 1655 5758 ’bomnu
1675 5712 1759 5757 est.

1328 307 1411 360 Illi
1450 306 1769 362 SERMONIS
1818 306 2044 360 DUMINI
2088 304 2150 358 IN
2192 305 2441 371 MUNTE,
2483 307 2539 363 S.
2583 307 2947 365 AUCUSTINI

3651 317 3789 373 nos

2200 418 2470 489 redigitur,
2500 428 2557 474 nt
2582 421 2741 476 etiam
2770 423 2823 476 in
2852 423 3070 479 istorum
3099 427 3399 496 provisione
3428 443 3650 499 regnmn
3687 431 3782 486 Dei

2195 508 2505 579 cogitemus,
2544 511 2597 565 in
2642 512 2828 567 militia
2868 528 2993 568 vero
3031 516 3177 585 regni
3220 516 3311 571 Dei
3354 517 3451 571 ista
3491 536 3593 573 non
3631 522 3781 591 cogi-

2197 608 2386 655 temus.
2424 599 2499 656 lta
2535 600 2678 657 enim
2717 604 2924 658 etiamsi
2968 604 3250 676 aliquando
3288 608 3589 678 defuerint,
3634 611 3778 683 quod

2194 690 2501 763 plerumque
2521 702 2738 765 propter
2751 695 3187 754 exercitationem
3208 707 3444 763 nostram
3471 701 3609 758 Deus
3625 705 3778 770 sinit,

2193 797 2297 837 non
2328 783 2499 838 solum
2544 798 2648 840 non
2683 784 2962 842 debilitant
3001 790 3331 861 propositum
3376 801 3652 860 nostrum,
3681 797 3779 849 sed

2190 873 2353 930 etiam
2393 876 2751 932 examinatum
2795 867 3184 951 probatumque
3222 883 3562 939 confirmant.
3596 902 3618 938 ι
3652 886 3783 942 Glo-

2190 965 2389 1045 riamur
2412 965 2576 1034 enim,
2610 968 2799 1037 inquit,
2824 968 2876 1023 in
2904 969 3352 1039 tribulationibus,
3378 971 3608 1031 scientes
3630 976 3779 1047 quod

2191 1055 2458 1135 tribulatio
2486 1058 2792 1128 patientiam
2835 1058 3118 1130 operatur,
3150 1064 3399 1133 patientia
3438 1074 3614 1121 autem
3644 1072 3777 1137 pro-

2188 1146 2477 1233 batiouem,
2508 1150 2749 1220 probatio
2777 1146 2953 1209 autem
2981 1168 3152 1223 spem,
3184 1170 3307 1225 spes
3336 1171 3462 1211 vero
3492 1173 3597 1213 non
3639 1174 3776 1214 eou-

2189 1236 2390 1305 fundit;
2410 1240 2533 1311 quia
2554 1240 2786 1301 charitas
2807 1242 2899 1297 Dei
2924 1234 3115 1300 diffusa
3135 1254 3217 1300 est
3233 1244 3284 1300 in
3305 1246 3553 1302 cordibus
3572 1250 3775 1305 nostris

2187 1346 2282 1413 per
2309 1330 2562 1402 Spiritum
2586 1320 2827 1389 sanctum
2852 1335 2943 1405 qui
2967 1334 3122 1391 datus
3142 1345 3225 1391 est
3266 1337 3418 1392 nobis
3446 1357 3465 1390 ι
3505 1337 3681 1410 (Rom.
3715 1357 3768 1408 ν,

2185 1422 2332 1494 5-5).
2380 1422 2436 1477 1η
2485 1424 2990 1481 commemoratione
3037 1435 3214 1483 autem
3266 1428 3664 1484 tribulationum
3704 1445 3774 1486 ac

2186 1516 2431 1573 laborum
2459 1532 2677 1597 suorum
2718 1508 2856 1574 idem
2887 1519 3159 1588 apostatus
3201 1535 3303 1597 non
3338 1529 3539 1575 tantum
3569 1522 3622 1576 in
3651 1537 3774 1578 car-

2183 1609 2392 1665 ceribus
2417 1620 2471 1665 et
2496 1593 2803 1680 naufragiis,
2834 1621 2992 1680 atque
3022 1593 3324 1681 lnijnsmodi
3357 1613 3537 1667 nmltis
3596 1615 3771 1669 mole-

2182 1700 2319 1768 stiis,
2351 1688 2445 1756 sed
2474 1702 2632 1754 etiam
2665 1701 2718 1755 in
2748 1700 2885 1756 fame
2914 1710 2968 1756 et
2994 1701 3107 1768 siti,
3139 1702 3191 1756 in
3221 1701 3419 1772 frigore
3447 1712 3501 1756 ct
3532 1704 3771 1761 nuditate

2182 1805 2241 1847 se
2270 1792 2537 1847 laborasse
2579 1800 2961 1847 commemorat
3002 1776 3064 1864 (Il
3086 1792 3204 1848 Cor.
3244 1808 3296 1847 ιι
3320 1832 3337 1859 ,
3364 1780 3581 1864 23-27).
3609 1793 3768 1863 Quod

2181 1897 2301 1938 cum
2330 1884 2580 1954 legimus,
2609 1880 2713 1939 non
2747 1885 3073 1939 testimemus
3106 1871 3314 1940 Domini
3343 1886 3600 1956 promissa
3632 1888 3765 1943 littl-

2181 1975 2355 2042 bassc,
2380 1984 2436 2030 ut
2462 1974 2655 2030 famem
2683 1990 2745 2030 ac
2770 1974 2913 2031 sitim
2934 1968 2987 2030 et
3011 1962 3301 2031 nuditatem
3334 1981 3604 2046 pateretur
3624 1978 3771 2048 Apo-

2180 2066 2369 2132 stolus,
2393 2079 2639 2135 quzerens
2667 2080 2887 2136 regnum
2917 2075 2970 2121 et
2987 2065 3244 2136 justitiam
3275 2066 3391 2132 Dei,
3418 2082 3540 2121 cum
3561 2067 3766 2125 dictum

2180 2160 2245 2213 sit
2273 2158 2446 2223 nobis,
2472 2157 2691 2225 Quwrite
2710 2138 2927 2227 primum
2952 2173 3158 2229 regnum
3186 2140 3280 2214 Dei
3303 2168 3349 2212 et
3358 2158 3609 2228 justitiam
3629 2160 3763 2230 ejus,

2179 2261 2225 2303 et
2264 2252 2369 2303 [nec
2406 2248 2573 2303 omnia
2609 2258 2930 2319 opponentur
2965 2249 3100 2303 vobis
3139 2263 3159 2303 :
3197 2244 3618 2319 quandoquidem
3661 2252 3765 2306 ista

2180 2341 2313 2395 sicut
2338 2339 2600 2409 adjutoria
2628 2339 2775 2395 novit
2810 2338 2899 2394 ille
2923 2338 3184 2403 medicus,
3211 2338 3294 2393 cui
3317 2340 3481 2394 semel
3503 2355 3599 2395 nos
3620 2350 3764 2395 totos

2179 2428 2541 2486 eomntisimus
2566 2469 2582 2493 ,
2610 2439 2664 2484 et
2693 2446 2721 2483 a
2759 2443 2864 2499 quo
2904 2422 3160 2484 habemus
3202 2430 3608 2499 promiSsionem
3639 2432 3763 2487 vita:

2178 2523 2455 2594 persentis
2474 2532 2527 2578 et
2547 2506 2752 2587 futurzn,
2772 2522 2983 2592 quando
2999 2526 3250 2593 apponat,
3265 2521 3475 2591 quando
3494 2522 3760 2582 detrahat.

2179 2615 2316 2670 sicut
2347 2614 2497 2669 nobis
2521 2614 2723 2683 iudicat
2752 2614 3039 2684 expedire;
3070 2629 3203 2683 quos
3232 2623 3287 2668 et
3326 2614 3679 2669 consolandos
3704 2626 3763 2670 ct

2179 2703 2503 2759 exercendo.»
2526 2688 2575 2757 in
2603 2696 2699 2757 hac
2718 2702 2845 2768 vita,
2872 2714 2923 2756 et
2948 2694 3065 2772 post
3090 2702 3226 2759 hanc
3247 2704 3405 2757 vitam
3432 2704 3481 2757 in
3507 2714 3764 2775 perpetua

2180 2794 2362 2864 requie
2387 2777 2730 2849 stabiliendos
2764 2801 2922 2863 atque
2959 2792 3247 2848 firmandos
3272 2794 3561 2864 gubernat,
3593 2810 3656 2850 ac
3681 2795 3767 2850 die

2180 2886 2321 2957 rigit.
2347 2885 2463 2941 Non
2480 2885 2621 2940 enim
2643 2894 2697 2941 et
2717 2885 2897 2948 homo,
2920 2900 3041 2940 cum
3070 2886 3378 2955 plerumque
3394 2886 3640 2956 jumento
3663 2902 3765 2940 suo

2179 2977 2373 3033 cibaria
2404 2962 2669 3041 detrahit,
2693 2975 2891 3031 deserit
2920 2976 3052 3031 illud
3070 2970 3196 3032 cura
3223 2992 3313 3031 sua
3335 3019 3349 3043 ,
3371 2992 3433 3031 ac
3458 2994 3561 3032 non
3589 2979 3767 3048 potius

2179 3066 2413 3123 curando
2441 3066 2553 3122 bzec
2587 3064 2730 3121 facit.

2250 3140 2472 3214 CAPUT
2520 3156 2703 3211 XVIII.
2744 3187 2815 3197 —
2852 3146 2940 3212 ὅθ’.
2986 3158 3046 3212 Iit
3087 3159 3334 3227 quoniam
3378 3174 3496 3232 cqm
3540 3160 3635 3214 ista
3675 3163 3759 3215 vel

2182 3250 2533 3319 procurantur
2575 3249 2626 3304 in
2666 3247 2897 3305 futurum
2922 3291 2935 3315 ,
2978 3250 3058 3305 vel
3087 3252 3129 3303 si
3160 3266 3316 3305 causa
3346 3267 3450 3305 non
3490 3263 3571 3307 est
3596 3269 3765 3323 quare

2183 3340 2271 3393 illa
2302 3339 2577 3409 impendas
2599 3379 2614 3404 ,
2647 3349 2985 3395 reservantur
3008 3382 3021 3402 ,
3056 3338 3315 3395 incertum
3343 3351 3424 3396 est
3448 3360 3553 3413 quo
3580 3344 3766 3397 animo

2183 3432 2296 3496 fiat,
2321 3446 2440 3484 cum
2472 3430 2637 3501 possit
2663 3430 2885 3500 simplici
2916 3431 3075 3485 corde
3112 3432 3247 3500 fieri,
3283 3435 3449 3502 possit
3469 3445 3521 3489 ιι
3542 3435 3762 3505 duplici,

2180 3530 2477 3592 opportune
2509 3520 2611 3577 hoc
2648 3521 2771 3575 loco
2804 3521 3030 3590 subjecit
3062 3540 3073 3574 :
3106 3522 3157 3575 Ν
3161 3524 3278 3579 alite
3297 3525 3533 3593 judicare
3554 3568 3567 3589 ,
3597 3544 3661 3581 uc
3675 3530 3770 3598 ju-

2182 3612 2373 3665 dicatur
2399 3611 2459 3665 de
2493 3610 2628 3666 vobis
2652 3626 2670 3666 :
2696 3612 2747 3665 in
2776 3628 2872 3682 quo
2900 3611 3030 3667 enim
3060 3614 3253 3683 iudicio
3276 3616 3622 3685 judicaveritis
3641 3660 3657 3684 ,
3672 3619 3768 3689 ju-

2182 3702 2427 3757 dicabitur
2464 3700 2527 3758 de
2567 3690 2737 3768 voltis;
2768 3714 2813 3757 et
2849 3702 2902 3756 in
2938 3706 3036 3773 qua
3076 3721 3310 3760 mensura
3345 3707 3501 3760 mensi
3527 3708 3726 3776 {ueritis
3747 3752 3763 3773 ,

2182 3793 2462 3849 remetietur
2500 3794 2653 3848 vobis.
2698 3794 2809 3848 IIoc
2850 3780 2966 3847 loco
3006 3793 3137 3849 nihil
3177 3796 3315 3850 aliud
3354 3796 3508 3852 nobis
3548 3801 3767 3868 praecipi

2182 3886 2455 3948 existimo,
2488 3886 2587 3938 nisi
2616 3894 2672 3938 ιιι
2699 3900 2759 3938 ea
2791 3884 2922 3939 facta
2953 3902 3070 3954 qum
3100 3886 3315 3941 duliiani
3345 3899 3427 3942 est
3450 3905 3556 3959 qun
3585 3891 3768 3944 animo

2184 3977 2329 4040 fiant,
2364 3976 2415 4029 in
2447 3975 2717 4030 meliorem
2752 3985 2951 4043 partem
2985 3975 3416 4046 interpretemur.
3445 3978 3599 4045 Quod
3621 3981 3766 4035 enim

2181 4067 2434 4135 scriptum
2461 4072 2543 4119 est
2566 4104 2582 4128 ,
2617 4062 2697 4118 Ex
2736 4064 2980 4135 fructibus
3010 4080 3182 4119 eorum
3207 4069 3513 4137 cognoscetis
3541 4084 3627 4123 eos
3652 4111 3667 4133 ,
3700 4071 3769 4124 de

2183 4155 2477 4211 manifestis
2505 4155 2705 4211 dictum
2735 4163 2817 4210 est
2836 4196 2851 4222 ,
2878 4172 2997 4225 qua:
3037 4172 3141 4211 non
3170 4167 3393 4227 possunt
3421 4159 3561 4215 bono
3587 4162 3770 4214 auium

2183 4246 2295 4301 fieri
2328 4265 2340 4301 :
2368 4247 2505 4302 sicut
2532 4254 2657 4301 sunt
2695 4254 2876 4316 stupra
2904 4247 3029 4321 ,δἐι
3056 4247 3400 4319 ὺΙτιεριιειῐιίειι
3423 4289 3439 4316 ,
3468 4251 3549 4304 vel
3584 4250 3721 4303 furta
3747 4294 3765 4315 ,

2181 4338 2262 4392 vel
2280 4337 2633 4403 ebriositates,
2655 4346 2709 4391 et
2728 4337 2774 4391 si
2794 4354 2894 4407 qua
2916 4347 3038 4392 sunt
3059 4338 3201 4401 talia,
3223 4338 3291 4393 de
3308 4341 3497 4407 quibus
3517 4342 3768 4412 nobisjn-

2181 4427 2360 4483 dicare
2388 4427 2731 4499 permittitur,
2764 4427 2974 4483 dicente
3002 4429 3273 4500 Apostolo,
3317 4428 3453 4496 Quid
3480 4432 3617 4495 enim
3641 4435 3767 4487 mihi

2181 4504 2244 4574 de
2277 4518 2339 4572 iis
2376 4517 2463 4589 qui
2493 4518 2623 4589 foris.
2644 4526 2761 4571 sunt
2779 4515 3058 4590 judicare?
3095 4516 3281 4572 Nonne
3314 4519 3378 4573 de
3413 4520 3476 4574 iis
3511 4521 3598 4591 qui
3632 4522 3766 4575 intus

2180 4616 2301 4661 sunt
2331 4622 2417 4662 vos
2434 4607 2683 4679 judicatis
2710 4606 2754 4678 (I
2776 4605 2893 4661 Cor.
2925 4622 2979 4672 ν,
3011 4607 3134 4679 I2)?
3163 4608 3235 4663 De
3259 4624 3455 4678 genere
3479 4618 3654 4666 autem
3684 4613 3762 4666 ci-

2182 4683 2370 4753 borum
2396 4741 2410 4763 ,
2442 4700 2561 4768 quia
2608 4707 2829 4768 possunt
2872 4699 3012 4752 bono
3041 4699 3221 4753 animo
3257 4708 3313 4755 et
3347 4700 3577 4770 simplici
3601 4704 3761 4757 corde

2180 4792 2297 4847 sine
2326 4792 2452 4847 vitio
2479 4791 2924 4861 concupiscentiae
2952 4793 3273 4862 quicumque
3301 4792 3516 4848 humani
3542 4794 3646 4848 cibi
3679 4796 3758 4849 in-

2180 4873 2486 4941 d'iﬂ‘erentcr
2510 4884 2669 4950 sumi,
2702 4883 2945 4954 prohibet
2972 4884 3110 4940 idem
3137 4885 3650 4955 apostolnsjudimri
3671 4903 3763 4942 eos

2181 4976 2269 5046 qui
2304 4975 2550 5030 carnibus
2586 4973 2936 5029 vescebantur
2972 4984 3028 5030 et
3063 4976 3242 5029 vinum
3282 4975 3557 5045 bibebant,
3584 4978 3652 5032 ab
3682 4981 3762 5033 eis

2180 5066 2267 5135 qui
2314 5081 2373 5120 se
2416 5065 2483 5120 ab
2530 5049 2830 5134 Itujnsmodi
2879 5065 3145 5120 alimentis
3198 5067 3617 5136 temperabant:
3664 5070 3759 5136 Qui

2181 5154 2487 5220 manducat‘,
2518 5155 2685 5224 inquit
2709 5197 2722 5219 ,
2753 5171 2852 5209 non
2898 5154 3279 5210 manducantem
3317 5169 3417 5210 non
3447 5169 3689 5228 spernat;
3719 5174 3761 5212 et

2179 5245 2262 5317 qui
2288 5261 2386 5298 non
2413 5243 2705 5310 manducat,
2734 5245 3113 5299 manducantem
3142 5262 3239 5298 non
3258 5245 3474 5314 judicet.
3504 5247 3577 5301 lbi
3601 5250 3762 5303 etiam

2179 5339 2252 5395 ait
2284 5356 2295 5392 :
2325 5335 2403 5391 Tu
2431 5338 2539 5407 quis
2574 5348 2624 5390 es
2645 5379 2659 5402 ,
2687 5337 2770 5407 qui
2802 5337 3000 5409 judices
3038 5338 3256 5392 alienum
3294 5340 3532 5393 servum?
3557 5341 3757 5396 domine

2181 5444 2272 5484 suo
2299 5435 2418 5495 stat,
2436 5434 2519 5479 aut
2543 5426 2674 5479 cadit
2698 5426 2870 5497 (llam.
2900 5442 3003 5490 xw,
3030 5428 3082 5488 3.
3107 5426 3182 5497 4).
3214 5427 3285 5481 De
3305 5415 3494 5483 talibus
3512 5429 3653 5483 enim
3679 5447 3775 5485 re-

2181 5519 2279 5574 bus
2312 5532 2431 5592 qua:
2471 5525 2691 5586 possunt
2733 5516 2872 5570 bono
2907 5526 2961 5571 ct
2998 5517 3222 5586 simplici
3260 5526 3317 5573 et
3355 5522 3547 5588 magno
3583 5520 3759 5574 animo

2181 5607 2315 5673 fieri,
2346 5609 2585 5680 quamvis
2621 5611 2823 5678 possint
2851 5610 3014 5664 ctiam
3056 5624 3159 5664 non
3192 5608 3351 5676 bone,
3391 5609 3639 5666 volebant
3685 5613 3767 5665 illi

2178 5712 2299 5756 eum
2330 5699 2572 5754 homines
2600 5712 2811 5766 essent,
2842 5701 2890 5754 iu
2919 5696 3122 5755 occulta
3151 5701 3327 5756 cordis
3363 5701 3503 5758 ferre
3540 5714 3725 5760 senten
