4076 6458
318 398 459 453 ελῖξΠ

320 528 472 577 tiam,
496 512 562 567 de
585 514 773 582 quibus
804 510 947 565 solus
970 508 1343 578 Dcusjudicat.

394 606 483 659 ιιι).
525 603 604 657 Ad
633 604 732 657 hoc
766 603 994 671 pertinet
1033 601 1191 655 etiam
1224 599 1349 653 illud
1378 600 1515 667 quod
1547 600 1649 651 alio
1678 600 1793 651 loro
1821 597 1904 651 di-

316 712 332 744 ι
356 698 393 747 it
426 712 436 745 :
473 693 644 746 Nolite
661 702 777 746 ante
800 702 992 762 tempus
1017 691 1289 761 quidquam
1305 690 1558 760 judicare,
1583 688 1907 759 quoadusque

312 791 484 843 uariat
515 789 776 850 Dominus,
815 787 901 857 qui
941 797 985 840 et
1015 784 1318 840 illuminabit
1356 784 1647 838 abscondita
1674 778 1903 835 tenebra-

315 899 454 947 iam,
502 891 546 933 et
583 877 919 947 manifestabit
965 876 1288 946 cogitationes
1326 874 1541 927 cordis:
1569 880 1614 925 et
1652 883 1766 924 tunc
1795 870 1905 923 laus

314 975 409 1024 erit
439 972 709 1041 animique
732 988 763 1022 a
797 969 900 1022 Deo
928 969 972 1039 (ι
995 967 1113 1021 Car.
1141 982 1209 1029 rv,
1239 966 1317 1037 5).
1351 968 1486 1018 Sunt
1512 980 1639 1033 ergo
1661 962 1902 1033 quaedam

315 1065 456 1116 tacta
486 1062 677 1125 media,
701 1077 819 1130 qua:
853 1061 1154 1129 ignoramus
1182 1066 1285 1127 nuo
1315 1058 1494 1110 animo
1523 1057 1665 1118 Iianl,
1701 1055 1822 1123 quia
1853 1064 1905 1107 et.

312 1156 460 1208 bono
487 1164 537 1209 et
570 1154 709 1210 malo
740 1153 849 1208 ﬁeri
881 1160 1118 1220 possunt,
1143 1150 1210 1203 de
1235 1150 1424 1218 quibus
1456 1147 1793 1201 tcmerarimn
1825 1156 1906 1199 est

310 1246 579 1312 judicare,
625 1243 853 1296 maxime
892 1251 945 1293 ιιι
990 1239 1425 1293 condemnemus.
1481 1238 1677 1290 llorum
1725 1244 1902 1289 autem

314 1339 498 1391 veniet
526 1336 735 1405 tempus
765 1333 1161 1402 utjudiccntur,
1186 1347 1305 1385 cum
1328 1330 1577 1383 Dominus
1604 1326 1903 1382 illuminabit

308 1427 610 1480 abscondita
639 1425 967 1481 tenebrarum,
998 1432 1042 1475 et
1079 1421 1417 1489 natnifestabit
1453 1419 1776 1489 cogitationes
1800 1433 1904 1470 cor-

310 1520 415 1571 dis.
452 1518 581 1572 Item
617 1516 719 1568 alio
740 1514 859 1567 loco
889 1513 1014 1566 dicit
1042 1512 1179 1565 idem
1206 1511 1475 1579 apostolus
1508 1527 1520 1562 :
1556 1507 1903 1572 Quorumdam

304 1611 578 1662 hominum
605 1616 805 1675 peccata
836 1605 1100 1672 manifesta
1130 1612 1266 1661 sunt.
1300 1599 1636 1670 pra'ccdentia
1663 1598 1729 1649 ad
1751 1597 1899 1666 judi-

308 1700 448 1751 cium
470 1714 489 1761 ;
514 1700 742 1767 qtaedam
768 1706 931 1747 autem
953 1693 1403 1762 etsubscquuntur.
1434 1689 1706 1743 Manifesta
1732 1704 1791 1741 ea
1821 1688 1896 1741 di-

309 1790 407 1853 cit,
437 1789 504 1842 de
532 1788 722 1857 quibus
758 1787 959 1839 clarum
988 1794 1069 1838 est
1094 1799 1197 1853 quo
1222 1783 1399 1835 animo
1425 1784 1551 1834 liant
1576 1800 1588 1836 :
1622 1780 1734 1833 lnec
1759 1795 1901 1847 pra:-

314 1883 522 1937 cedunt
557 1881 622 1934 ad
644 1879 933 1949 judicium;
965 1878 1147 1940 idest,
1172 1876 1293 1945 quia
1333 1875 1376 1927 si
1408 1874 1561 1926 fuerit
1588 1873 1685 1927 ista
1714 1872 1899 1923 subse-

307 1985 496 2027 cutum
524 1972 798 2042 judicium,
843 1986 945 2022 non
986 1978 1067 2021 est
1102 1967 1458 2025 temerarium.
1502 1964 1903 2031 Subsequnntur

308 2075 491 2118 autent
523 2065 606 2117 illa
634 2079 751 2131 qua:
795 2061 1001 2113 occulta
1045 2067 1196 2121 sunt;
1227 2058 1347 2126 quia
1381 2072 1478 2109 nec
1524 2056 1634 2123 ipsa
1667 2053 1903 2106 latebttnt

311 2168 559 2224 tempore
586 2169 703 2207 suo.
735 2153 821 2213 Sic
842 2162 894 2204 et
924 2150 1163 2204 debonis
1193 2148 1341 2208 factis
1368 2145 1763 2213 intelligendum
1796 2151 1895 2195 est.

308 2248 446 2301 Nam
490 2247 562 2300 ita
606 2245 872 2314 subjungit
897 2262 908 2296 :
938 2242 1182 2296 Similiter
1217 2251 1260 2293 ct
1299 2240 1429 2307 facta
1464 2238 1591 2290 bona
1634 2238 1899 2306 manifesta

306 2348 466 2403 sunt;
492 2348 536 2390 et
563 2352 881 2406 qucvcumqne
902 2336 1048 2386 aliter
1083 2350 1133 2386 se
1161 2332 1362 2397 habent,
1395 2330 1629 2382 abscondi
1653 2346 1749 2380 non
1780 2344 1897 2396 pos-

307 2439 429 2483 sunt
453 2428 496 2497 (Ι
526 2427 657 2480 Tim.
682 2444 733 2491 v,
761 2427 851 2489 2i,
1015 2426 1087 2477 De
1112 2423 1403 2478 manifestis
1424 2438 1552 2490 ergo
1568 2422 1895 2489 jutlicemus;

305 2520 379 2573 de
411 2518 633 2572 occultis
664 2532 789 2569 vero
833 2516 939 2569 Deo
962 2515 1217 2583 judicium
1253 2514 1612 2581 relinquamus
1638 2529 1649 2562 :
1680 2510 1800 2579 quia
1846 2519 1900 2563 et

306 2611 425 2678 ipsa
456 2607 705 2661 abscondi
733 2623 836 2659 non
874 2613 1112 2674 possunt,
1147 2605 1255 2657 sive
1284 2603 1418 2657 mala
1445 2603 1557 2656 sive
1587 2602 1742 2664 bona,
1775 2616 1895 2654 cmn

310 2710 525 2767 tempus
547 2698 818 2751 advenerit
844 2712 948 2766 quo
979 2694 1399 2749 manifestentur.

384 2793 472 2845 (il.
514 2791 629 2843 Duo
654 2799 777 2843 sunt
802 2796 978 2842 autem
1002 2788 1052 2840 in
1079 2787 1269 2856 quibus
1290 2784 1895 2853 temerariumjudicium

307 2899 500 2937 cavere
527 2881 814 2945 debemus;
847 2896 965 2934 cmn
993 2880 1253 2943 incertum
1292 2888 1373 2932 est
1402 2894 1505 2947 quo
1532 2878 1709 2930 aninm
1731 2877 1893 2946 quid-

306 2994 414 3047 que
432 2977 624 3031 factum
647 2976 736 3039 sit,
760 2976 842 3033 vel
870 2990 987 3029 cum
1012 2975 1267 3027 incertum
1292 2980 1375 3026 est
1403 2972 1572 3041 qualis
1601 2972 1806 3024 futurus
1829 2971 1897 3023 sit

307 3071 399 3137 qui
422 3068 649 3127 nuncvcl
668 3068 838 3120 bonus
854 3066 938 3119 vel
953 3065 1122 3118 malus
1140 3071 1376 3132 apparet.
1398 3064 1451 3116 Si
1472 3062 1891 3131 ergoqnispiam,

306 3160 457 3213 verbi
486 3159 670 3228 gratia,
704 3165 1023 3226 conquestus
1044 3155 1109 3209 de
1136 3154 1411 3209 stomacho
1434 3153 1675 3221 jejunare
1700 3152 1891 3217 noluit,

305 3263 357 3304 et
394 3261 448 3304 ιιι
482 3251 533 3304 id
577 3266 680 3303 non
723 3249 946 3303 credens
975 3248 1248 3302 edacitatis
1276 3247 1327 3300 id
1362 3247 1487 3300 vitio
1516 3246 1784 3311 tribuetis,
1818 3257 1894 3299 te-

306 3357 457 3396 mere
480 3340 759 3409 judicabis.
791 3339 919 3393 Item
950 3340 993 3392 si
1016 3338 1346 3391 manifestam
1376 3337 1689 3390 edacitatem
1712 3336 1890 3390 ebrio-

306 3432 624 3498 sitalemque
669 3428 1012 3497 cognoveris,
1059 3436 1113 3481 et
1161 3427 1232 3480 ila
1280 3425 1687 3493 reprehenderis
1736 3427 1887 3495 quasi

307 3536 577 3590 utinquam
609 3520 695 3573 ille
718 3518 883 3588 possit
908 3518 1098 3587 corrigi
1124 3526 1283 3587 atque
1309 3518 1519 3582 nmlari,
1548 3517 1890 3571 nihilominus

306 3623 510 3666 temere
538 3608 819 3679 judicabis.
852 3607 966 3665 Non
1006 3624 1132 3679 ergo
1177 3608 1629 3677 reprehendamus
1671 3624 1730 3661 αι
1772 3625 1889 3678 qua:

306 3701 575 3755 nescimus
600 3716 705 3769 quo
731 3699 910 3753 animo
938 3699 1097 3763 fiant;
1131 3714 1301 3768 neque
1331 3700 1400 3752 ita
1431 3700 1889 3768 reprehendamus

304 3810 425 3862 qua:
452 3793 727 3847 manifesta
755 3801 895 3855 sunt,
923 3800 979 3845 ut
1003 3790 1346 3860 desperemus
1376 3794 1655 3846 sanitatem
1679 3810 1692 3855 ;
1724 3803 1778 3847 et
1809 3796 1888 3848 vi-

305 3885 536 3937 tabimus
566 3883 824 3953 judicium
855 3882 919 3936 de
963 3898 1068 3952 quo
1115 3897 1254 3936 nunc
1281 3882 1494 3948 dicitur,
1540 3881 1716 3936 Nolite
1736 3886 1885 3954 judi-

304 3994 439 4037 care,
465 3994 526 4029 ne
540 3976 798 4045 judicetur
818 3976 880 4027 de
907 3974 1062 4029 vobis.

378 4066 467 4119 62.
510 4066 689 4119 Potest
716 4076 889 4119 autem
914 4080 1133 4119 movere
1162 4065 1301 4134 quod
1322 4066 1414 4131 ait,
1446 4065 1509 4119 In
1530 4083 1626 4134 quo
1651 4069 1781 4121 enim
1794 4070 1887 4137 ju-

306 4158 439 4210 dicio
459 4157 825 4228 judicaveritis,
844 4156 1161 4224 judicabitur
1185 4156 1248 4209 de
1276 4157 1448 4220 vobis;
1474 4168 1520 4210 et
1550 4158 1601 4210 in
1626 4176 1724 4227 qua
1750 4177 1886 4214 men-

288 4258 425 4299 ‘snra
465 4246 621 4299 mensi
656 4246 871 4315 fueritis,
910 4246 959 4298 in
1000 4263 1059 4299 ea
1099 4247 1381 4299 remetiatur
1422 4248 1576 4301 vobis.
1620 4249 1884 4319 Numquid

301 4338 447 4391 enim
477 4338 521 4392 si
552 4350 648 4390 nos
670 4336 871 4405 judicio
900 4338 1183 4390 temerario
1210 4337 1647 4406 judicavcrimus,
1682 4349 1883 4397 temere

300 4430 460 4494 etiam
502 4429 568 4482 tle
606 4429 756 4483 nobis
800 4429 1264 4497 Deusjudica'nit?
1300 4440 1390 4483 aut
1440 4432 1695 4501 numquid
1742 4435 1784 4486 si
1832 4435 1881 4487 in

301 4535 548 4573 mensura
578 4520 750 4587 iniqua
778 4521 945 4574 mensi
969 4522 1241 4585 fuerimus,
1270 4531 1321 4574 et
1349 4522 1487 4589 apud
1511 4523 1674 4575 Deum
1706 4524 1893 4592 iniqua

301 4626 547 4664 mensura
576 4622 658 4665 est
684 4612 822 4665 unde
845 4613 994 4666 nobis
1020 4612 1513 4667 retnctietur?rnam
1535 4623 1589 4667 et
1619 4630 1883 4669 mensura:

300 4704 516 4756 neruine
565 4703 733 4770 ipsmn
758 4703 1014 4769 judicium
1058 4702 1408 4771 significatum
1447 4704 1694 4765 arbitror.
1728 4705 1885 4761 Nullo

298 4794 459 4847 modo
498 4794 633 4846 Deus
676 4794 769 4848 vel.
802 4803 1001 4849 temere
1031 4794 1253 4864 jndicat,
1294 4797 1375 4850 vel
1420 4797 1593 4867 iniqua
1634 4815 1877 4857 mensura

296 4888 542 4957 cuiquam
576 4888 819 4956 rependit
848 4905 860 4940 :
889 4888 981 4941 sed
1010 4882 1109 4942 hoc
1139 4888 1337 4942 dictum
1386 4900 1487 4953 est,
1518 4890 1764 4959 quoniam
1798 4902 1879 4946 te-

298 4980 516 5032 meritas
534 4994 635 5047 qua
660 4979 811 5047 punis
832 4979 1016 5045 alium,
1041 4980 1224 5035 eadem
1250 4981 1359 5050 ipsa
1389 4991 1439 5036 te
1461 4983 1642 5051 puniat
1662 4999 1881 5050 necesse

294 5081 397 5124 est.
429 5071 539 5125 Nisi
570 5072 705 5127 forte
738 5072 1101 5125 arbitrandum
1130 5082 1212 5127 est
1239 5073 1381 5143 quod
1412 5075 1659 5140 iniquitas
1702 5078 1750 5131 ei
1777 5093 1878 5132 no.-

294 5170 412 5215 ceat
449 5162 646 5231 aliquid
692 5163 743 5215 in
775 5177 931 5231 quem
963 5162 1219 5231 procedit,
1266 5164 1316 5221 ei
1347 5168 1524 5219 autem
1555 5167 1681 5220 nihil
1712 5184 1740 5222 a
1772 5184 1874 5237 quo

297 5251 576 5319 procedit:
606 5252 714 5306 imo
752 5267 881 5307 vero
910 5268 1055 5323 Saepe
1093 5254 1223 5307 nihil
1264 5265 1419 5309 nocet
1455 5258 1524 5322 ei,
1566 5258 1654 5326 qui
1682 5260 1877 5327 patitur

298 5340 562 5408 injuriam,
606 5341 656 5395 ei
699 5349 874 5396 autem
903 5343 991 5411 qui
1038 5342 1162 5395 facit
1200 5358 1418 5398 necesse
1447 5352 1533 5398 est
1575 5357 1631 5399 et
1661 5358 1870 5401 noceat.

294 5429 428 5494 Quid
447 5430 589 5484 enim
607 5431 786 5485 nocuit
803 5432 1122 5501 martyribus
1143 5433 1390 5503 iniquitas
1413 5440 1874 5506 persequentium?

295 5522 424 5590 ipsis
447 5530 619 5575 autem
650 5524 1074 5590 persecutoribus
1095 5525 1396 5592 plurimum.
1427 5526 1557 5593 Quia
1585 5531 1681 5583 etsi
1710 5531 1871 5600 aliqui

293 5627 477 5666 eorum
516 5613 743 5666 correcti
787 5623 928 5679 sunt,
970 5630 1034 5670 eo
1077 5626 1248 5669 tamen
1282 5626 1517 5688 tempore
1546 5637 1667 5690 quo
1694 5637 1871 5690 perse-

294 5700 617 5769 quebantur,
649 5704 949 5759 cxcmcabat
976 5705 1091 5760 illos
1119 5708 1314 5761 malitia
1353 5724 1557 5763 eorum.
1590 5710 1677 5765 Sic
1709 5723 1762 5767 et
1790 5724 1869 5770 te-

296 5795 583 5871 l{3_CI‘al'iUItt
632 5793 882 5863 judicium
943 5796 1250 5869 pic-rumque
1306 5800 1433 5855 nihil
1492 5814 1643 5858 nocet
1697 5805 1745 5859 ei
1801 5806 1865 5863 de

1616 388 1813 443 “liii”.
1856 386 2210 443 SECUNDUS

3464 389 3481 436 1
3499 387 3592 439 ὶυδ

2019 521 2122 573 quo
2161 516 2365 559 temere
2409 505 2791 576 judicalur;ei
2841 517 3015 563 autem
3071 510 3159 579 qui
3213 518 3410 565 temere
3453 512 3593 581 judi-

2015 605 2127 657 cat,
2179 596 2288 664 ipsa
2331 596 2603 651 temeritas
2640 614 2855 653 necesse
2884 610 2965 654 est
3010 612 3063 653 ιιι
3109 613 3314 655 noceat.
3365 604 3463 657 Ista
3509 620 3591 658 re-

2014 689 2131 755 gula
2181 690 2338 743 etiam
2384 689 2512 743 illud
2569 691 2767 745 dictant
2815 692 3089 746 arbitror:
3128 694 3304 749 Omnis
3351 696 3435 763 qui
3480 713 3593 765 prr-

2013 784 2220 835 cusserit
2263 782 2467 852 gladio,
2515 783 2685 854 gladio
2732 786 2973 838 morietur
3021 785 3229 858 (Matth.
3280 802 3434 854 XXVI,
3479 788 3590 857 52).

2013 872 2181 937 Quam
2214 874 2364 928 multi
2391 875 2531 928 enim
2564 876 2740 945 gladio
2785 878 3100 945 percutiunt,
3134 893 3232 931 nec
3270 888 3444 932 tamen
3484 881 3592 949 gla-

2012 965 2101 1017 alio
2155 966 2472 1032 moriuntur,
2528 968 2663 1021 sicut
2719 983 2889 1037 neque
2935 968 3047 1036 ipse
3094 969 3321 1024 Petrus?
3372 969 3476 1025 Sed
3530 986 3593 1025 nc

2014 1056 2167 1109 istum
2212 1058 2361 1111 venia
2406 1067 2740 1126 peccatorum
2770 1061 2925 1114 talem
2963 1062 3195 1125 evasisse
3229 1077 3435 1131 ptenam
3475 1064 3591 1131 quis

2014 1156 2181 1214 ['nttet,
2226 1165 2523 1218 quanquam
2569 1146 3035 1216 nihil'ahsnrdius,
3097 1169 3253 1221 quam
3306 1163 3362 1206 ιιι
3415 1156 3585 1223 majo-

2012 1253 2124 1289 rem
2172 1248 2316 1305 putet
2356 1240 2513 1308 gladii
2560 1255 2769 1309 ptenam
2813 1256 2930 1295 esse
2968 1244 3220 1310 potuisse,
3276 1258 3394 1311 qua:
3436 1245 3588 1298 Petro

2013 1342 2116 1382 non
2159 1320 2375 1392 accidit,
2413 1346 2568 1399 quam
2609 1333 2781 1386 crucis
2824 1348 2941 1401 quae
2974 1334 3165 1387 accidit
3195 1353 3206 1387 :
3233 1334 3358 1404 qttid
3407 1343 3584 1390 tamen

2010 1420 2076 1472 de
2129 1419 2418 1474 latronibus
2466 1421 2702 1475 dicturus
2737 1432 2849 1489 est,
2900 1424 2987 1491 qui
3029 1439 3149 1479 cum
3194 1425 3414 1477 Domino
3459 1441 3581 1479 eru-

2010 1509 2151 1562 ciiixi
2181 1519 2341 1575 sunt;
2376 1512 2495 1580 quia
2528 1520 2581 1565 et
2626 1512 2712 1566 ille
2750 1514 2837 1581 qui
2873 1516 3064 1569 meruit
3104 1516 3330 1581 veniam,
3376 1524 3583 1583 postea-

2008 1616 2163 1668 quam
2205 1603 2489 1657 cruciﬁxus
2536 1612 2617 1657 est
2658 1606 2851 1658 meruit
2898 1606 3041 1676 (an.
3087 1623 3239 1674 xxnt,
3281 1609 3495 1678 ’ὃὸ-45),
3534 1620 3586 1663 et

2008 1694 2140 1748 alter
2171 1697 2385 1749 omnino
2423 1712 2525 1749 non
2567 1698 2794 1751 meruit?
2826 1700 2904 1751 An
2936 1700 3067 1753 forte
3102 1715 3291 1755 omnes
3325 1716 3458 1770 quos
3497 1716 3584 1756 oc-

2007 1785 2262 1853 ciderant,
2305 1790 2707 1853 crucilixerant;
2753 1798 2803 1844 ct
2832 1801 3107 1858 propterea
3141 1791 3242 1845 hoc
3284 1792 3443 1846 etiam
3486 1792 3585 1861 ipsi

2008 1876 2109 1949 pati
2135 1881 2473 1931 meruerunt?
2496 1879 2795 1933 Ridicalum
2826 1872 2909 1935 est
2936 1882 3035 1936 hoc
3056 1891 3259 1950 putare.
3298 1884 3437 1948 Quid
3461 1898 3585 1953 ergo

2006 1969 2143 2021 aliud
2176 1969 2374 2023 dictum
2410 1962 2521 2035 est,
2562 1970 2737 2024 Omnis
2765 1973 2893 2025 enim
2935 1974 3019 2039 qui
3054 1974 3225 2042 gladio
3264 1976 3581 2043 percusserit,

2005 2059 2175 2127 gladio
2196 2061 2454 2127 morietur,
2488 2060 2587 2114 nisi
2615 2062 2732 2131 quia
2763 2062 2877 2131 ipso
2903 2071 3117 2131 peccato
3137 2064 3312 2119 anima
3336 2065 3581 2130 moritur,

2004 2148 2373 2217 quodcumque
2397 2152 2759 2205 commiserit?

2072 2239 2299 2294 CAPUT
2337 2240 2478 2294 XIX.
2513 2272 2581 2281 —-
2608 2243 2695 2297 65.
2739 2244 2803 2298 Et
2829 2246 3074 2313 quoniam
3101 2247 3168 2301 de
3210 2250 3494 2303 temerario
3533 2261 3585 2304 et

2006 2330 2183 2398 iniquo
2222 2330 2421 2398 judicio
2470 2347 2570 2386 nos
2620 2334 2721 2387 hoc
2761 2335 2878 2388 loco
2927 2337 3181 2391 Dominus
3221 2348 3401 2392 monet
3428 2357 3441 2393 :
3472 2341 3585 2395 vult

2003 2420 2143 2472 enim
2175 2431 2227 2473 ιιι
2259 2422 2489 2490 simplici
2529 2423 2689 2477 corde
2714 2434 2765 2477 ct
2793 2425 2843 2477 in
2876 2442 3033 2479 unum
3080 2428 3243 2481 Deum
3273 2429 3475 2483 intento
3505 2430 3583 2482 fa-

2003 2509 2202 2583 ciamus
2233 2526 2577 2580 qamenmque
2609 2512 2860 2579 facimus;
2905 2524 2958 2569 et
2998 2516 3159 2569 multa
3206 2518 3463 2571 incertum
3500 2528 3583 2574 est

2002 2616 2108 2669 quo
2135 2602 2295 2655 eorde
2339 2602 2483 2668 liant,
2528 2603 2594 2656 de
2623 2604 2814 2671 quibus
2838 2605 3075 2673 judicare
3104 2609 3438 2662 temerarium
3468 2618 3581 2673 est;

2004 2694 2231 2747 maxime
2262 2703 2436 2748 autem
2466 2695 2517 2747 hi
2557 2706 2752 2749 temere
2774 2697 3011 2765 judicant
3038 2698 3104 2752 de
3148 2699 3383 2768 incertis,
3429 2711 3482 2756 et
3508 2702 3581 2756 fa-

2001 2784 2101 2837 cile
2140 2785 2566 2853 reprehendunt,
2615 2788 2702 2856 qui
2751 2790 2915 2857 magis
2958 2800 3135 2844 avnant
3188 2792 3487 2861 vituperare
3527 2802 3581 2849 et

2000 2873 2273 2940 datnnare,
2307 2892 2461 2945 quam
2490 2879 2777 2932 emendare
2806 2888 2964 2949 atque
2994 2883 3293 2951 corrigere;
3326 2886 3464 2953 quod
3498 2887 3578 2939 vi-

2002 2966 2128 3018 tiutn
2159 2968 2235 3021 vel
2263 2969 2525 3036 διιιιριιιὶιυ
2566 2979 2667 3032 est,
2704 2971 2783 3023 vel
2818 2972 3151 3026 invidentia:
3191 2986 3579 3045 consequenter

2000 3058 2247 3127 subjecit,
2295 3070 2348 3114 et
2372 3061 2516 3123 dicit,
2554 3062 2687 3128 Quid
2722 3074 2887 3118 autem
2930 3066 3064 3119 vides
3090 3070 3330 3136 festucam
3354 3070 3406 3121 in
3433 3072 3579 3124 oculo

1998 3148 2172 3216 fratris
2207 3152 2299 3215 tui,
2330 3152 2517 3206 trabem
2543 3165 2709 3207 autem
2735 3156 2787 3207 in
2817 3157 2961 3208 oculo
2985 3169 3068 3210 tuo
3103 3173 3200 3211 non
3228 3160 3403 3214 vides?
3428 3160 3497 3216 Ut.
3533 3164 3577 3216 si

1999 3240 2151 3306 torte,
2190 3242 2335 3296 verbi
2392 3245 2558 3313 gratia
2587 3286 2599 3307 ,
2636 3245 2709 3299 ira
2752 3247 2836 3300 ille
2866 3236 3118 3316 peccavit,
3157 3258 3209 3302 tu
3240 3250 3362 3306 odio
3400 3266 3588 3319 repre-.

1998 3329 2197 3385 hendas
2228 3350 2239 3386 :
2269 3344 2524 3402 quantum
2570 3346 2744 3390 autem
2790 3338 2926 3392 inter
2957 3339 3208 3393 festucam
3252 3350 3305 3395 et
3334 3324 3575 3411 (trabem,

1995 3426 2143 3493 quasi
2174 3434 2375 3480 tantum
2406 3429 2543 3482 inter
2564 3429 2700 3483 iram
2731 3430 2891 3484 distat
2917 3439 2969 3484 et
2990 3431 3189 3487 odium.
3218 3434 3406 3488 Odium
3433 3418 3585 3490 enini

1994 3530 2077 3569 est
2120 3521 2195 3571 ira
2226 3518 2537 3585 inveterata,
2573 3522 2722 3589 quasi
2765 3537 2885 3590 quae
2917 3534 3175 3579 vetustate
3217 3526 3326 3595 ipsa
3371 3536 3574 3583 tantum

1996 3609 2157 3663 robur
2181 3613 2468 3680 acceperit,
2500 3623 2557 3667 ut
2578 3615 2766 3668 tnerito
2788 3617 3083 3685 appelletur
3101 3621 3298 3675 trabes.
3323 3620 3461 3676 Fieri
3482 3639 3575 3677 au-

1996 3709 2100 3753 tem
2132 3709 2302 3769 potest
2328 3711 2385 3757 ut
2409 3705 2451 3758 si
2470 3704 2715 3758 irascaris
2734 3704 2956 3771 homini,
2980 3708 3109 3761 velis
3131 3725 3251 3763 eum
3279 3713 3468 3781 corrigi
3492 3730 3505 3778 ;
3527 3714 3572 3768 si

1993 3801 2169 3847 autem
2187 3794 2363 3848 oderis
2387 3795 2676 3863 hominem,
2702 3813 2803 3850 non
2823 3805 2974 3867 potes
2992 3814 3111 3853 eum
3132 3802 3263 3855 velle
3283 3804 3570 3874 corrigere.

2063 3887 2150 3940 64.
2196 3886 2458 3951 Quomodo
2493 3889 2621 3940 enim
2655 3888 2779 3943 dicis
2808 3891 2955 3959 fratri
2982 3900 3085 3955 tuo,
3120 3892 3243 3947 Sine
3267 3890 3462 3963 ejiciam
3494 3901 3571 3967 fe-

1990 3987 2181 4031 stucam
2208 3979 2269 4032 de
2288 3981 2433 4033 oculo
2460 3990 2565 4045 tuo,
2594 3990 2638 4033 et
2660 3998 2771 4035 ecce
2791 3982 2954 4055 trabes
2974 3992 3043 4035 est
3070 3984 3120 4037 in
3148 3987 3291 4038 acuto
3309 3996 3396 4039 tuo
3414 3988 3439 4040 ?
3461 3987 3508 4040 11
3513 4007 3588 4069 ιιιΙ

1992 4073 2201 4138 pocrita,
2226 4070 2348 4137 ejice
2376 4071 2591 4140 primum
2614 4072 2801 4143 trabem
2822 4073 2884 4125 de
2913 4075 3056 4142 oculo
3091 4083 3195 4137 tuo,
3228 4084 3273 4128 et
3302 4086 3417 4129 tunc
3439 4074 3574 4131 ridec

1990 4160 2063 4213 bis
2090 4160 2269 4230 ejicere
2288 4160 2529 4235 festucam
2552 4162 2613 4214 de
2634 4163 2780 4215 oculo
2796 4146 2970 4231 fratris
2990 4165 3062 4216 tui
3090 4182 3107 4216 :
3138 4166 3184 4216 id
3217 4175 3318 4230 est,
3341 4167 3571 4235 primum

1988 4253 2083 4306 abs
2130 4261 2181 4305 te
2224 4252 2432 4321 expelle
2476 4252 2677 4325 odium,
2729 4262 2783 4307 et
2838 4252 3031 4328 deinde
3072 4255 3271 4323 poteris
3293 4255 3403 4325 jam
3446 4272 3569 4333 eum

1987 4360 2142 4412 quem
2172 4343 2365 4411 diiigis,
2396 4343 2699 4397 emendare.
2734 4344 2799 4396 Et
2836 4342 2973 4398 bene
3010 4344 3101 4409 ait,
3136 4343 3432 4415 Ilypocrita.
3465 4349 3569 4403 Ao-

1987 4450 2171 4488 cusare
2192 4434 2335 4488 enim
2378 4434 2521 4499 vitia,
2566 4433 2797 4487 officium
2832 4444 2915 4488 est
2943 4435 3207 4489 bonorum
3249 4438 3483 4492 virorum
3513 4450 3568 4495 et

1988 4523 2366 4577 hencvoiorum
2395 4541 2407 4574 :
2433 4523 2574 4592 quod
2606 4539 2723 4577 cum
2752 4508 3122 4593 utsii-faciunt,
3163 4526 3364 4582 alienas
3392 4539 3568 4599 partes

1986 4622 2149 4683 agunt
2170 4630 2184 4679 ;
2209 4613 2349 4667 sicut
2380 4613 2694 4684 hypocrita),
2723 4616 2811 4683 qui
2845 4619 3026 4685 tegunt
3047 4618 3145 4671 sub
3175 4634 3397 4687 persona
3424 4623 3565 4691 quod

1986 4716 2130 4783 sunt,
2164 4714 2215 4759 et
2243 4714 2512 4761 ostentant
2556 4706 2607 4758 in
2641 4722 2861 4775 persona
2905 4708 3044 4773 quod
3076 4724 3178 4763 non
3209 4721 3349 4765 sunt.
3383 4712 3567 4783 Hypo—

1983 4780 2237 4849 critarunt
2279 4811 2407 4865 ergo
2447 4797 2659 4851 nomine
2704 4798 3037 4853 simulatores
3075 4804 3360 4870 acceperis.
3394 4802 3461 4858 Et
3486 4816 3569 4860 est

1985 4906 2110 4945 vere
2133 4892 2355 4968 multum
2386 4891 2676 4945 cavendum
2706 4902 2759 4946 et
2784 4893 3063 4947 molestum
3087 4895 3452 4951 simulatorum

1983 4997 2102 5049 nus,
2134 4983 2222 5052 qui
2262 4997 2383 5037 cum
2421 4983 2656 5036 omnium
2683 4982 2928 5036 vitiorum
2968 4986 3341 5041 accusationes
3360 4972 3568 5049 odioet

1982 5075 2151 5128 .ivore
2179 5074 2489 5143 suscipiant,
2524 5073 2682 5127 etiam
2722 5074 3055 5129 consultores
3086 5075 3247 5130 videri
3266 5092 3332 5152 se
3357 5080 3561 5155 volunt.

1982 5168 2048 5221 Et
2072 5166 2192 5221 ideo
2220 5167 2303 5235 pie
2331 5176 2585 5234 cauteque
2604 5165 2922 5235 vigilandum
2952 5175 3053 5232 est,
3080 5177 3155 5233 ut,
3184 5184 3303 5223 cum
3333 5154 3563 5242 aliquem

1980 5258 2375 5329 reprehendere
2407 5257 2487 5310 vel
2527 5256 2809 5328 objurgarc
2849 5272 2946 5311 nos
2988 5261 3276 5313 necessitas
3306 5264 3561 5331 coegerit,

1980 5353 2209 5423 primum
2251 5350 2544 5419 cogitemus
2574 5348 2761 5425 utrum
2781 5350 2882 5403 tale
2913 5351 2981 5403 sit
3007 5352 3213 5417 vitium,
3243 5354 3387 5422 quod
3422 5372 3562 5409 nun-

1978 5459 2135 5512 quam
2173 5441 2472 5505 habuimus,
2516 5440 2597 5494 vel
2626 5457 2729 5510 quo
2753 5441 2861 5510 jam
2908 5442 3175 5521 caruimus
3201 5462 3213 5498 :
3244 5454 3296 5499 ct
3338 5446 3382 5501 si
3428 5462 3559 5501 nun-

1977 5550 2136 5604 quam
2166 5534 2467 5598 habuimus,
2498 5524 2789 5601 cogitemus
2815 5548 2911 5587 nos
2944 5533 3185 5591 homines
3213 5552 3349 5603 esse,
3380 5548 3434 5593 et
3464 5539 3558 5617 ha-
3586 5604 3587 5607 η

1976 5622 2104 5683 here
2138 5626 2402 5697 potuisse;
2449 5625 2492 5678 si
2524 5641 2649 5679 vero
2691 5624 2989 5691 habuimus,
3033 5641 3087 5681 et
3134 5643 3239 5682 non
3280 5629 3556 5697 habemus,

1978 5726 2156 5788 tangat
2192 5718 2499 5777 memoriam
2540 5717 2836 5770 communis
2870 5719 3170 5781 infirmitas,
3205 5729 3263 5773 nt
3299 5720 3438 5774 illam
3474 5737 3559 5777 rev

1981 5811 2383 5881 prehensionem
2416 5820 2503 5862 aut
2532 5808 2950 5877 objurgationem
2978 5825 3079 5863 non
3108 5812 3307 5880 odium,
3340 5811 3431 5868 sed
3458 5815 3554 5867 ηιίς
