4076 6464
495 392 634 450 1999

494 503 785 563 sericordia
827 499 1092 576 prmcedat
1119 518 1134 556 :
1165 507 1222 555 ut
1254 497 1368 554 sive
1399 495 1466 552 ad
1504 493 1890 552 correctionem
1934 490 2072 563 ejus,

497 606 712 668 propter
739 611 897 666 quem
941 593 992 648 id
1024 591 1262 655 facimus,
1293 589 1406 644 sive
1447 586 1514 642 ad
1544 585 1936 656 perversioncm
1979 599 2071 638 va-

497 689 655 744 luerit
680 687 824 762 (nam
867 687 1097 742 incertus
1137 693 1218 738 est
1259 679 1478 752 exitus),
1525 695 1623 734 nos
1651 689 1827 733 tamen
1853 678 1918 731 de
1944 675 2076 732 sim-

497 782 735 856 plicitate
757 779 894 840 Oculi
917 778 1079 834 nostri
1105 776 1278 834 securi
1301 775 1485 832 simus.
1507 773 1564 829 Si
1587 781 1764 827 autem
1785 769 2079 840 cogitantes

495 871 854 941 nosmetipsos
890 867 1247 924 invenerimus
1277 867 1327 919 in
1358 880 1423 920 eo
1446 877 1567 920 esse
1596 862 1746 928 vitio,
1782 860 1834 914 in
1860 875 1966 930 quo
1997 867 2080 913 est

496 963 588 1019 ille
615 975 774 1032 quem
798 957 1192 1030 reprehendero
1223 955 1556 1025 parabamus,
1589 966 1694 1006 non
1719 948 2081 1019 reprehenda-

494 1067 637 1119 mus,
659 1066 830 1121 neque
858 1048 1198 1118 objurgemus
1222 1063 1234 1098 :
1263 1044 1354 1099 sed
1387 1051 1560 1098 tamen
1587 1039 2076 1110 congcmiscamus;

496 1152 551 1198 ct
575 1157 678 1198 non
710 1141 858 1198 illum
885 1139 948 1193 ad
979 1135 1449 1208 obtemperanthtm
1477 1131 1651 1200 nobis,
1674 1129 1765 1186 sed
1787 1128 1853 1185 ad
1885 1128 2081 1198 pariter

496 1233 796 1290 conandum
821 1234 836 1266 ¹
866 1232 1168 1288 invitemus.

573 1326 663 1384 65.
701 1324 834 1381 Nam
872 1335 928 1381 et
975 1322 1102 1378 illud
1141 1320 1281 1392 quod
1324 1319 1454 1375 dicit
1493 1316 1798 1386 Apostolus,
1833 1335 1851 1368 ι
1887 1313 2078 1370 Factus

493 1433 612 1476 sum
652 1418 850 1476 Ιυιίωἱε
880 1427 1128 1488 tanquam
1166 1413 1400 1477 Judzcus,
1450 1420 1506 1465 ut
1543 1410 1756 1465 Judteos
1803 1407 2080 1464 lucriface-

495 1526 640 1573 rem:
669 1509 751 1566 his
769 1509 860 1580 qui
888 1509 987 1564 sub
1005 1507 1146 1578 Lege
1175 1515 1315 1570 sunt,
1347 1504 1495 1574 quasi
1517 1502 1617 1557 sub
1638 1501 1799 1572 Lege,
1827 1515 1948 1555 cum
1972 1513 2080 1554 non

493 1601 598 1662 sim
627 1588 870 1672 ipse-sub
899 1600 1056 1670 Lege,
1097 1607 1153 1652 ut
1181 1611 1275 1652 eos
1309 1597 1400 1666 qui
1429 1593 1530 1648 sub
1559 1593 1699 1660 Lege
1728 1599 1880 1646 erant
1918 1590 2081 1644 lucri-

492 1691 756 1759 facerem;
786 1691 866 1746 bis
888 1691 976 1761 qui
1000 1690 1115 1746 sine
1140 1689 1280 1758 Lege
1295 1695 1437 1750 sunt,
1462 1685 1608 1755 quasi
1639 1684 1754 1738 sine
1774 1683 1931 1752 Lege,
1958 1697 2079 1736 cum

492 1785 612 1842 sine
639 1786 760 1856 lege
789 1784 881 1840 Dei
908 1798 1012 1838 non
1035 1783 1157 1846 sim,
1180 1777 1273 1836 Sed
1305 1779 1402 1834 situ
1436 1778 1488 1830 in
1518 1777 1634 1844 lege
1655 1774 1874 1840 Christi,
1905 1786 1963 1827 ut
1993 1774 2077 1828 lu-

493 1877 804 1934 crifacerem
825 1891 917 1932 eos
955 1875 1043 1946 qui
1077 1874 1193 1928 sine
1219 1872 1360 1941 Lege
1386 1878 1526 1925 sunt.
1559 1866 1754 1924 Factus
1779 1881 1896 1920 sum
1929 1865 2076 1920 inlir-

494 1970 598 2025 mis
637 1969 912 2033 inﬁrmus,
970 1977 1027 2022 ut
1070 1965 1310 2020 infirmos
1360 1957 1727 2016 lucrifacerem
1773 1975 1788 2014 :
1830 1956 2078 2012 omnibus

495 2059 674 2118 omnia
704 2059 872 2116 lactus
896 2072 1035 2121 sum,
1064 2064 1122 2110 ut
1142 2067 1330 2110 omnes
1349 2050 1713 2108 lucrifacerem
1737 2066 1750 2102 :
1787 2067 1807 2100 ι
1843 2063 1946 2102 non
1972 2047 2078 2101 uti-

493 2167 599 2221 que
634 2149 971 2204 simulatione
999 2145 1243 2210 faciebat,
1272 2138 1716 2212 quemadmodum
1755 2137 1968 2208 quidam
1997 2136 2080 2190 in-

493 2242 658 2311 telligi
705 2240 924 2306 volunt,
956 2249 1013 2294 ut
1053 2252 1236 2292 eorum
1278 2233 1586 2290 detestanda
1627 2231 1897 2290 simulatio
1941 2230 2074 2284 tanti

494 2331 724 2401 exempli
751 2329 1067 2390 auctoritate
1101 2325 1400 2388 muniatur;
1433 2321 1526 2378 sed
1559 2322 1661 2375 hoc
1699 2320 1925 2375 faciebat
1949 2318 2076 2373 cha-

494 2423 686 2487 ritate;
725 2435 826 2491 qua
853 2420 966 2489 ejus
998 2415 1380 2480 infirmitatem,
1407 2413 1491 2468 cui
1527 2411 1734 2468 volebat
1772 2409 2074 2473 subvenire,

494 2522 747 2583 tanquam
777 2525 927 2565 suam
956 2507 1238 2576 cogitabat.
1264 2504 1376 2561 lloc
1417 2504 1556 2557 enim
1605 2510 1659 2556 et
1688 2499 1952 2570 prmstruit
1997 2499 2076 2552 ιιι.

494 2601 849 2661 cendo:Cum
884 2600 1014 2655 enim
1055 2597 1178 2652 liber
1205 2597 1300 2650 sim
1340 2611 1402 2649 ea;
1444 2593 1692 2655 omnibus,
1740 2607 1817 2643 me
1852 2589 2076 2643 omnium

491 2711 690 2750 servant
722 2693 834 2764 feci,
859 2701 922 2747 ut
946 2691 1116 2762 plures
1153 2689 1498 2758 lucrifacerem
1531 2685 1570 2756 (l
1601 2682 1718 2738 Cor.
1753 2698 1832 2746 ιχ,
1869 2679 2071 2748 19-22).

493 2783 649 2855 Quod
671 2791 728 2840 ut
747 2783 1005 2853 intelligas
1031 2797 1135 2836 non
1157 2777 1514 2841 simulatione,
1545 2775 1637 2829 sed
1659 2773 1916 2828 charitate
1938 2772 2075 2836 fieri,

491 2890 596 2944 qua
625 2874 851 2931 inﬁrmis
877 2872 1180 2928 hominibus
1215 2879 1462 2938 tanquam
1497 2881 1594 2921 nos
1623 2867 1790 2920 simus
1822 2862 2079 2932 compati-

492 2982 635 3033 mur,
678 2965 751 3020 ita
798 2971 978 3018 monet
1013 2962 1118 3017 alio
1148 2961 1286 3026 loco,
1317 2959 1501 3012 dicens
1529 2974 1543 3009 :
1582 2953 1681 3010 Vos
1712 2956 1764 3008 in
1799 2953 2080 3008 libertatem

493 3056 654 3114 uocati
677 3056 810 3119 estis,
845 3057 1059 3126 fratres;
1091 3061 1366 3104 tantumne
1390 3048 1665 3102 libertatem
1687 3045 1742 3098 in
1765 3044 2078 3099 occasionem

491 3147 660 3201 carnis
683 3146 828 3211 detis,
845 3145 934 3199 sed
951 3161 1039 3215 per
1062 3143 1354 3198 cltaritatem
1379 3140 1553 3194 seruile
1573 3139 1782 3192 invicem
1805 3135 2001 3208 (Galal.
2019 3151 2073 3202 v,

493 3238 606 3308 l5).
637 3235 788 3305 Quod
814 3235 928 3290 fieri
972 3250 1076 3289 non
1103 3241 1295 3305 potest,
1331 3230 1429 3285 nisi
1465 3229 1684 3284 alterius
1712 3228 2073 3282 inﬁrmitatem

492 3329 715 3401 quisque
739 3327 931 3382 habeat
965 3327 1114 3396 quasi
1143 3339 1314 3389 suam,
1345 3333 1403 3378 ut
1441 3337 1560 3376 eam
1597 3320 1964 3391 aequanimiter
1995 3317 2078 3375 fe-

492 3429 597 3486 rat,
623 3422 796 3477 donec
814 3420 880 3474 ab
907 3433 968 3474 ca
998 3418 1248 3473 liberetur
1281 3416 1368 3470 ille
1402 3415 1552 3484 cujus
1577 3420 1727 3468 curat
1753 3411 1999 3466 salutem.

567 3511 657 3567 66.
701 3511 840 3565 llaro
882 3523 1010 3579 ergo
1051 3518 1105 3562 et
1146 3507 1197 3562 in
1239 3520 1424 3576 magna
1472 3503 1787 3558 necessitate
1824 3502 2074 3571 objurga-

495 3603 670 3658 tioncs
693 3599 1006 3656 adhibendze
1029 3607 1174 3664 sunt,
1199 3599 1268 3652 ita
1301 3608 1473 3650 tamen
1497 3595 1729 3650 utetiam
1757 3594 1808 3647 in
1837 3593 1918 3648 his
1947 3594 2078 3663 ipsis

495 3710 604 3751 non
648 3693 826 3758 nobis,
857 3692 950 3747 sed
985 3693 1092 3746 Deo
1123 3699 1178 3744 ut
1217 3689 1479 3745 serviatur
1527 3687 1803 3742 instemus.
1837 3685 1954 3754 Ipse
1993 3696 2076 3740 est

494 3785 639 3840 enim
665 3784 820 3839 linis:
845 3792 902 3837 ut
924 3782 1052 3836 nihil
1070 3780 1263 3850 duplici
1291 3777 1454 3834 corde
1483 3777 1755 3841 faciamus,
1777 3775 2078 3830 auferentes

491 3873 704 3929 trabem
739 3872 805 3928 de
839 3872 994 3929 oculo
1032 3879 1234 3934 nostro,
1263 3867 1587 3932 invidentia},
1625 3865 1708 3920 vel
1733 3863 1968 3931 malitiae,
1994 3865 2075 3918 vel

490 3964 870 4030 simulationis,
915 3971 975 4018 ut
1001 3963 1276 4018 videamus
1304 3959 1502 4030 ejicere
1540 3957 1794 4014 festucam
1830 3956 1897 4011 de
1922 3957 2077 4012 oculo

489 4056 692 4113 fratris.
724 4054 1036 4112 Videbimus
1064 4054 1206 4108 enim
1235 4067 1354 4107 eam
1389 4051 1555 4106 oculis
1585 4051 1865 4115 columbzc,
1894 4050 2076 4120 quales

489 4148 545 4205 in
565 4161 764 4219 sponsa
786 4145 980 4201 Christi
1005 4143 1356 4214 prtcdicantur
1379 4139 1549 4213 (Cant.
1577 4156 1649 4206 tv,
1681 4139 1758 4211 l),
1791 4154 1947 4209 quam
1974 4140 2076 4194 sibi

489 4242 650 4314 elegit
675 4241 817 4296 Deus
842 4238 1125 4310 gloriosam
1160 4233 1476 4298 Ecclesiam,
1512 4247 1620 4287 non
1646 4231 1930 4286 habentem
1963 4245 2076 4284 ma-

489 4331 663 4388 culam
693 4346 867 4402 neque
895 4343 1078 4399 rugam
1105 4325 1320 4399 (Ephes.
1345 4339 1402 4394 v,
1427 4321 1543 4396 27),
1566 4321 1618 4378 id
1645 4329 1728 4378 est
1751 4321 2002 4377 mundam
2023 4329 2077 4376 et

487 4422 782 4493 simplicem
814 4421 910 4492 (a).

564 4513 786 4572 CAPUT
815 4511 935 4567 XX.
958 4542 1030 4553 —
1053 4511 1144 4566 67.
1181 4507 1286 4566 Sed
1309 4509 1558 4578 quoniam
1591 4515 1762 4577 potest
1789 4503 2075 4558 nonnullos

489 4606 587 4663 Dei
615 4603 892 4674 praeceptis
922 4602 1294 4672 obtemperare
1326 4599 1605 4669 cupientes
1633 4613 1825 4651 nomen
1869 4595 2076 4664 simpli-

397 4742 403 4752 .
487 4696 670 4752 citatis
691 4694 958 4763 decipere,
987 4702 1045 4747 ιιι
1067 4693 1144 4747 sic
1165 4699 1349 4760 putent
1373 4689 1620 4744 vitiosum
1647 4702 1767 4742 esse
1793 4685 2076 4756 aliquando

491 4804 682 4844 verum
726 4786 1013 4851 occultare,
1059 4783 1328 4854 quomodo
1370 4782 1618 4836 vitiosum
1670 4789 1753 4836 est
1793 4775 2076 4848 aliquando

488 4882 688 4939 falsum
722 4880 919 4947 dicere,
948 4889 1105 4950 atque
1142 4877 1242 4931 hoc
1282 4875 1442 4931 modo
1468 4871 1754 4944 aperiendo
1783 4887 1843 4926 ea
1869 4886 1985 4941 quae
2020 4869 2074 4924 hi

487 4973 681 5043 quibus
704 4971 1016 5041 aperiuntur
1036 4969 1304 5024 sustinere
1329 4981 1436 5020 non
1464 4972 1704 5036 possunt,
1726 4961 1954 5031 amplius
1979 4975 2074 5015 no-

489 5071 650 5120 ceant
675 5077 834 5134 quam
867 5061 912 5116 si
939 5076 1000 5115 ea
1028 5060 1239 5130 penitus
1265 5070 1582 5127 semperque
1610 5053 1958 5118 occultarent,
1989 5065 2079 5107 re-

490 5153 729 5210 ctissime
746 5150 1014 5223 subjungit
1039 5167 1053 5204 :
1078 5147 1257 5206 Nolite
1272 5157 1500 5204 sanctum
1521 5145 1644 5198 dare
1667 5144 1894 5206 canibus,
1919 5156 2078 5212 neque

491 5243 726 5300 miseritis
767 5241 1066 5314 margaritas
1099 5248 1289 5295 vestras
1329 5247 1446 5292 ante
1471 5251 1670 5310 porcos,
1714 5250 1777 5288 ne
1797 5235 1928 5305 forte
1955 5247 2078 5285 con-

489 5345 688 5394 cuseent
721 5351 808 5391 eos
837 5334 1044 5406 pedibus
1076 5331 1201 5396 suis,
1251 5339 1301 5386 et
1343 5328 1567 5385 conuersi
1607 5327 1928 5396 disrumpunt
1963 5338 2071 5379 vos.

487 5426 627 5496 Quia
651 5435 706 5483 et
731 5424 987 5482 Dominus
1014 5420 1260 5494 quamvis
1289 5419 1421 5475 nihil
1447 5419 1700 5474 mentitus
1725 5416 1814 5483 sit,
1842 5429 1964 5470 vera
1998 5421 2076 5468 ta-

491 5534 620 5577 men
638 5518 812 5588 aliqua
829 5515 1097 5572 occultare
1119 5528 1178 5568 se
1199 5511 1452 5577 ostendit,
1475 5509 1660 5565 dicens
1681 5525 1696 5561 :
1719 5506 1898 5561 Adhuc
1919 5503 2076 5558 multa

502 5613 661 5670 habeo
685 5611 820 5667 vobis
849 5610 1046 5675 dicere;
1089 5605 1178 5660 sed
1201 5604 1368 5659 adhuc
1394 5619 1495 5658 non
1524 5600 1724 5671 potestis
1753 5599 1840 5653 illa
1877 5605 2078 5668 portare

557 5750 572 5780 ⁸
597 5754 661 5796 Ita
678 5754 784 5795 Mss.
814 5751 865 5794 Αι
881 5744 1000 5795 editi
1027 5748 1234 5803 excepto
1255 5747 1386 5802 Mar,
1403 5735 1682 5789 carendum.

552 5809 628 5873 (et)
656 5816 672 5859 ι
696 5814 897 5858 ttctract.
923 5819 1028 5870 cap.
1057 5806 1133 5863 ll),
1157 5816 1206 5852 ιι.
1228 5804 1276 5853 9.

1290 383 1377 440 DE
1404 379 1723 440 SEllMONE
1785 375 2016 433 DOMINI
2059 374 2124 432 lN
2161 375 2415 447 MONTE,
2457 378 2515 435 S.
2555 377 2921 436 AUGUSTlNl

3634 385 3780 444 5300

2191 487 2370 564 (Joau.
2399 507 2513 560 xvr,
2547 492 2658 563 12).
2683 493 2750 548 Ει
2775 494 3047 562 apostolus
3081 493 3311 554 Paulus:
3343 494 3462 553 Non
3498 499 3661 568 potui,
3687 501 3773 556 in-

2185 583 2319 653 quit,
2350 583 2486 638 uobis
2515 584 2650 654 loqui
2681 585 2827 654 quasi
2857 585 3222 656 spiritualibus,
3257 586 3347 642 sed
3371 589 3521 660 quasi
3541 591 3771 646 carnali-

2184 673 2296 729 bus.
2323 673 2586 746 Tanquam
2608 676 2832 746 parvulis
2855 677 2909 730 in
2925 676 3142 745 Christo,
3170 678 3250 732 lac
3273 678 3410 734 vobis
3429 689 3605 752 potant
3624 681 3765 746 dedi,

2183 783 2286 822 non
2310 785 2508 833 escam;
2537 785 2696 840 ireque
2712 768 2845 823 enim
2874 771 3113 838 poteratis
3135 784 3155 824 :
3178 770 3267 824 sed
3285 787 3444 840 neque
3461 788 3596 831 nunc
3620 781 3768 842 pote-

2184 859 2308 924 stis;
2330 859 2500 914 adhuc
2524 861 2656 915 enim
2684 860 2800 916 estis
2827 860 3054 915 caritales
3073 860 3120 931 (Ι
3145 859 3264 917 Cor.
3295 878 3374 928 ttt,
3398 864 3449 928 l,
3476 863 3562 932 2).

2255 950 2344 1006 68.
2387 949 2441 1004 ιιι
2479 949 2582 1006 hoc
2613 960 2788 1006 autem
2831 962 3094 1021 praecepto
3131 966 3240 1022 quo
3271 953 3617 1022 prohibemur
3647 968 3772 1009 san-

2185 1053 2327 1100 ctum
2356 1045 2487 1128 dare
2525 1045 2766 1111 canibus,
2805 1053 2884 1100 et‘
2903 1045 3114 1101 mittere
3140 1054 3264 1102 ante
3293 1062 3483 1116 porcos
3513 1053 3771 1122 margari-

2187 1143 2266 1189 tas
2295 1143 2524 1200 nostras,
2567 1135 2852 1206 diligenter
2887 1135 3232 1206 (pret-cadunt
3269 1147 3350 1193 est
3377 1139 3503 1209 quid
3547 1143 3619 1196 sit
3643 1157 3771 1197 san—

2185 1235 2350 1294 ctum,
2382 1227 2508 1298 quid
2545 1229 2868 1298 margaritzc,
2897 1227 3028 1298 quid
3066 1243 3245 1295 Canes,
3274 1230 3399 1300 quid
3429 1233 3600 1300 porci.
3634 1233 3772 1288 Sau—

2185 1327 2328 1373 ctum
2353 1327 2454 1384 est,
2497 1318 2639 1388 quod
2669 1318 2867 1374 violare
2904 1327 3062 1388 atque
3089 1333 3432 1389 corrumpere
3457 1322 3606 1378 nefas
3639 1332 3727 1378 est
3751 1341 3767 1378 :

2183 1410 2339 1480 cujus
2363 1410 2542 1480 utique
2567 1410 2787 1466 sceleris
2820 1423 3045 1466 conatus
3067 1419 3123 1467 ct
3149 1412 3392 1468 voluntas
3415 1421 3625 1468 tenetur
3651 1431 3764 1482 rea,

2182 1499 2426 1571 quamvis
2445 1501 2574 1555 illud
2594 1509 2836 1556 sanctum
2865 1511 3050 1556 natura
3077 1501 3382 1559 inviolabile
3406 1511 3564 1572 atque
3587 1506 3766 1561 incor-

2185 1593 2432 1662 ruptibile
2461 1604 2690 1649 maneat.
2730 1594 3026 1667 Margaritze
3050 1605 3247 1660 autem,
3275 1611 3625 1668 quarcumqae
3652 1601 3766 1669 Spi-

2185 1683 2394 1738 ritualia
2427 1685 2607 1755 magni
2630 1683 2940 1739 aestimanda
2969 1693 3128 1752 sunt;
3159 1693 3216 1740 et
3237 1687 3359 1755 quia
3389 1686 3441 1740 in
3479 1687 3664 1742 abdito
3686 1689 3766 1743 la-

2185 1782 2319 1842 tent,
2347 1781 2596 1844 tanquam
2623 1773 2691 1830 de
2713 1773 2974 1844 profundo
3000 1783 3278 1841 eruuntur,
3306 1783 3361 1830 et
3392 1775 3764 1846 allegoriarum

2185 1866 2562 1936 integumentis
2582 1867 2732 1936 quasi
2763 1866 2963 1936 apertis
2985 1865 3207 1922 conchis
3232 1865 3592 1922 inveniuntur.
3619 1867 3766 1925 Licet

2184 1958 2362 2028 itaque
2389 1959 2607 2030 intelligi
2638 1958 2779 2029 quod
2805 1974 2908 2014 una
2934 1959 3228 2030 eademque
3260 1975 3348 2015 res
3369 1970 3422 2015 et
3447 1972 3690 2017 sanetum
3714 1973 3767 2018 et

2183 2050 2468 2120 margarita
2501 2051 2603 2105 dici
2630 2059 2836 2120 potest:
2865 2051 2961 2107 sed
3003 2061 3244 2107 sanctum
3287 2067 3355 2107 ex
3397 2069 3464 2108 eo
3492 2057 3635 2122 quod
3662 2071 3767 2112 non

2184 2139 2342 2196 debet
2383 2142 2686 2212 corrumpi,
2729 2142 3014 2211 margarita
3049 2158 3115 2197 ex
3161 2157 3230 2198 eo
3271 2144 3415 2213 quod
3465 2161 3572 2200 non
3607 2146 3766 2204 debet

2182 2235 2469 2289 contemni.
2501 2233 2735 2288 Conatur
2770 2243 2948 2290 autem
2983 2236 3208 2305 quisque
3244 2251 3588 2308 corrumpere
3625 2241 3766 2309 quod
3837 2292 3840 2294 .

2185 2342 2290 2379 non
2330 2326 2439 2378 vult
2485 2340 2604 2380 esse
2653 2325 2912 2395 integrum
2943 2329 3274 2382 :contcmnit
3315 2345 3441 2384 vero
3474 2331 3617 2400 quod
3664 2333 3767 2388 vile

2183 2417 2348 2487 ducit,
2384 2425 2437 2472 ct
2477 2421 2626 2487 quasi
2655 2419 2787 2472 intra
2824 2434 2884 2474 sc
2921 2435 3043 2475 esse
3080 2421 3378 2484 existimat;
3411 2431 3464 2476 et
3501 2422 3623 2478 ideo
3659 2425 3766 2480 cal-

2182 2507 2290 2562 cari
2340 2507 2532 2562 dicitur
2578 2508 2830 2579 quidquid
2865 2512 3241 2566 contcnmitur.
3293 2512 3629 2584 Quapropter
3674 2531 3765 2569 ca‘

2183 2612 2278 2652 nes
2309 2599 2558 2667 quoniam
2587 2599 2823 2655 insiliunt
2845 2601 2911 2655 ad
2938 2600 3360 2670 dilacerandum,
3399 2605 3541 2674 quod
3586 2615 3766 2661 autem

2182 2692 2473 2746 dilacerant
2503 2692 2765 2763 integrum
2793 2707 2913 2748 esse
2953 2709 3058 2748 non
3097 2695 3313 2761 sinunt;
3345 2694 3539 2762 Nolite,
3573 2698 3765 2768 inquit,

2181 2793 2406 2836 ermotum
2426 2784 2550 2838 dare
2567 2785 2772 2839 canibus
2797 2801 2816 2838 :
2839 2785 2959 2854 quia
2979 2784 3082 2840 ctsi
3101 2786 3377 2842 dilacerari
3411 2799 3466 2844 et
3493 2791 3765 2858 corrumpi

2183 2892 2287 2930 non
2320 2885 2516 2945 potest,
2544 2885 2598 2930 et
2622 2887 2802 2932 manet
2832 2879 3093 2948 integrum
3118 2887 3278 2949 atque
3313 2879 3651 2946 inviolabile;
3682 2881 3760 2936 illi

2183 2977 2358 3023 tamen
2385 2967 2510 3037 quid
2550 2969 2714 3022 velint
2747 2969 3086 3038 cogitandum
3133 2980 3236 3036 est,
3266 2971 3356 3039 qui
3381 2971 3576 3024 acriter
3602 2980 3768 3040 atque

2183 3057 2548 3114 inimicissime
2575 3057 2846 3122 resistunt,
2870 3068 2924 3114 et
2948 3071 3198 3130 quantum
3223 3061 3274 3114 in
3297 3061 3425 3130 ipsis
3445 3069 3548 3128 est,
3579 3062 3623 3116 si
3648 3063 3764 3116 lieri

2187 3149 2387 3218 possit,
2436 3157 2697 3204 conantur
2748 3151 3008 3218 perimere
3067 3151 3362 3206 veritatem.
3419 3151 3574 3207 Porci
3635 3168 3767 3207 vero

2182 3241 2424 3311 quamvis
2451 3257 2556 3298 non
2584 3242 2658 3296 ita
2688 3252 2743 3296 ιιι
2761 3257 2920 3298 canes
2949 3259 3129 3298 morsu
3159 3252 3428 3314 appetant,
3461 3247 3660 3314 passim
3689 3257 3768 3298 ta-

2183 3350 2303 3387 men
2324 3333 2579 3388 calcando
2595 3335 2943 3404 coinquinant
2971 3352 2984 3390 :
3019 3353 3038 3387 ι
3065 3333 3179 3388 Νοη
3205 3351 3321 3406 ergo
3346 3315 3598 3390 miseritis
3627 3353 3768 3389 mar-

2180 3425 2379 3493 garitas
2419 3434 2628 3481 vestras
2654 3436 2776 3481 ante
2809 3441 3022 3498 parcos,
3057 3441 3125 3482 ne
3149 3423 3288 3482 forte
3322 3427 3638 3482 conculcent
3673 3444 3768 3483 cas

2185 3516 2404 3585 pedibus
2447 3516 2593 3583 suis,
2637 3526 2692 3571 et
2736 3517 2979 3572 conversi
3024 3516 3357 3586 disrumpant
3392 3531 3509 3570 vos.
3539 3535 3558 3568 ι
3593 3517 3771 3571 Canes

2180 3623 2309 3677 ergo
2339 3622 2435 3676 pro
2453 3607 2903 3678 oppugnatoribus
2927 3607 3183 3673 veritatis,
3203 3621 3392 3676 porcos
3409 3623 3504 3676 pro
3526 3617 3772 3662 contem-

2183 3700 2420 3770 p:oribns
2451 3701 2653 3769 positos
2680 3713 2785 3754 non
2824 3677 3112 3767 incongrue
3149 3697 3456 3768 accipimus.

2251 3793 2340 3848 69.
2381 3792 2530 3860 Quod
2567 3799 2742 3846 autem
2772 3791 2878 3856 ait,
2913 3790 3148 3845 Conversi
3171 3789 3486 3860 disrumpunt
3514 3805 3632 3856 vos,
3660 3803 3767 3842 non

2181 3885 2289 3949 ait,
2331 3885 2473 3955 ipsas
2512 3883 2822 3953 margaritas
2854 3881 3206 3950 disrumpant.
3234 3880 3354 3935 Illas
3380 3880 3521 3934 enim
3547 3881 3769 3934 concul-

2181 3976 2351 4030 cando
2374 4017 2388 4042 ,
2433 3975 2590 4028 etiam
2617 3989 2737 4028 cum
2765 3979 3147 4028 convertuntur
3172 3978 3228 4024 ut
3250 3969 3424 4025 adhuc
3448 3969 3648 4040 aliquid
3671 3984 3768 4023 au-

2180 4065 2327 4119 diant
2345 4106 2359 4130 ,
2384 4065 2721 4134 disrumpunt
2741 4071 2917 4116 tamen
2938 4076 3060 4116 eum
3085 4076 3115 4115 a
3138 4075 3242 4130 quo
3263 4059 3372 4130 jam
3400 4059 3589 4114 missas
3617 4074 3763 4113 snar-

2181 4159 2376 4229 garitas
2397 4158 2859 4212 conculcaverunt.
2884 4154 2998 4209 Non
3023 4154 3167 4209 enim
3188 4153 3341 4208 facile
3356 4152 3622 4208 inveneris
3637 4152 3764 4222 quid

2179 4260 2388 4317 gratum
2427 4250 2474 4302 ei
2518 4262 2638 4303 esse
2677 4247 2844 4317 possit
2865 4286 2880 4313 ,
2910 4245 2998 4313 qui
3027 4245 3340 4315 margaritas
3365 4243 3683 4311 calcaverit,
3711 4244 3764 4298 id

2181 4349 2294 4407 est,
2336 4355 2456 4395 cum
2494 4353 2684 4408 magno
2714 4338 2896 4393 labore
2921 4336 3098 4391 divina
3124 4336 3336 4390 inventa
3359 4336 3763 4405 contempserit.

2181 4436 2282 4505 Qui
2315 4441 2491 4489 autem
2529 4433 2658 4487 tales
2694 4431 2850 4486 docet
2875 4428 3141 4500 quomodo
3168 4443 3272 4482 non
3295 4427 3658 4496 disrumpatur
3684 4428 3767 4481 in-

2181 4527 2444 4596 dignando
2464 4533 2518 4582 et
2536 4522 2937 4586 stomachando,
2962 4536 3067 4576 non
3088 4519 3262 4574 video.
3282 4517 3576 4588 Utrumque
3588 4529 3764 4573 autem

2180 4619 2376 4675 animal
2409 4615 2734 4672 immundum
2760 4622 2870 4676 est,
2903 4621 2956 4667 ct
2978 4611 3126 4666 canis
3150 4619 3204 4664 et
3225 4623 3437 4681 porcus.
3458 4609 3764 4663 Cavendum

2180 4714 2262 4760 est
2297 4717 2424 4772 ergo
2457 4716 2525 4756 ne
2557 4697 2682 4771 quid
2712 4697 2980 4767 aperiatur
3015 4695 3064 4750 ei
3099 4694 3188 4765 qui
3222 4708 3328 4748 non
3355 4693 3499 4762 capit
3527 4710 3540 4746 :
3576 4693 3768 4749 melius

2181 4795 2323 4849 cuitu
2346 4792 2536 4863 quierit
2557 4789 2698 4861 quod
2726 4789 2968 4844 clausum
2985 4794 3088 4851 est,
3109 4799 3266 4856 quam
3289 4784 3342 4838 id
3361 4783 3504 4854 quod
3523 4794 3767 4853 apertum

2181 4898 2264 4942 cst
2292 4897 2382 4940 aut
2406 4883 2617 4940 infestat
2636 4891 2727 4937 aut
2752 4880 2986 4952 negligit.
3007 4877 3192 4948 Neque
3211 4891 3336 4932 vero
3359 4877 3464 4931 alia
3488 4890 3650 4932 causa
3678 4891 3770 4930 re-

2183 4979 2386 5049 peritur
2409 4991 2506 5032 cur
2534 4990 2598 5031 ea
2620 4989 2739 5044 quae
2768 4971 3045 5027 manifesta
3076 4979 3124 5026 et
3157 4984 3345 5040 magna
3369 4979 3521 5034 sunt,
3549 4983 3655 5023 non
3675 4982 3772 5020 aen

2180 5069 2382 5140 cipiant
2405 5068 2422 5100 ⁸
2453 5075 2648 5138 praeter
2676 5064 2858 5120 odium
2885 5072 2939 5118 ct
2964 5070 3322 5132 contemptum
3344 5102 3358 5126 ,
3389 5076 3616 5131 quorum
3643 5075 3772 5130 pro-

2183 5169 2300 5231 pter
2338 5173 2500 5214 unum
2544 5171 2741 5222 canes,
2788 5163 3006 5226 propter
3042 5152 3269 5207 alterum
3315 5150 3460 5220 porci
3509 5151 3772 5204 nominati

2183 5260 2324 5310 sunt.
2362 5251 2492 5320 Quae
2526 5259 2701 5304 tamen
2729 5246 2903 5302 otnnis
2932 5241 3260 5298 immunditia
3289 5255 3468 5296 rerum
3497 5249 3772 5309 tempora-

2186 5347 2315 5402 lium
2352 5343 2634 5400 dilectione
2673 5338 3000 5407 concipitur,
3040 5333 3095 5390 id
3129 5342 3240 5399 est,
3281 5331 3569 5387 dilectione
3610 5331 3772 5400 hujus

2183 5437 2363 5494 su‘culi
2388 5479 2402 5502 ,
2434 5435 2518 5490 cui
2540 5433 2791 5504 jubemur
2821 5427 3122 5484 renuntiare
3151 5434 3208 5480 ut
3237 5422 3417 5478 mundi
3445 5437 3564 5478 esse
3596 5421 3771 5492 possi—

2185 5545 2322 5586 mus.
2354 5528 2455 5597 Qui
2485 5540 2612 5596 ergo
2643 5523 2896 5578 mundtttn
2926 5530 2979 5576 et
3007 5518 3228 5588 simplex
3257 5532 3352 5572 cor
3379 5514 3579 5570 habere
3605 5529 3773 5584 appe-

2188 5627 2280 5688 tit,
2323 5639 2429 5679 non
2465 5621 2623 5676 debet
2660 5618 2758 5672 sibi
2798 5631 2920 5670 reus
2958 5611 3152 5677 videri,
3196 5609 3242 5667 si
3276 5606 3471 5678 aliquid
3500 5606 3768 5664 occultat.

3649 5757 3711 5776 rll:

2255 5783 2269 5814 ¹
2295 5780 2427 5839 Etlitt,
2448 5777 2760 5838 accipiuntur.
2786 5781 2836 5824 At
2863 5780 2985 5832 ηδε»,
3013 5766 3246 5832 accipiunt
3273 5777 3286 5814 .'
3313 5761 3613 5818 subauditur,
3641 5757 3730 5813 illi.
