4076 6494
348 313 499 371 1501

350 429 506 496 quod
553 426 643 482 ille
678 425 766 496 qui
805 413 1277 491 occultatfeapere
1307 435 1409 474 non
1439 427 1628 489 potest.
1655 417 1760 473 Nec
1781 434 1842 474 ex
1869 431 1936 474 eo

351 516 727 570 nrliitraiidnm
763 522 843 570 est
867 513 1027 568 licere
1053 511 1260 566 mentiri
1291 527 1304 563 :
1335 523 1438 566 non
1467 510 1607 564 enim
1637 517 1719 564 cst
1746 522 1935 565 consc-

351 621 538 676 quens
558 615 615 660 ut
632 620 752 660 cum
777 619 956 658 verum
977 601 1290 666 occultatur,
1314 599 1502 656 falsum
1521 599 1744 656 dicatur.
1767 602 1935 670 Agen-

349 699 492 753 dum
532 713 659 767 ergo
696 696 921 766 primum
961 703 1042 749 est
1067 709 1123 748 ut
1153 693 1525 761 impedimenta
1550 691 1932 756 detrahantur,

350 790 556 857 quibus
589 786 814 842 ellicitur
851 791 908 840 ut
947 799 1050 839 non
1079 785 1284 853 capiat;
1317 784 1437 852 quia
1459 783 1637 853 utique
1657 783 1700 837 si
1724 789 1938 854 propter

351 879 552 931 sordes
582 891 684 930 non
711 875 880 945 capit,
904 873 1234 929 mandandus
1254 884 1335 928 est
1360 872 1446 928 vel
1469 873 1629 928 verbo
1649 873 1732 928 vel
1752 887 1930 946 opere,

350 977 618 1037 quantum
640 967 753 1022 ﬁeri
777 981 808 1021 a
834 966 986 1020 nobis
1011 973 1202 1036 potest.

439 1057 525 1112 70.
568 1057 720 1125 Quod
746 1066 922 1111 autem
953 1056 1206 1110 Dominus
1248 1062 1428 1109 noster
1463 1054 1702 1124 quredam
1731 1053 1935 1108 dixisse

353 1146 653 1211 invenitur,
681 1161 801 1215 quae
835 1145 986 1199 multi
1016 1146 1103 1215 qui
1141 1144 1387 1209 aderant,
1414 1143 1497 1198 vel
1523 1143 1820 1199 resistendo
1847 1143 1931 1198 vel

353 1235 758 1292 contemnendo
819 1249 926 1289 non
985 1243 1336 1303 acceperunt;
1389 1248 1493 1288 non
1537 1233 1804 1303 putandus
1856 1241 1936 1286 est

351 1338 606 1384 sanctum
635 1327 846 1382 dedisse
869 1325 1104 1390 canibus,
1134 1333 1225 1379 aut
1247 1324 1554 1394 margaritas
1580 1323 1788 1378 misisse
1808 1333 1934 1377 ante

353 1434 556 1490 porcos
585 1436 597 1473 :
621 1433 724 1473 non
751 1419 893 1473 enim
917 1417 1063 1472 dedit
1088 1416 1166 1472 eis
1190 1417 1275 1486 qui
1305 1430 1494 1484 capere
1525 1431 1629 1470 non
1658 1423 1932 1485 poterant,

353 1509 459 1565 sed
491 1509 568 1564 eis
591 1509 679 1578 qui
704 1516 950 1578 peterant
969 1547 984 1573 ,
1014 1513 1069 1561 et
1097 1506 1253 1561 simul
1279 1506 1525 1570 aderant;
1555 1521 1686 1575 quos
1717 1512 1935 1575 propter

352 1599 587 1653 aliorum
615 1597 995 1652 immunditiam
1023 1597 1213 1665 negligi
1245 1611 1348 1650 non
1391 1597 1686 1664 oportebat.
1717 1595 1783 1649 Et
1810 1607 1932 1649 eum

351 1705 486 1744 eum
511 1694 802 1743 tentatores
829 1686 1255 1756 interrogabant,
1286 1685 1742 1754 respondebatqnc
1784 1684 1887 1739 illis
1909 1726 1925 1752 ,

351 1779 437 1834 ita
465 1788 520 1832 ut
547 1777 670 1848 quid
697 1777 1122 1832 contradicerent
1151 1791 1256 1829 non
1283 1774 1559 1840 haberent,
1582 1775 1820 1844 quamvis
1846 1789 1935 1829 vc-

350 1870 516 1926 nenis
565 1870 674 1923 suis
717 1868 1150 1923 contabescerent
1194 1866 1402 1936 potius,
1430 1880 1587 1933 quam
1636 1865 1776 1920 illius
1814 1864 1932 1918 cibo

351 1968 754 2023 saturarentur;
785 1957 876 2010 alii
903 1966 1079 2011 tamen
1107 1956 1196 2025 qui
1225 1963 1468 2023 poterant
1492 1969 1702 2023 capere,
1731 1970 1794 2009 ex
1820 1955 1934 2008 illo-

351 2065 478 2104 rum
507 2048 782 2104 occasione
810 2049 973 2103 multa
1000 2048 1200 2101 utiliter
1225 2047 1528 2100 audiebant.
1557 2047 1669 2100 Hoc
1697 2044 1804 2100 dixi
1823 2087 1840 2112 ,
1866 2062 1934 2102 ne

351 2140 481 2208 quis
505 2139 657 2203 forte,
689 2153 808 2194 eum
839 2137 1180 2206 interroganti
1210 2137 1529 2204 respondere
1553 2150 1656 2191 non
1679 2137 1928 2204 potuerit,

355 2229 463 2290 hac
485 2229 742 2283 sententia
763 2228 864 2282 sibi
891 2235 1171 2281 excusatus
1197 2225 1455 2290 videatur,
1484 2225 1528 2279 si
1553 2225 1689 2279 dicat
1713 2225 1850 2280 nolle
1872 2239 1932 2280 se

353 2329 603 2373 sanctum
627 2318 754 2372 dare
779 2316 1026 2382 canibus,
1056 2317 1141 2370 vel
1181 2323 1304 2369 ante
1333 2329 1523 2383 porcos
1551 2315 1760 2368 mittere
1786 2329 1930 2367 mar-

354 2409 573 2477 garitas.
595 2407 693 2474 Qui
708 2407 848 2461 enim
870 2407 1015 2461 novit
1029 2404 1154 2474 quid
1176 2404 1510 2472 respondeat,
1531 2404 1687 2457 debet
1713 2418 1931 2471 respon-

357 2499 521 2563 dere,
551 2498 637 2552 vel
665 2506 885 2566 propter
909 2497 1064 2561 alios,
1097 2495 1288 2565 quibus
1317 2494 1616 2562 desperatio
1642 2494 1928 2556 suboritur,

358 2591 408 2644 si
441 2590 762 2660 propositam
792 2587 1136 2657 quaestionem
1182 2585 1312 2640 solvi
1359 2599 1467 2638 non
1504 2599 1660 2653 posse
1694 2584 1930 2639 credide-

361 2680 470 2733 rint
498 2695 511 2730 :
540 2687 595 2732 et
641 2677 740 2731 hoc
768 2677 835 2731 de
869 2676 1030 2730 rebus
1053 2674 1295 2739 utilibus,
1321 2681 1377 2727 et
1420 2671 1488 2726 ad
1533 2673 1932 2726 instructionem

361 2768 550 2824 salutis
572 2766 976 2836 pertinentibus.
1003 2765 1162 2818 Multa
1197 2771 1319 2817 sunt
1344 2763 1484 2818 enim
1511 2778 1627 2832 qua:
1648 2753 1838 2831 inquiri
1865 2761 1932 2816 ab

365 2859 555 2912 otiosis
585 2863 824 2926 possunt,
853 2869 1177 2924 supervacua
1211 2861 1264 2908 et
1291 2852 1483 2917 inania,
1519 2861 1572 2906 et
1625 2851 1932 2921 plerumque

364 2947 545 3012 noxia,
589 2947 656 3002 de
683 2946 873 3016 quibus
902 2954 1078 2999 tamen
1109 2943 1348 2998 nonnihil
1388 2942 1668 2996 dicendum
1695 2950 1777 2996 est
1801 2959 1814 2994 :
1836 2941 1932 2995 sed

365 3039 468 3092 hoc
493 3035 663 3106 ipsum
699 3033 1044 3105 aperiendum
1089 3043 1142 3088 et
1172 3032 1561 3101 explicandum,
1606 3047 1701 3086 cur
1739 3029 1930 3113 inquiri

367 3127 492 3182 talia
525 3141 632 3180 non
659 3131 922 3195 oporteat.
956 3125 1032 3178 De
1049 3124 1208 3179 rebus
1241 3137 1368 3192 ergo
1395 3123 1614 3177 utilibus
1650 3122 1931 3192 aliquando

371 3215 440 3270 ad
482 3215 534 3270 id
577 3213 1004 3284 respondendum
1041 3222 1123 3269 est
1165 3213 1304 3282 quod
1343 3213 1727 3282 interrogamur
1753 3230 1766 3266 :
1797 3213 1934 3266 sicut

369 3305 624 3380 Dominus
652 3304 794 3370 fecit,
815 3320 932 3358 cum
959 3320 1079 3358 eum
1104 3303 1376 3359 Saddueaei
1403 3304 1468 3357 de
1506 3303 1727 3357 muliere
1768 3304 1933 3357 inter-

372 3402 666 3466 rogassent,
692 3410 809 3464 quze
838 3405 1040 3462 septem
1091 3395 1230 3447 viros
1264 3394 1464 3458 habuit,
1496 3395 1646 3462 enjus
1668 3408 1849 3448 eorum
1880 3395 1932 3448 in

370 3485 760 3540 resurrectione
789 3483 961 3537 futura
987 3491 1146 3536 esset.
1187 3483 1481 3550 Respondit
1526 3484 1666 3537 enim
1710 3484 1851 3552 quod
1879 3483 1931 3537 in

371 3574 756 3631 resurrectione
781 3588 951 3643 neque
987 3588 1179 3626 uxores
1221 3572 1448 3639 ducent,
1491 3589 1662 3642 neque
1692 3575 1926 3637 nubent,

368 3664 464 3719 sed
491 3671 647 3718 erant
673 3663 812 3717 sicut
839 3663 1022 3731 Angeli
1040 3662 1095 3715 in
1123 3663 1293 3716 cmlis.
1315 3663 1608 3731 Aliquando
1634 3673 1810 3718 autem
1842 3663 1931 3718 ille

369 3754 459 3822 qui
489 3754 805 3822 interrogat,
837 3752 1238 3820 interrogandus
1263 3761 1344 3806 est
1368 3753 1507 3806 aliud
1527 3794 1542 3819 ,
1587 3753 1726 3823 quod
1757 3762 1931 3810 tamen

372 3843 420 3898 si
450 3841 679 3907 dixerit,
711 3841 822 3911 ipse
846 3841 945 3894 sibi
966 3840 1030 3894 ad
1058 3840 1107 3893 id
1133 3840 1271 3909 quod
1313 3842 1680 3911 interrogavit,
1709 3853 1932 3912 resp0n-

371 3931 528 3986 deat:
557 3931 600 3984 si
629 3939 805 3984 autem
846 3929 1025 3984 dicere
1051 3930 1276 3984 noluerit
1296 3971 1310 3995 ,
1333 3946 1436 3984 non
1463 3931 1700 3986 videatur
1739 3933 1803 3988 iis
1845 3934 1933 4002 qui

371 4011 564 4076 adsunt
585 4020 857 4089 injustam,
885 4021 928 4074 si
949 4029 1001 4074 et
1023 4021 1135 4089 ipse
1163 4021 1303 4090 quod
1333 4022 1691 4092 interrogavit,
1719 4037 1826 4079 non
1841 4039 1936 4080 au-

375 4111 506 4166 diat.
524 4110 653 4164 Nam
678 4109 822 4164 etilli
842 4111 930 4179 qui
957 4110 1408 4180 interrogaverunt
1449 4121 1727 4180 tentantes,
1762 4123 1932 4171 utrum

379 4201 707 4257 reddendum
739 4210 880 4258 esset
903 4203 1152 4257 tributum
1171 4243 1186 4267 ,
1210 4203 1514 4274 interrogati
1541 4215 1666 4261 sunt
1691 4207 1852 4273 aliud,
1881 4208 1934 4263 id

375 4305 478 4359 eat,
507 4294 656 4362 cujus
682 4292 900 4348 haberet
928 4309 1173 4349 nummus
1203 4295 1518 4366 imaginem,
1573 4297 1660 4367 qui
1703 4298 1770 4353 ab
1807 4299 1932 4368 ipsis

376 4386 609 4455 prolatus
627 4394 741 4452 est;
773 4393 827 4440 et
845 4386 965 4455 quia
990 4386 1234 4441 dixerunt
1259 4387 1399 4456 quod
1427 4389 1728 4458 interrogati
1760 4398 1929 4456 erant,

374 4475 426 4530 id
451 4484 551 4542 est,
593 4476 818 4532 Caesaris
841 4477 1122 4548 imaginem
1152 4478 1346 4533 habere
1368 4495 1658 4545 nummum,
1692 4482 1791 4549 ipsi
1831 4481 1934 4536 sibi

371 4567 757 4636 quodammodo
782 4570 1166 4638 reSponderunt
1192 4570 1240 4622 id
1258 4570 1395 4637 quod
1413 4570 1688 4624 Dominum
1717 4573 1934 4626 interro-

370 4665 623 4724 gaverant
650 4673 662 4708 :
687 4657 863 4726 itaque
901 4659 990 4710 ille
1026 4672 1092 4711 ex
1118 4672 1302 4711 eorum
1343 4659 1684 4725 responsione
1713 4663 1782 4714 ita
1809 4676 1935 4715 con-

371 4743 546 4804 clusit,
567 4743 778 4796 Reddite
801 4760 917 4814 ergo
933 4743 1121 4798 Caesari
1134 4743 1267 4812 quod
1285 4743 1493 4798 Cwsaris
1506 4756 1597 4810 est,
1619 4756 1663 4800 et
1679 4747 1790 4802 Deo
1800 4752 1934 4818 quod

371 4833 470 4886 Dei
493 4841 564 4886 est
593 4830 802 4904 (Matth.
860 4849 988 4900 χχιι,
1036 4833 1241 4903 15-54).
1274 4833 1406 4888 Cum
1445 4847 1616 4890 autem
1672 4840 1934 4908 principes

370 4921 704 4979 sacerdotum
726 4931 778 4976 et
805 4922 1040 4977 seniores
1084 4923 1263 4992 populi
1314 4924 1726 4995 interrogassent
1750 4929 1802 4982 in
1831 4945 1932 5000 qua

371 5021 632 5082 potestate
659 5012 746 5065 illa
775 5011 1006 5078 faceret,
1039 5014 1382 5084 interrogavit
1405 5033 1497 5072 eos
1516 5017 1582 5072 de
1624 5019 1936 5090 baptismate

371 5105 622 5170 Joannis;
652 5113 842 5160 etcum
873 5105 1074 5160 nollent
1094 5103 1291 5172 dicere,
1318 5108 1457 5178 quod
1482 5119 1667 5166 contra
1693 5126 1754 5168 se
1782 5113 1949 5168 vide-‘

379 5197 507 5250 bant
533 5195 656 5261 dici,
687 5194 755 5251 de
791 5194 996 5251 Joanne
1023 5207 1198 5252 autem
1225 5197 1356 5254 nihil
1384 5200 1505 5254 mali
1548 5201 1726 5257 dicere
1774 5203 1937 5260 aude-

375 5295 495 5341 rent
539 5293 752 5354 propter
797 5286 1237 5353 circumstantes;
1276 5287 1386 5344 Nec
1439 5308 1528 5362 ego
1571 5295 1706 5348 vobis
1747 5295 1928 5364 dicam,

372 5375 562 5444 inquit,
596 5373 650 5427 in
676 5390 774 5452 qua
812 5384 1054 5445 potestate
1081 5377 1186 5431 haec
1227 5378 1360 5447 facio
1403 5379 1511 5453 (Id.
1559 5399 1666 5450 xxx,
1710 5385 1932 5458 23-27):

374 5464 873 5535 qnodjustissimum
894 5469 1136 5536 apparuit
1161 5470 1638 5528 circumstantibus.
1665 5477 1776 5532 Hoc
1794 5481 1932 5534 enini

375 5570 432 5610 se
457 5555 705 5609 dixerunt
731 5556 933 5610 nescire
974 5558 1112 5627 quod
1138 5573 1242 5613 non
1272 5562 1598 5631 nesciebant,
1625 5566 1716 5621 sed
1760 5568 1936 5624 dicere

378 5643 644 5700 nolebant.
675 5643 740 5700 Et
772 5660 954 5701 revera
991 5646 1184 5718 justum
1228 5661 1338 5705 erat
1372 5660 1426 5706 nt
1455 5654 1541 5722 qui
1566 5655 1664 5710 sibi
1691 5657 1934 5714 volebant

1621 305 1818 360 LIBER
1858 301 2223 360 SECUNDUS.

3475 311 3610 370 i502

2041 415 2349 485 responderi
2392 417 2530 488 quod
2559 417 3043 489 interrogaverunt,
3076 421 3220 491 prius
3244 421 3343 493 ipsi
3375 422 3606 480 facerent

2026 510 2181 580 quod
2223 525 2348 581 erga
2395 523 2454 565 se
2506 511 2619 566 ﬁcri
2662 510 3040 581 postulabant:
3072 513 3211 584 quod
3251 515 3294 570 si
3337 514 3605 583 fecissent,

2043 601 2141 670 ipsi
2166 601 2266 656 sibi
2294 602 2477 672 utique
2506 601 2923 672 respondissent.
2967 604 3069 674 Ipsi
3095 605 3236 659 enim
3265 607 3514 662 miserant
3539 609 3602 662 ad

2041 690 2300 746 Joannem
2325 699 2626 761 quaerentes
2649 683 2767 761 quis
2806 702 2978 760 esset;
3010 697 3092 750 vel
3121 696 3290 764 potius
3315 694 3414 766 ipsi
3454 698 3601 752 missi

2041 789 2190 834 erant
2211 781 2519 837 sacerdotes
2542 791 2596 838 et
2625 775 2818 850 levitie,
2853 793 3096 854 putantes
3129 785 3265 854 quod
3311 784 3424 857 ipse
3465 799 3602 842 esset

2046 869 2308 937 Christus,
2337 871 2478 941 quod
2506 873 2593 927 ille
2637 887 2696 928 se
2742 876 2952 944 negavit
2999 890 3137 941 esse,
3184 885 3237 931 et
3283 877 3349 932 de
3387 877 3610 932 Domino

2042 958 2399 1014 testimonium
2422 961 2688 1029 perhibuit
2730 963 2906 1033 (Joan.
2939 965 3192 1035 1.19-27)
3219 985 3229 1017 :
3255 966 3320 1020 de
3369 981 3472 1037 quo
3529 977 3607 1020 tc-

2040 1049 2297 1103 stimonio
2321 1050 2366 1104 si
2391 1050 2631 1106 conﬁteri
2670 1053 2883 1117 vellent,
2915 1055 3014 1124 ipsi
3056 1069 3113 1110 se
3140 1055 3393 1111 docerent
3429 1058 3479 1111 in
3509 1073 3607 1127 qua

2040 1147 2306 1208 potestate
2332 1140 2417 1193 illa
2440 1139 2641 1196 faceret
2669 1140 2910 1197 Christus
2934 1160 2948 1210 ;
2972 1145 3110 1214 quod
3141 1147 3287 1215 quasi
3313 1147 3611 1203 nescientes

2041 1231 2511 1300 interrogaverunt,
2537 1241 2595 1288 ut
2623 1235 2978 1289 calumniandi
3005 1235 3200 1290 aditum
3229 1238 3548 1307 reperirent.

2110 1319 2332 1376 CAPUT
2358 1320 2500 1376 XXI.
2531 1351 2603 1364 --
2627 1324 2712 1378 71.
2752 1323 2886 1378 Cum
2930 1326 3088 1395 igitur
3126 1336 3446 1396 praeceptum
3469 1329 3612 1382 esset

2039 1427 2105 1464 ne
2133 1419 2370 1466 sanctum
2399 1414 2553 1468 detur
2573 1415 2811 1482 canibus,
2847 1426 2900 1471 et
2918 1417 3215 1487 margarita:
3266 1428 3390 1474 ante
3417 1432 3609 1488 porcos

2039 1503 2332 1569 mittantur,
2358 1504 2527 1572 potuit
2547 1505 2757 1560 auditor
2775 1521 3056 1562 occurrere
3075 1517 3128 1562 et
3143 1507 3338 1572 dicere,
3363 1509 3607 1564 conscius

2039 1591 2347 1660 ignorantia:
2375 1603 2534 1664 atque
2566 1595 2886 1651 infirmitatis
2903 1613 3030 1663 sum,
3068 1609 3121 1653 et
3145 1599 3365 1654 audiens
3393 1599 3606 1670 ιιι-ωοίρί

2039 1682 2137 1734 sibi
2186 1697 2252 1737 ne
2282 1683 2449 1748 daret,
2482 1684 2623 1754 quod
2667 1685 2898 1755 scipsum
2937 1688 3169 1742 nondum
3198 1689 3467 1759 accepisse
3487 1703 3608 1743 seu-

2039 1771 2200 1824 tiebat
2219 1789 2231 1824 :
2252 1775 2422 1839 potuit
2447 1789 2574 1843 ergo
2600 1790 2882 1831 occurrere
2905 1789 2967 1831 ac
2990 1777 3186 1843 dicere,
3205 1778 3354 1844 Quod
3366 1787 3605 1833 sanctum

2039 1879 2124 1916 me
2150 1863 2276 1919 dare
2304 1865 2544 1931 canibus,
2576 1876 2630 1922 et
2657 1882 2788 1937 quas
2808 1870 3117 1938 margaritas
3144 1885 3228 1924 me
3253 1870 3463 1925 mittere
3483 1877 3609 1924 ante

2039 1971 2226 2024 porcos
2274 1968 2456 2022 vetas,
2514 1973 2634 2012 cum
2687 1957 2860 2014 adhuc
2900 1975 2961 2015 ea
2997 1972 3083 2016 me
3135 1961 3332 2016 habere
3377 1975 3481 2015 non
3531 1959 3610 2014 vi-

2034 2045 2229 2099 deam?
2281 2046 2728 2116 opportunissime
2777 2050 3031 2119 subiecit,
3077 2049 3300 2118 dicens,
3362 2051 3607 2115 «Potite,

2033 2144 2090 2188 et
2133 2135 2342 2190 dabitur
2369 2137 2552 2201 vobis;
2578 2140 2798 2207 quaerite
2818 2181 2832 2202 ,
2860 2149 2912 2193 et
2959 2141 3268 2205 invenietis;
3293 2136 3527 2210 pulsate,
3557 2147 3610 2194 et

2033 2225 2298 2292 aperietur
2319 2227 2486 2282 vobis.
2513 2227 2697 2283 Omnis
2723 2230 2862 2282 enim
2885 2231 2972 2300 qui
3001 2233 3129 2300 petit
3149 2273 3162 2295 ,
3191 2232 3412 2301 accipit;
3444 2240 3496 2286 et
3521 2233 3608 2301 qui

2034 2314 2241 2382 qua-rit,
2262 2315 2486 2378 invenit;
2505 2324 2559 2370 et
2579 2317 2803 2384 pulsanti
2822 2319 3106 2387 aperietur.
3129 2338 3148 2372 ι
3176 2321 3364 2375 Petilio
3388 2323 3610 2390 pertinet

2033 2403 2098 2456 ad
2128 2406 2511 2471 impetrandam
2533 2408 2812 2461 sanitatem
2838 2408 3246 2480 firmitatemque
3264 2411 3444 2475 animi,
3469 2421 3523 2465 ut
3548 2427 3608 2466 ea

2033 2509 2152 2561 quae
2202 2495 2596 2564 praicipiuntur.
2627 2497 2848 2565 implere
2897 2501 3191 2567 possimus:
3221 2498 3489 2568 inquisitio
3516 2515 3608 2554 au-

2036 2590 2142 2636 tem
2163 2621 2177 2646 ,
2206 2583 2271 2637 ad
2302 2585 2670 2639 inveniendam
2689 2587 2984 2641 veritatem.
3006 2587 3138 2642 Cum
3160 2590 3299 2643 enim
3322 2590 3473 2644 beata
3498 2590 3604 2644 vita

2034 2673 2242 2727 actione
2283 2682 2339 2728 et
2378 2675 2678 2744 cognitione
2724 2677 3070 2745 compleatur,
3116 2679 3252 2732 actio
3306 2678 3606 2733 facultatem

2034 2761 2223 2814 virium
2248 2802 2262 2827 ,
2291 2756 2666 2831 contemplatio
2685 2764 3163 2820 manifestationem
3192 2782 3367 2820 rerum
3395 2767 3607 2822 deside-

2033 2858 2116 2903 rat
2145 2866 2158 2901 :
2195 2850 2379 2904 borum
2411 2865 2536 2921 ergo
2567 2854 2792 2920 primum
2817 2855 3118 2923 petendum,
3151 2857 3437 2911 secundum
3459 2873 3607 2925 qua:-

2034 2939 2256 2993 rcndum
2281 2949 2395 3005 est;
2429 2950 2486 2994 ut
2529 2941 2654 2995 illud
2685 2942 2858 3008 detur,
2889 2943 2990 2998 hoc
3020 2937 3333 2998 inteniatur.
3365 2945 3468 2999 Sed
3513 2961 3604 2999 co-

2033 3029 2197 3098 gnitio
2221 3030 2272 3084 in
2302 3030 2400 3085 bac
2415 3032 2539 3095 vita,
2558 3033 2656 3087 viae
2685 3034 2831 3101 prius
2847 3049 3002 3104 quam
3029 3035 3195 3104 ipsius
3223 3037 3570 3106 possessionis
3589 3038 3605 3068 ί

2034 3127 2117 3172 est
2152 3135 2165 3172 :
2192 3119 2284 3173 sed
2307 3135 2426 3174 cum
2452 3121 2672 3191 quisque
2699 3137 2874 3176 veram
2921 3123 3059 3176 viam
3105 3121 3388 3188 invenerit,
3413 3138 3599 3193 perve-

2037 3211 2147 3265 niet
2171 3213 2238 3267 ad
2257 3213 2424 3282 ipsam
2454 3214 2869 3283 possessionem;
2895 3227 3010 3284 qua:
3033 3224 3205 3271 tamen
3233 3216 3459 3286 pulsanti
3483 3230 3609 3284 ape-

2035 3301 2188 3354 ritur.

2108 3389 2193 3443 72.
2228 3389 2290 3446 Ut
2318 3403 2444 3460 ergo
2475 3391 2571 3446 tria
2611 3391 2727 3457 ista,
2783 3392 2832 3446 id
2884 3401 2985 3459 est,
3039 3392 3243 3461 petitio,
3302 3393 3602 3462 inquisitio,
3641 3400 3645 3404 ”

2034 3481 2282 3551 pulsatio,
2312 3482 2588 3536 manifesta
2613 3483 2771 3546 tiant,
2805 3483 2904 3536 sub
2931 3484 3106 3553 aliquo
3141 3485 3386 3553 exemplo
3434 3498 3605 3554 pona-

2036 3586 2152 3626 mus
2181 3572 2407 3641 aliquem
2437 3572 2660 3625 intimnis
2706 3573 2923 3641 pedibus
2967 3573 3236 3627 ambulare
3265 3589 3367 3626 non
3400 3587 3558 3642 posse
3589 3591 3604 3628 :

2035 3662 2181 3731 prius
2209 3676 2333 3730 ergo
2361 3661 2626 3716 sanandus
2673 3671 2727 3716 et
2775 3662 3067 3716 ﬁrmandus
3109 3671 3191 3718 est
3227 3663 3289 3717 ad
3328 3663 3604 3718 ambulan-

2034 3753 2193 3818 dum;
2233 3761 2286 3807 et
2311 3752 2378 3806 ad
2419 3752 2520 3807 hoc
2551 3754 2794 3822 pertinet,
2848 3753 2992 3823 quod
3040 3753 3192 3821 dixit,
3244 3754 3424 3808 Petite.
3473 3754 3610 3820 Quid

2035 3853 2210 3898 autem
2235 3842 2452 3912 prodest
2474 3843 2612 3911 quod
2639 3844 2914 3898 ambulare
2932 3844 3040 3913 jam
3067 3885 3080 3908 ,
3104 3843 3185 3900 vel
3213 3845 3373 3898 etiam
3393 3858 3610 3899 currere

2037 3941 2235 4002 potest,
2265 3933 2309 3987 si
2339 3946 2432 4001 per
2468 3931 2619 3987 devia
2659 3932 2845 3987 itinera
2869 3933 3162 3988 erraverit?
3191 3932 3482 3988 secundum
3528 3941 3617 3988 est

2037 4037 2182 4091 ergo,
2217 4031 2272 4075 ut
2298 4022 2528 4076 inveniat
2557 4022 2694 4076 viam
2735 4038 2855 4091 qua:
2883 4022 3026 4077 ducit
3049 4039 3114 4078 eo
3143 4039 3246 4094 quo
3276 4025 3386 4079 vult
3424 4039 3611 4094 perve-

2036 4113 2151 4168 nire
2179 4129 2368 4183 :quam
2400 4127 2520 4168 cum
2552 4114 2796 4180 tennerit,
2839 4122 2894 4168 et
2941 4114 3240 4184 pervenerit
3267 4114 3333 4169 ad
3359 4130 3480 4170 eum
3530 4115 3610 4184 ip-

2037 4219 2151 4259 sum
2184 4205 2398 4259 locum‘
2427 4205 2513 4260 ubi
2544 4205 2780 4260 habitare
2808 4206 2915 4259 vult
2941 4247 2955 4271 ,
2989 4209 3030 4259 si
3050 4207 3282 4260 clausum
3310 4206 3598 4270 invenerit;

2037 4310 2208 4364 neque
2239 4295 2507 4349 ambulare
2537 4296 2799 4365 potuisse,
2841 4311 3010 4364 neque
3040 4296 3336 4351 ambulasse
3375 4310 3440 4350 ac
3488 4293 3608 4364 per-

2037 4384 2244 4437 venisse
2275 4382 2551 4452 profuerit,
2589 4383 2688 4437 nisi
2717 4383 2983 4452 aperiatur
3015 4401 3026 4436 :
3057 4385 3123 4438 ad
3156 4384 3258 4439 hoc
3287 4399 3412 4455 ergo
3438 4385 3604 4454 perti-

2037 4483 2125 4528 net
2153 4474 2291 4543 quod
2322 4474 2524 4528 dictum
2543 4483 2655 4541 est,
2689 4474 2901 4528 Putsate
2925 4473 3021 4548 (a).

2109 4565 2194 4619 75.
2234 4565 2469 4634 Magnam
2500 4575 2672 4620 autem
2703 4580 2850 4635 spem
2879 4565 3023 4621 dedit
3047 4573 3101 4620 ct
3126 4565 3214 4620 dat
3245 4567 3329 4622 ille
3355 4568 3442 4637 qui
3475 4582 3598 4638 pro-

2038 4654 2293 4708 mittendo
2316 4669 2420 4708 non
2445 4654 2637 4723 decipit
2670 4672 2683 4709 :
2710 4656 2783 4708 ait
2803 4655 2964 4721 enim,
2997 4653 3172 4709 Omnis
3195 4655 3278 4725 qui
3307 4657 3448 4725 petit,
3471 4659 3604 4711 acci-

2039 4743 2145 4811 pit;
2172 4751 2215 4795 et
2249 4743 2334 4812 qui
2357 4744 2552 4810 quwri't,
2583 4743 2800 4805 invenit;
2836 4756 2881 4796 et
2908 4744 3125 4813 pulsanti
3152 4745 3420 4815 aperietur.
3461 4745 3604 4816 Ergo

2039 4832 2424 4899 perseverantia
2473 4846 2606 4900 0an
2658 4842 2769 4893 est,
2818 4841 2873 4886 ut
2920 4817 3428 4904 accipiamus\quod
3465 4836 3602 4902 peti-

2037 4934 2183 4985 mus,
2222 4928 2274 4973 et
2312 4920 2635 4974 inveniamus
2663 4921 2800 4990 quod
2827 4922 3110 4990 quarrimus
3131 4963 3145 4989 ,
3177 4932 3230 4977 et
3257 4923 3395 4992 quod
3431 4925 3603 4993 pulsa-

2037 5025 2155 5062 mus
2183 5009 2466 5076 aperiatur.
2495 5009 2945 5076 Quemadmodum
2972 5019 3144 5064 autem
3185 5012 3289 5081 egit
3317 5013 3382 5068 de
3411 5015 3602 5068 Volati-

2037 5099 2171 5154 libus
2190 5101 2310 5156 coeli
2339 5110 2392 5157 et
2419 5101 2484 5156 de
2506 5102 2627 5157 liliis
2656 5104 2788 5174 agri,
2821 5118 2886 5158 ne
2906 5105 3097 5158 victum
3137 5106 3288 5160 nobis
3325 5107 3602 5163 vestitum-

2036 5203 2138 5260 que
2164 5189 2564 5260 desperaremus
2591 5193 2908 5262 adfuturum,
2938 5204 2994 5249 ut
3019 5210 3141 5265 spes
3164 5211 3191 5250 a
3219 5197 3510 5253 minoribus
3539 5202 3603 5255 ad

2101 5368 2210 5440 ita.
2254 5375 2306 5418 et
2344 5375 2475 5440 Lor,
2519 5367 2761 5440 possessio.
2807 5369 2899 5420 Sed
2922 5368 3095 5421 melius
3112 5378 3215 5422 Mss.
3239 5378 3291 5422 et
3312 5373 3603 5435 antiquiores

2038 5427 2173 5488 editi,
2196 5427 2497 5488 possessionis
2511 5427 2597 5479 est.
3017 5453 3022 5459 -

2098 5488 2251 5540 ’Editi
2276 5498 2484 5555 etatss.,_r
2504 5488 2705 5555 tenuerit
2726 5497 2771 5541 et
2809 5492 3058 5555 peregerit,
3102 5505 3208 5543 ewn
3233 5491 3386 5554 ipsum
3407 5492 3560 5545 locum
3583 5508 3602 5545 :

2039 5559 2243 5621 excepta
2278 5551 2378 5621 sola
2412 5553 2622 5602 editione
2654 5559 2784 5613 Lov.,
2804 5551 2909 5615 quin
2923 5551 3105 5616 ’habct,
3149 5561 3191 5605 et
3235 5551 3498 5620 pervenerit
3536 5557 3600 5608 ad

2036 5623 2145 5672 eum
2166 5611 2321 5672 ipsum
2345 5611 2513 5662 tacturi.

2098 5670 2210 5735 ((1)1
2233 5681 2430 5725 tle-tract.
2458 5689 2560 5737 cap.
2594 5674 2662 5730 19,
2691 5689 2735 5723 ιι.
2765 5677 2808 5722 ‘J.

3406 5793 3476 5806 ρ...
