4076 6498
479 352 611 414 1305

475 472 671 541 iuujura
694 482 1062 544 consurgeret;
1095 472 1161 527 ita
1188 480 1241 526 et
1269 471 1369 526 hoc
1396 472 1515 527 loco
1534 512 1549 538 ,
1580 491 1599 524 ι
1638 470 1742 526 Aut
1766 470 1885 540 quis
1910 469 2013 525 erit
2032 510 2048 535 ,

470 580 536 618 ex
571 563 739 630 vobis,
774 565 960 636 inquit,
998 566 1177 632 homo,
1206 579 1364 636 quem
1408 564 1455 636 si
1501 564 1712 635 petierit
1755 563 1894 638 illius
1934 562 2053 632 ejus

471 668 680 723 panem,
722 654 975 726 numquid
1012 653 1238 725 lapidem
1266 655 1497 725 porriget
1532 656 1615 710 ei?
1642 663 1734 711 aut
1776 655 1819 719 si
1854 652 2051 723 piscem

471 746 699 816 petierit,
718 747 971 817 numquid
993 756 1294 816 serpentem
1308 746 1559 817 ~porriget
1585 746 1673 802 ei?
1692 745 1748 801 Si
1778 760 1904 816 ergo
1933 759 2047 811 vos,

469 852 589 891 cum
636 838 750 895 siis
787 837 951 904 mali,
980 837 1147 911 nostis
1182 837 1318 893 bona
1358 836 1478 891 data
1520 836 1649 909 dare
1679 835 1801 890 ﬁliis
1825 836 2046 911 vestris;

467 941 664 1000 quanto
680 929 847 1000 magis
872 929 1028 984 Pater
1052 937 1230 987 vester
1257 928 1344 1000 qui
1374 929 1424 983 in
1441 929 1592 983 eoelis
1620 936 1721 995 est,
1744 927 1889 983 dabit
1912 928 2049 989 bona

468 1021 765 1091 petentibus
789 1020 882 1076 se?
908 1039 928 1097 ι
958 1020 1235 1093 Quomodo
1260 1021 1386 1075 mali
1410 1020 1536 1081 dant
1552 1018 1688 1074 bona
1705 1019 1729 1073 ?
1749 1018 1854 1075 Sed
1884 1018 2052 1074 malos

465 1110 749 1181 appellavit
771 1111 1054 1168 dilectores
1080 1111 1253 1167 adhuc
1278 1111 1454 1167 saeculi
1481 1111 1634 1180 huius
1653 1119 1707 1165 et
1724 1118 2046 1180 peccatores.

464 1196 507 1258 Β
524 1218 609 1258 ma
640 1219 767 1260 vero
795 1220 912 1272 qua:
937 1204 1095 1272 dant,
1128 1204 1420 1262 secundum
1458 1219 1642 1281 eorum
1670 1218 1883 1259 sensum
1911 1203 2049 1272 bona

465 1296 686 1365 dicenda
717 1306 860 1366 sunt,
887 1296 1009 1368 quia
1039 1297 1154 1371 haec
1181 1313 1279 1372 pro
1302 1297 1455 1353 bonis
1482 1296 1697 1351 habent.
1736 1295 2049 1366 Quanquam

462 1399 516 1459 et
559 1390 611 1444 in
643 1405 820 1457 rerum
864 1398 1050 1445 natura
1079 1390 1178 1463 ista
1214 1391 1352 1446 bona
1379 1390 1503 1454 sint,
1543 1388 1637 1445 sed
1665 1388 1971 1457 temporalia
1998 1396 2051 1442 et

462 1480 529 1557 ad
569 1481 725 1536 istam
766 1481 930 1537 vitam
959 1481 1222 1537 infirmam
1256 1481 1573 1550 pertinentia
1604 1497 1616 1533 :
1647 1488 1702 1535 et
1722 1479 1959 1550 quisquis
1987 1493 2048 1535 ea

464 1572 635 1627 malus
666 1571 775 1640 dat,
814 1587 921 1627 non
945 1571 1012 1628 de
1040 1586 1136 1627 suo
1174 1571 1290 1638 dat;
1321 1572 1529 1626 Domini
1562 1571 1803 1629 esteuim
1832 1580 1970 1625 terra
1997 1577 2051 1624 et

464 1661 738 1731 plenitudo
753 1662 868 1733 ejus
884 1661 1051 1735 (Psal.
1073 1678 1225 1727 χχιιι,
1249 1660 1299 1733 i)
1319 1662 1407 1733 qui
1422 1661 1749 1729 fecitcmlum
1766 1670 2046 1727 cttcrram,

463 1768 613 1809 mare
637 1761 690 1809 et
714 1754 891 1809 omnia
917 1769 1034 1824 qua:
1061 1755 1113 1808 iu
1149 1754 1227 1810 eis
1255 1762 1378 1808 sunt
1403 1752 1559 1824 (Psal
1581 1768 1743 1820 CXLV,
1769 1752 1849 1824 6).
1873 1753 2050 1821 Quan-

462 1852 576 1905 tum
614 1858 741 1913 ergo
785 1844 1103 1915 sperandum
1143 1853 1224 1899 est
1251 1844 1496 1899 daturum
1527 1843 1693 1899 Deum
1730 1844 1883 1899 nobis
1912 1844 2047 1899 bona

462 1935 784 2003 petentibus,
816 1950 914 1991 nec
945 1950 1042 1996 nos
1065 1949 1224 2005 posse
1252 1933 1444 2005 decipi,
1476 1942 1534 1990 ut
1560 1934 1881 2004 accipiamus
1909 1934 2048 1990 aliud

460 2038 563 2108 pro
580 2025 712 2091 alio,
761 2041 882 2092 cum
933 2025 1002 2080 ab
1040 2026 1155 2096 ipso
1196 2026 1454 2094 petimus;
1501 2025 1714 2094 quando
1740 2025 1898 2080 etiam
1930 2039 2045 2091 nos,

461 2131 584 2181 cum
614 2117 781 2185 simus
808 2117 954 2179 mali,
984 2118 1227 2172 novimus
1256 2116 1307 2170 id
1333 2116 1462 2171 dare
1481 2117 1619 2186 quod
1644 2116 1918 2187 petimur?
1945 2131 2050 2170 non

464 2207 607 2262 enim
632 2206 928 2278 decipimus
955 2207 1092 2262 ﬁlios
1124 2216 1371 2272 nostros;
1400 2216 1456 2262 et
1479 2208 1885 2277 qualiacumque
1912 2206 2048 2261 bona

464 2296 674 2361 damus,
709 2311 815 2351 non
841 2297 909 2352 de
940 2308 1144 2360 nostro,
1168 2297 1262 2352 sed
1288 2296 1355 2353 de
1379 2297 1547 2367 ipsius
1575 2297 1783 2353 damus.

525 2388 751 2443 CAPUT
775 2388 1105 2443 XXll.—74.
1127 2388 1376 2445 Firtnitas
1396 2398 1573 2445 autem
1590 2397 1644 2444 ει
1657 2388 1884 2442 valentia
1902 2403 2048 2457 quin:

465 2483 589 2540 dam
617 2482 922 2538 ambulandi
953 2497 1047 2553 per
1066 2482 1342 2553 sapientia:
1361 2482 1523 2549 viam,
1553 2482 1605 2537 in
1633 2481 1788 2555 bonis
1812 2479 2050 2553 moribus

463 2572 753 2629 constituta
781 2583 882 2640 cst,
911 2574 1002 2644 qui
1026 2572 1388 2643 perducuntur
1427 2588 1596 2644 usque
1644 2572 1711 2628 ad
1746 2571 2048 2632 mundatio-

464 2680 587 2736 pem
614 2664 1113 2734 simplicitatcmque
1138 2662 1335 2729 cordis,
1358 2662 1425 2719 de
1445 2678 1548 2734 qua
1571 2661 1682 2733 jam
1712 2662 1801 2718 diu
1832 2661 2051 2732 loquens

464 2756 536 2810 ita
563 2754 838 2810 concludit
866 2772 877 2807 :
916 2754 1101 2811 Omnia
1128 2770 1245 2825 ergo
1268 2770 1591 2826 quietumque
1609 2751 1757 2808 uultis
1785 2762 1837 2807 ut
1863 2753 2051 2821 faciant

462 2845 601 2901 vobis
630 2845 856 2901 homines
878 2848 1029 2909 bona,
1059 2845 1133 2898 ila
1159 2854 1206 2899 et
1230 2860 1316 2899 vos
1336 2845 1487 2916 facile
1512 2844 1615 2899 illis
1645 2861 1659 2897 :
1686 2843 1793 2899 haec
1811 2853 1885 2897 est
1922 2841 2053 2896 enim

463 2936 572 2991 Lex
595 2946 641 2991 et
668 2936 940 3006 PrOpheta:
982 2934 1198 3007 (Matth.
1237 2952 1338 3003 vu,
1389 2935 1503 3006 12).
1552 2935 1608 2990 In
1661 2934 2052 3005 exemplaribus

463 3028 653 3098 graecis
682 3029 757 3082 sic
784 3028 1103 3093 invenimus,
1140 3027 1324 3085 Omnia
1343 3044 1467 3099 ergo
1491 3043 1814 3098 quaecumque
1829 3028 1981 3083 uultis
1999 3043 2053 3084 at

463 3120 651 3190 faciant
671 3118 809 3174 vobis
835 3118 1081 3184 homines,
1112 3119 1184 3172 ita
1211 3128 1258 3172 et
1280 3133 1364 3173 vos
1385 3119 1538 3190 facile
1558 3117 1683 3173 illis.
1701 3119 1807 3175 Sed
1845 3119 1913 3175 ad
1934 3134 2051 3173 ma.

462 3210 856 3267 infestationem
886 3210 1165 3266 sententia:
1189 3219 1319 3281 puto
1338 3225 1369 3264 a
1400 3210 1579 3267 latinis
1613 3211 1849 3267 additum
1897 3212 2047 3266 bona.

462 3300 791 3356 Occurrebat
817 3300 959 3355 enim
987 3299 1129 3373 quod
1156 3301 1200 3356 si
1225 3302 1505 3373 quisquam
1548 3302 1808 3374 ﬂagitiose
1851 3302 2051 3373 aliquid

463 3408 592 3464 erga
620 3409 680 3449 se
718 3392 832 3449 ﬁeri
875 3393 1033 3461 velit,
1065 3404 1118 3450 et
1159 3394 1226 3450 ad
1266 3394 1367 3449 hoc
1393 3393 1592 3451 referat
1637 3395 1792 3451 istam
1836 3404 2055 3451 senten-

463 3486 615 3551 tiam,
640 3485 801 3540 veluti
831 3485 877 3540 si
906 3486 1031 3540 velit
1058 3485 1250 3556 aliquis
1276 3490 1553 3557 provocari
1598 3498 1656 3542 ut
1698 3485 2049 3546 immoderate

465 3577 614 3633 bibat
643 3586 697 3632 ει
721 3592 781 3633 εε
807 3578 1092 3650 ingurgitct
1116 3578 1338 3650 poculis,
1370 3588 1425 3636 ct
1446 3579 1552 3635 hoc
1573 3580 1719 3651 prior
1734 3580 1809 3635 illi
1832 3579 1989 3635 iaciat
2017 3596 2046 3634 a

462 3682 570 3739 quo
595 3667 696 3723 sibi
726 3667 841 3723 ﬁeri
875 3669 1043 3739 cupit,
1072 3669 1355 3726 ridiculum
1384 3679 1466 3726 est
1487 3671 1629 3726 hunc
1657 3679 1844 3741 putare
1894 3671 2048 3726 istam

463 3761 771 3833 implevisse
805 3763 1148 3818 sententiam.
1192 3763 1325 3819 Cum
1357 3778 1485 3834 ergo
1534 3764 1633 3819 hoc
1672 3772 1944 3831 moveret,
1990 3774 2049 3819 ut

460 3854 713 3920 arbitror,
752 3854 990 3911 additum
1017 3863 1094 3911 est
1131 3855 1198 3910 ad
1225 3854 1712 3912 ntauifesuttionem
1757 3857 1835 3911 rei
1886 3872 2047 3911 unum

461 3947 706 4014 Verbum,
731 3958 789 4003 ut
819 3956 1163 4018 posteaquam
1193 3948 1391 4003 dictum
1418 3958 1520 4014 est,
1555 3948 1741 4004 Omnia
1772 3966 1891 4021 ergo
1911 3965 2052 4020 qua:-

463 4055 675 4108 cumque
689 4039 837 4094 vultis
865 4047 921 4092 ut
948 4039 1138 4108 faciant
1156 4039 1292 4095 vobis
1313 4040 1557 4107 homines,
1586 4040 1873 4097 adderetur
1892 4040 2044 4095 bona.

463 4133 618 4203 Quod
644 4132 689 4188 si
709 4131 862 4189 deest
888 4130 1281 4201 exemplaribus
1300 4132 1488 4202 graecis
1510 4173 1525 4198 ,
1555 4133 1713 4187 etiam
1752 4132 1841 4186 illa
1868 4148 2052 4188 emen-

462 4224 636 4302 danda
670 4235 793 4281 sunt
822 4242 836 4280 :
864 4222 959 4280 sed
986 4224 1110 4295 quis
1138 4222 1240 4279 hoc
1264 4223 1488 4279 audeat?
1521 4223 1922 4295 Intelligendum
1969 4233 2051 4279 εει

462 4329 593 4387 ergo
618 4316 828 4386 plenam
857 4327 977 4370 esse
1012 4314 1328 4370 sententiam
1368 4321 1423 4369 et
1463 4313 1682 4368 omnino
1727 4313 2014 4384 perlectam
2032 4352 2046 4384 ,

464 4411 627 4466 etiam
657 4410 701 4465 si
732 4409 833 4464 hoc
858 4408 1078 4464 verbum
1108 4423 1210 4462 nou
1232 4406 1474 4462 addatur.
1505 4405 1561 4461 Id
1599 4406 1741 4463 enim
1791 4406 1933 4477 quod
1963 4406 2050 4461 di-

460 4510 604 4558 ctum
617 4509 719 4566 est,
741 4516 1064 4571 quacumque
1087 4499 1256 4562 vultis,
1284 4512 1389 4552 non
1415 4496 1606 4554 usitate
1630 4511 1695 4552 ac
1718 4497 1937 4568 passim,
1955 4496 2050 4553 sed

461 4593 676 4664 proprie
703 4592 900 4647 dictum
931 4590 1098 4660 accipi
1123 4596 1355 4658 oportet.
1382 4587 1635 4643 Voluntas
1668 4602 1897 4659 namque
1944 4602 2050 4642 non

463 4699 547 4747 est
574 4690 675 4745 nisi
705 4690 759 4744 iu
786 4689 939 4744 bouis
970 4703 983 4740 :
1026 4701 1146 4753 nam
1176 4686 1230 4740 in
1275 4684 1428 4739 malis
1475 4683 1857 4755 ﬂagitiosisque
1899 4682 2050 4737 lactis

462 4782 723 4855 Cupiditas
742 4781 953 4853 proprie
979 4780 1194 4845 dicitur,
1222 4794 1327 4833 non
1345 4778 1607 4833 voluntas.
1635 4776 1750 4832 Non
1768 4777 1890 4847 quia
1911 4791 2052 4830 sem-

462 4888 561 4945 per
588 4872 799 4944 pr0pric
827 4872 1110 4940 losluuntur
1137 4867 1454 4940 Scriptum,
1486 4867 1580 4923 sed
1611 4867 1700 4923 ubi
1739 4869 1949 4938 opOrtet
1977 4867 2047 4921 ita

462 4964 684 5041 omnino
706 4962 980 5036 proprium
1000 4959 1219 5017 verbum
1244 4968 1427 5015 tenent
1450 5002 1463 5025 ,
1495 4968 1551 5014 ut
1576 4972 1683 5014 non
1711 4958 1851 5014 aliud
1874 4958 2051 5013 slnaut

463 5050 704 5127 intelligi.

536 5147 627 5203 75.
670 5145 892 5201 Videtur
906 5153 1085 5219 autem
1117 5142 1217 5199 hoc
1247 5150 1572 5213 prmceptum
1602 5142 1667 5197 ad
1707 5141 2045 5215 dilectionem

469 5240 697 5312 proximi
737 5239 1039 5310 pertinere,
1068 5252 1171 5293 non
1204 5237 1362 5292 etiam
1391 5236 1459 5291 ad
1494 5235 1617 5301 Dei,
1650 5250 1772 5290 eum
1802 5233 1908 5288 alio
1933 5235 2049 5288 loco

462 5334 570 5389 duo
592 5340 857 5403 prieccpta
886 5343 1007 5386 esse
1034 5328 1197 5396 dicat,
1230 5329 1281 5382 in
1308 5328 1500 5399 quibus
1520 5336 1624 5381 tota
1651 5325 1759 5397 Lex
1786 5327 1964 5398 pendet
2002 5334 2049 5380 et

465 5424 797 5486 Prophetaz‘.
829 5422 961 5478 Nam
990 5420 1035 5477 si
1063 5420 1305 5487 dixisset,
1334 5416 1522 5476 Omnia
1550 5434 1899 5490 quaecumque
1939 5421 2052 5475 vul-

465 5520 536 5574 tis
562 5516 677 5573 ﬁeri
696 5515 884 5582 vobis,
911 5513 1025 5570 haec
1054 5522 1109 5568 et
1128 5528 1223 5568 vos
1258 5511 1449 5577 facite;
1498 5510 1599 5565 hac
1639 5525 1740 5563 una
1788 5512 2049 5566 sententia

466 5619 747 5678 utrumque
770 5605 897 5662 illud
922 5611 1241 5676 prmceptum
1257 5601 1566 5671 complexus
1582 5610 1725 5656 esset
1750 5618 1761 5653 :
1786 5601 1892 5655 cito
1907 5602 2049 5656 enim

532 5785 546 5816 ι
577 5790 625 5833 ιιι
652 5782 863 5833 editione
885 5789 988 5829 nar.
1020 5787 1065 5829 et
1089 5780 1260 5830 decem
1286 5785 1412 5839 Mss,
1436 5783 1479 5828 ct
1503 5788 1662 5829 omnes
1688 5776 1933 5851 Prop/tene

1316 359 1403 413 DE
1441 355 1762 413 SEIKMUNE
1801 351 2031 410 [ιΟΜΙΝΙ
2072 350 2133 405 ΙΝ
2176 354 2424 425 MON'l'l-f,
2466 358 2521 413 S.
2570 360 2931 438 AUGUSTINI
3002 410 3017 427 .

3606 374 3783 435 εἴ»οΰ

2160 465 2444 537 diceretur,
2477 470 2621 543 diligi
2647 488 2705 530 se
2731 476 2864 531 velle
2894 493 3319 551 unumquemque
3338 524 3352 548 ,
3384 492 3437 537 et
3456 500 3486 538 a
3517 485 3647 551 Deo,
3685 484 3786 542 et—

2158 559 2225 613 ab
2241 559 2544 618 homiuibus
2564 583 2577 619 :
2596 564 2772 637 itaque
2791 582 2912 622 cum
2931 571 3030 625 hoc
3040 572 3091 626 ei
3110 573 3511 642 prmeiperetur,
3530 578 3754 647 utquod

2159 647 2260 703 sibi
2287 649 2400 705 ﬁeri
2428 653 2605 718 vellet,
2625 654 2727 710 hoc
2750 655 2965 725 faceret;
2990 659 3040 713 id
3062 661 3242 730 utique
3264 666 3664 734 principeretur.
3686 676 3758 722 ut

2160 739 2403 813 diligeret
2434 743 2598 799 Deum
2619 755 2673 801 et
2694 748 2955 815 homines.
2996 750 3128 824 Cum
3163 768 3291 809 vero
3317 759 3624 825 expressius
3672 758 3758 821 de

2159 830 2473 905 hominibus
2494 835 2693 906 dictum
2714 847 2825 904 est,
2858 838 3041 903 Omnia
3069 859 3187 917 ergp
3223 860 3547 917 qutccumqtte
3592 850 3759 911 vultis

2158 932 2211 976 ut
2232 924 2424 991 faciant
2452 928 2589 981 vobis
2616 929 2859 996 homines,
2895 931 2968 991 ita
3008 942 3054 986 et
3094 950 3180 988 vos
3215 935 3368 1005 facile
3418 940 3551 1004 illis;
3605 940 3756 995 nihil

2157 1015 2298 1070 aliud
2318 1017 2517 1073 dictum
2544 1019 2768 1091 videtur,
2793 1038 2981 1092 quam,
3030 1024 3223 1097 Diligrs
3268 1031 3554 1098 proximum
3598 1042 3759 1086 tuum

2158 1112 2393 1178 tanquam
2422 1109 2657 1177 teipsnm.
2700 1110 2804 1166 Sed
2837 1129 2941 1168 non
2972 1124 3055 1169 est
3092 1116 3421 1187 negligenter
3461 1122 3757 1185 attenden-

2157 1195 2287 1267 dum
2308 1199 2451 1269 quod
2474 1201 2559 1273 hic
2584 1201 2829 1271 subjecit,
2852 1203 2980 1259 Ilwc
2999 1215 3071 1260 est
3090 1209 3222 1261 enim
3237 1206 3346 1263 ιη
3364 1220 3411 1264 et
3442 1209 3749 1280 Propheta.

2159 1289 2215 1357 in
2247 1290 2330 1346 his
2347 1301 2524 1347 autem
2553 1292 2759 1350 duobus
2780 1298 3068 1367 pneceptis
3088 1340 3102 1365 ,
3128 1314 3234 1355 non
3261 1310 3462 1357 tantum
3488 1305 3599 1369 ait,
3628 1304 3754 1359 Lex

2158 1380 2427 1451 pendatet
2453 1383 2766 1453 Propheta};
2811 1386 2906 1442 sed
2930 1388 3091 1443 etiam
3130 1390 3372 1460 addidit,
3423 1403 3526 1447 tota
3554 1395 3664 1449 Lex
3697 1406 3757 1449 et

2156 1468 2431 1542 PrOpheta:
2452 1473 2467 1504 ¹
2499 1472 2710 1544 (Matth.
2741 1491 2871 1543 xxn,
2900 1478 3085 1550 3740)
3106 1496 3119 1545 ;
3143 1495 3322 1551 proco
3360 1484 3503 1554 quod
3529 1495 3612 1540 est
3634 1496 3753 1547 tota

2156 1561 2435 1632 prophetia
2466 1579 2480 1616 :
2511 1564 2787 1634 quodcum
2812 1566 2901 1622 hic
2924 1584 3029 1623 non
3050 1570 3279 1640 addidit,
3310 1576 3540 1633 servavit
3562 1577 3750 1634 locum

2157 1654 2310 1710 alteri
2339 1665 2640 1727 prmcepto,
2666 1659 2807 1730 quod
2843 1660 2910 1716 ad
2944 1662 3289 1726 dilectionem
3340 1667 3434 1723 Dei
3487 1671 3747 1737 pertinet.

2156 1744 2255 1801 Hic
2280 1758 2458 1804 autem
2489 1750 2740 1820 quoniam
2771 1764 3034 1825 prtecepta
3065 1757 3321 1827 simplicis
3358 1759 3536 1815 cordis
3580 1767 3747 1818 esse;

2155 1838 2353 1906 quitur,
2382 1848 2436 1895 et
2459 1856 2585 1911 erga
2609 1856 2703 1898 eos
2727 1846 3069 1903 metuendqu
3096 1857 3181 1903 est
3204 1865 3271 1906 ue
3300 1850 3491 1907 habeat
3514 1853 3750 1923 quisque

2155 1927 2347 1998 duplex
2372 1943 2495 1997 cor,
2519 1931 2711 2001 quibus
2731 1935 2985 2005 occultari
3024 1952 3122 1993 cor
3147 1948 3352 2008 potest,
3386 1940 3439 1996 id
3476 1953 3556 1996 est
3605 1958 3739 2012 erga

2157 2017 2428 2087 homines;
2481 2021 2707 2092 idipsum
2748 2026 3167 2096 praecipiendum
3220 2031 3334 2084 l'uit.
3389 2031 3557 2101 Nemo
3588 2034 3744 2087 cuius

2157 2111 2266 2167 lere
2304 2122 2388 2170 est
2431 2116 2521 2184 qui
2572 2115 2699 2171 velit
2745 2132 3069 2188 quemquam
3111 2120 3308 2191 duplici
3350 2123 3516 2183 corde
3556 2139 3748 2181 secum

2156 2217 2334 2272 agere.
2366 2203 2424 2265 Id
2460 2215 2638 2267 autem
2668 2207 2785 2265 ﬁeri
2815 2224 2921 2265 non
2954 2220 3156 2280 potest,
3192 2213 3243 2268 id
3267 2222 3382 2278 est,
3426 2227 3482 2270 ut
3516 2218 3748 2286 simplici

2156 2294 2318 2351 corde
2345 2295 2507 2356 homo
2538 2298 2742 2355 homini
2773 2301 2973 2371 aliquid
2997 2304 3233 2372 tribuat,
3273 2306 3375 2362 nisi
3413 2307 3483 2361 ita
3512 2309 3745 2376 tribuaL,

2158 2395 2216 2446 ut
2236 2388 2443 2447 nullum
2466 2390 2534 2444 ab
2553 2406 2619 2446 eo
2655 2393 2951 2463 temporale
2976 2395 3315 2451 commodum
3346 2408 3655 2468 exspectet,
3685 2410 3747 2455 et

2156 2491 2218 2530 ea
2242 2476 2540 2536 intentione
2576 2480 2767 2551 faciat,
2791 2482 2860 2539 de
2901 2500 3004 2555 qua
3034 2487 3280 2557 superius
3321 2493 3454 2553 satis
3496 2492 3745 2546 tractavi-

2154 2581 2294 2633 mus,
2324 2584 2447 2629 cum
2478 2569 2546 2626 de
2570 2573 2726 2630 oculo
2754 2574 2985 2645 simplici
3011 2576 3377 2647 loqueremur.

2226 2657 2314 2714 76.
2355 2660 2635 2718 Mandatus
2678 2678 2805 2735 ergo
2855 2666 3043 2723 oculus
3094 2669 3426 2740 simplexque
3471 2671 3735 2741 redditus,

2152 2758 2309 2818 aptus
2332 2760 2389 2806 et
2413 2750 2637 2808 idoneus
2661 2754 2762 2809 erit
2784 2754 2852 2810 ad
2872 2755 3180 2813 intuendam
3207 2762 3261 2814 et
3283 2762 3746 2830 contemplandum

2158 2840 2466 2897 interiorem
2500 2842 2673 2899 lucem
2698 2859 2868 2901 suam.
2901 2845 3007 2903 Iste
3042 2850 3188 2904 enim
3216 2852 3401 2907 oculus
3431 2853 3612 2908 cordis
3639 2864 3743 2909 est.

2155 2931 2309 2988 llunc
2332 2943 2510 2989 autem
2539 2935 2749 2992 oculum
2777 2936 2938 2994 talem
2968 2938 3129 2996 habet
3156 2941 3245 2998 ille
3271 2943 3359 3013 qui
3387 2944 3548 2999 linem
3574 2944 3746 3001 bono-

2157 3040 2274 3079 rum
2303 3040 2526 3095 operum
2567 3042 2784 3084 suorum
2809 3071 2827 3098 ,
2871 3040 2930 3086 ut
2958 3045 3083 3087 vere
3110 3033 3248 3088 bona
3278 3049 3440 3104 opera
3469 3036 3606 3103 sint,
3637 3052 3747 3094 non

2157 3116 2209 3170 in
2252 3131 2319 3171 eo
2346 3118 2620 3175 constituit
2660 3128 2719 3174 ut
2755 3119 3058 3178 hominibus
3085 3123 3324 3193 placeat,
3357 3125 3453 3181 sed
3496 3126 3659 3181 etiam
3699 3127 3745 3182 si

2157 3210 2459 3277 provenerit
2486 3218 2543 3265 ut
2582 3210 2661 3267 eis
2687 3211 2925 3282 placeat,
2964 3212 3030 3268 ad
3069 3227 3258 3270 eorum
3296 3216 3520 3270 salutem
3572 3218 3746 3286 potius

2158 3300 2258 3356 hoc
2277 3300 2439 3356 refert
2462 3310 2519 3358 et
2557 3301 2625 3357 ad
2659 3304 2880 3375 gloriam
2911 3304 3044 3372 Dei,
3073 3320 3181 3361 non
3211 3306 3277 3361 ad
3307 3307 3516 3372 inanem
3535 3308 3746 3378 jactan-

2158 3389 2284 3445 tiam
2326 3406 2506 3459 suam;
2536 3408 2708 3463 neque
2743 3403 3022 3465 propterea
3053 3396 3177 3452 boni
3202 3396 3396 3467 aliquid
3424 3397 3492 3451 ad
3521 3398 3745 3452 salutem

2155 3481 2383 3549 proximi
2410 3492 2677 3552 cperatur,
2702 3493 2760 3537 ut
2779 3499 2843 3539 ex
2862 3482 2936 3539 eo
2957 3495 3229 3555 comparet
3250 3502 3312 3541 ea
3339 3503 3456 3557 qua:
3478 3488 3604 3542 huic
3626 3487 3748 3542 vitae

2158 3575 2515 3645 transigenda:
2552 3583 2680 3630 sunt
2711 3576 3048 3643 necessaria;
3078 3593 3252 3648 neque
3282 3587 3480 3633 temere
3506 3581 3746 3634 animum

2154 3664 2389 3721 hominis
2418 3666 2847 3738 voluntatemque
2874 3668 3202 3725 condemnat
3226 3671 3279 3724 in
3304 3685 3370 3726 co
3394 3669 3534 3726 facto
3559 3672 3615 3726 in
3640 3687 3746 3742 quo

2154 3769 2261 3810 non
2289 3766 2508 3826 apparet
2540 3771 2647 3826 quo
2691 3759 2872 3813 animo
2909 3771 2964 3814 et
2990 3761 3264 3816 voluntate
3306 3762 3376 3816 sit
3417 3761 3650 3828 factum;
3693 3771 3747 3818 ει

2153 3844 2409 3916 quidquid
2445 3844 2742 3902 ciliciorum
2787 3848 3004 3904 exhibet
3044 3851 3279 3918 homini,
3311 3851 3412 3907 hac
3444 3852 3747 3909 intentione

2153 3935 2370 4007 exhibet
2409 3952 2512 4008 qua
2541 3937 2640 3993 sibi
2666 3938 2906 3995 exhiberi
2936 3941 3084 4009 vult,
3114 3942 3168 3996 id
3204 3952 3288 3998 est
3308 3984 3324 4010 ,
3354 3951 3411 3998 ut
3449 3958 3557 3999 non
3584 3944 3653 3998 ab
3679 3960 3746 4001 eo

2155 4027 2352 4098 aliquid
2398 4028 2663 4084 commodi
2711 4030 3017 4099 temporalis
3061 4042 3334 4103 exspectet
3363 4051 3375 4087 :
3404 4034 3475 4089 ita
3517 4034 3622 4089 erit
3651 4050 3746 4089 eor

2155 4120 2379 4191 simplex
2410 4130 2463 4176 et
2505 4122 2759 4176 mundum
2803 4124 2855 4176 in
2903 4138 3009 4192 quo
3052 4126 3307 4194 quieritur
3344 4125 3506 4182 Deus.
3542 4145 3563 4179 ι
3599 4126 3745 4182 Domi

2155 4226 2282 4281 ergo
2322 4212 2502 4267 mundi
2527 4212 2689 4269 corde
2716 4216 2774 4280 ';
2820 4215 3070 4285 quoniam
3102 4215 3201 4286 ipsi
3229 4216 3397 4273 Deum
3425 4200 3681 4273 videbunt
3713 4237 3734 4270 ι

2157 4301 2267 4374 (Id.
2301 4319 2353 4368 ν,
2377 4303 2453 4373 8).
3140 4307 3149 4311 τ

2227 4394 2385 4451 CAP.
2408 4395 2762 4452 XXlll.—77.
2781 4397 2887 4454 Sed
2914 4398 3016 4454 hoc
3039 4400 3159 4469 quia
3190 4414 3477 4470 paucorum
3507 4411 3609 4467 est,
3636 4400 3744 4475 iam

2155 4485 2339 4555 incipit
2366 4484 2434 4541 de
2460 4486 2823 4557 investiganda
2853 4496 2908 4544 ει
2936 4488 3254 4557 possidenda
3278 4490 3535 4560 sapientia
3580 4490 3738 4561 loqui,

2155 4579 2294 4650 quod
2329 4589 2410 4633 est
2451 4579 2648 4649 lignum
2693 4580 2816 4635 vitae
2844 4599 2857 4634 :
2885 4579 3012 4635 cui'
3052 4582 3232 4651 utique
3273 4581 3651 4653 investigandae
3682 4598 3745 4637 ac

2156 4669 2512 4741 possidenda»,
2565 4670 2616 4724 id
2664 4678 2748 4726 est
2792 4670 3248 4741 contemplanda,
3281 4673 3400 4728 talis
3437 4673 3624 4746 oculus
3654 4688 3743 4747 per

2159 4762 2338 4817 omnia
2370 4763 2644 4830 superiora
2675 4762 2963 4832 perductus
2986 4771 3090 4838 est,
3120 4778 3229 4834 quo
3252 4763 3420 4839 videri
3440 4764 3550 4834 jam
3581 4765 3747 4834 possit

2154 4862 2300 4909 arcta
2320 4853 2404 4908 via
2432 4862 2487 4909 et
2510 4861 2735 4923 angusta
2757 4863 2928 4933 porta.
2953 4853 3110 4921 Quod
3138 4844 3267 4926 ergo
3303 4854 3560 4925 deinceps
3595 4856 3743 4922 dicit,

2158 4963 2178 4995 ι
2201 4942 2422 4999 lntroite
2460 4957 2557 5024 per
2590 4954 2868 5014 angustam
2895 4936 3137 5014 portam;
3165 4945 3287 5016 quia
3330 4945 3436 5001 lata
3476 4954 3627 5017 porta
3649 4946 3669 4976 ³
3694 4956 3748 5000 ει

2155 5038 2388 5109 spatiosa
2417 5036 2500 5092 via
2530 5050 2647 5115 qua;
2679 5036 2825 5092 ducit
2861 5030 2941 5115 ad
2956 5038 3340 5110 perditionem;
3368 5047 3423 5094 et
3448 5038 3600 5093 multi
3627 5049 3749 5111 sunt

2155 5126 2249 5197 qui
2287 5126 2557 5182 introeunt
2598 5141 2694 5196 per
2737 5141 2854 5203 eam
2882 5144 2896 5181 :
2925 5114 3083 5199 quam
3114 5137 3334 5199 angusta
3360 5138 3668 5198 estporta,
3694 5139 3750 5186 et

2157 5229 2299 5276 arcta
2327 5221 2409 5275 via
2438 5235 2557 5290 qua:
2585 5219 2731 5275 ducit
2755 5220 2822 5276 ad
2852 5221 3043 5286 vitam;
3074 5231 3128 5276 et
3164 5214 3323 5291 pauci
3352 5230 3472 5277 sunt
3514 5222 3603 5291 qui
3627 5236 3747 5277 eam

2158 5312 2460 5369 inveniunt!
2493 5331 2511 5363 ι
2548 5326 2652 5387 non
2680 5310 2799 5367 ideo
2822 5311 2968 5376 dicit,
2996 5312 3116 5382 quia
3143 5300 3571 5383 jugum'Domini
3591 5326 3747 5381 aspe-

2157 5420 2275 5460 rum
2302 5413 2404 5471 est,
2434 5414 2525 5459 aut
2566 5404 2772 5459 sarcina
2805 5404 3012 5474 gravis;
3037 5395 3152 5459 ‘sed
3196 5390 3318 5475 quia
3355 5403 3567 5460 labores
3598 5407 3747 5461 linire

2222 5534 2237 5563 ί
2259 5540 2355 5581 ιιοε
2372 5529 2473 5580 loco
2487 5542 2679 5590 rursum
2695 5529 2902 5588 additur,
2918 5540 3095 5590 omnes,
3126 5529 3175 5578 in
3188 5528 3379 5582 duobus
3387 5531 3623 5590 Vaticanis
3643 5538 3743 5580 Mss.

2222 5596 2242 5625 ³
2266 5602 2371 5665 iuss.
2403 5592 2569 5654 plures
2590 5584 2667 5641 hic
2691 5598 2743 5643 ει
2777 5584 2915 5652 alibi,
2953 5590 3043 5640 sed
3082 5584 3185 5640 non
3220 5585 3498 5644 constanter
3512 5626 3531 5655 ,
3562 5591 3748 5665 mundi;

2159 5654 2389 5775 comis,
2417 5714 2572 5777 cujus.
2592 5716 2665 5765 sic
2682 5716 2827 5765 etiam
2845 5720 2955 5762 Har.
2984 5721 3035 5762 et
3060 5721 3159 5761 Ain.

2228 5779 2247 5810 ⁸
2268 5774 2383 5829 Mar.
2405 5790 2456 5829 et
2469 5774 2563 5829 Mss
2585 5835 2592 5843 ,
2622 5790 2718 5828 uno
2735 5782 2920 5828 tantum
2940 5782 3162 5837 excepto,
3185 5787 3329 5837 quam
3354 5774 3450 5827 lata
3466 5781 3622 5845 porta,
