4026 6428
186 318 1271 329 “MV
1313 318 1347 322 -ι-
1408 315 2038 323 *Mm—‘
2058 316 2157 321 ’φήμ’
2184 315 2566 325 —""*w—~—-——--~
2780 318 3153 327 -————-—-—.o-—--——-
3498 323 3594 331 ---ο

181 330 2194 372 eum

1055 518 1220 625 IN
1301 511 2056 624 TERTIUM
2127 509 2729 623 TOMUM

1412 756 2315 880 PREFATIO
2340 857 2363 879 .

1688 987 2060 999 auc—“*-

114 315 161 392 ὃ

117 451 155 482 m

99 618 161 981 ξ

109 1005 161 1073 ι

110 1094 167 1149 .

249 1122 405 1202 Cum
438 1119 771 1202 scientiam
803 1121 1159 1202 sanctarum
1193 1116 1685 1202 Scripturarum,
1708 1135 1832 1202 ceu
1865 1120 2068 1202 castas
2099 1115 2329 1175 animm
2358 1134 2488 1175 suae
2519 1114 2775 1202 delicias
2806 1114 3097 1197 (Con/ess.
3279 1122 3379 1195 11,
3411 1140 3461 1180 c.
3497 1122 3584 1202 2),

175 1200 253 1259 ab
285 1200 443 1260 inito
478 1200 755 1259 maxime
803 1198 1152 1278 sacerdotio
1184 1216 1373 1257 unam
1408 1196 1753 1256 excoluerit
1797 1197 2224 1278 Augustinus;
2258 1215 2467 1274 operae
2506 1198 2775 1275 pretium
2808 1196 2968 1268 erat,
3000 1206 3069 1259 ut
3099 1199 3178 1260 ab
3209 1201 3344 1278 ipso
3375 1196 3586 1263 statim

176 1280 392 1340 limine
424 1280 650 1358 primis
678 1282 812 1356 ejus
842 1277 1085 1356 scriptis
1116 1282 1178 1337 et
1206 1278 1486 1356 epistolis
1515 1278 1921 1360 succederent
1950 1295 2144 1360 sacrae
2170 1277 2364 1354 ipsius
2399 1278 2985 1360 commentationes,
3016 1287 3077 1340 et
3109 1277 3279 1341 recto
3327 1282 3585 1360 quidem

174 1378 247 1419 ac
278 1357 556 1421 naturali
587 1360 806 1421 ordine
837 1360 1341 1438 disponerentur.
1377 1360 1559 1430 Nam,
1591 1359 1641 1417 si
1671 1357 1866 1417 libros
1896 1358 2259 1436 polemicos,
2296 1359 2399 1435 qui
2438 1359 2737 1418 adversus
2768 1359 3170 1433 Manichaeos,
3204 1357 3585 1437 Donatistae,

172 1442 568 1518 Pelagianos,
604 1441 884 1518 aliosque
910 1438 1238 1521 haereticos
1268 1438 1449 1521 abeo
1480 1438 1815 1521 conscripti
1845 1438 2082 1509 sunt,in
2106 1455 2304 1521 unam
2332 1441 2596 1521 classem
2628 1438 2898 1521 editores
2926 1441 3351 1501 studiosorum
3384 1445 3589 1521 gratia

175 1521 603 1599 digesserunt;
636 1521 802 1580 idem
833 1538 983 1580 sane
1014 1520 1076 1579 in
1108 1518 1458 1597 Exegeticis
1487 1519 1917 1597 praestandum
1952 1524 2104 1592 erat,
2140 1518 2311 1595 quod
2342 1519 2403 1577 in
2452 1518 2846 1579 recensendis
2878 1521 3189 1593 Patribus,
3222 1518 3579 1597 Ambrosio,

176 1602 501 1679 Gregorio,
532 1601 797 1679 aliisque
827 1618 1030 1678 nuper
1057 1600 1292 1681 factum
1317 1600 1505 1659 est.Id
1536 1600 1701 1659 enim
1736 1618 1861 1681 non
1894 1600 2082 1681 modo
2112 1599 2470 1675 argumenti
2499 1600 2794 1681 dignitas,
2831 1601 2939 1660 sed
2963 1600 3151 1661 etiam
3185 1602 3431 1681 piorum
3466 1604 3587 1664 lec-

174 1678 380 1740 torum
413 1699 626 1753 causa,
659 1678 768 1759 qui
797 1681 1216 1757 Augustinum
1248 1678 1323 1739 de
1353 1680 1585 1739 sanctis
1620 1680 1864 1739 Litteris
1885 1679 2292 1739 disserentem
2326 1680 2681 1739 auscultare
2713 1687 2953 1754 amant,
2975 1678 3295 1760 postulare
3325 1684 3582 1744 videba-

172 1767 311 1830 tur;
352 1769 420 1822 ut
439 1762 757 1840 dispositis
788 1779 862 1821 ex
888 1761 1104 1821 ordine
1137 1760 2070 1841 Sicripturis,continuassancti
2096 1759 2378 1841 Doctoris
2398 1760 2819 1837 expositiones
2848 1761 2910 1841 in
2934 1768 3231 1841 promptu
3250 1762 3580 1825 haberent.

170 1842 328 1901 Hinc
356 1849 450 1902 est
481 1839 648 1919 quod
679 1860 821 1901 cum
852 1842 987 1901 istae
1022 1840 1292 1901 antehac
1320 1842 1385 1900 in
1416 1841 1724 1922 quasdam
1770 1839 1967 1922 veluti
1997 1839 2659 1922 laciniasinconcinne
2709 1839 2992 1913 divulsae,
3027 1861 3100 1903 ac
3124 1839 3442 1922 dispersas
3471 1863 3580 1906 ex-

170 1928 380 2004 tarent
408 1940 519 2001 per
546 1923 755 1982 varios
787 1922 932 2004 hinc
962 1922 1107 1981 inde
1139 1926 1383 2004 tomos;
1409 1939 1522 2004 eas
1549 1921 1615 1979 in
1642 1939 1835 2004 unum
1866 1920 2120 2004 demum
2152 1921 2465 2004 adducere
2490 1921 2953 2004 visum_est,en'e
2981 1923 3091 2004 illa
3122 1920 3265 2001 pars
3295 1944 3437 2004 quae
3468 1944 3586 2004 po-

167 2002 364 2062 tiores
393 2000 509 2062 sibi
539 2021 743 2072 curas,
784 2002 1215 2081 majoremque
1244 2001 1612 2079 religionem
1648 2000 2594 2081 meritoivirndicabat,tanquam
2627 2001 2832 2061 minus
2862 2020 2901 2061 a
2930 2003 3111 2064 nobis
3124 2000 3363 2066 curata
3391 2000 3581 2068 habe-

169 2087 368 2156 retur,
402 2084 452 2142 si
483 2080 914 2161 perturbatum
947 2088 1010 2142 et
1038 2083 1368 2142 confusum
1397 2080 1792 2160 superiorum
1823 2080 2169 2141 editionum
2201 2080 2485 2161 ordinem
2516 2081 2951 2143 retineremus.

250 2160 669 2243 Quapropter,
704 2181 845 2242 quae
876 2161 1207 2243 Augustini
1235 2161 1298 2222 in
1332 2180 1541 2222 sacras
1570 2161 1834 2243 Litteras
1864 2161 2332 2243 lucubrationes
2360 2160 2425 2220 in
2456 2162 2907 2243 tertio,quarto
2939 2180 3012 2223 ac
3045 2181 3213 2224 nono
3242 2168 3417 2225 tomo
3447 2164 3575 2225 dis-

166 2242 621 2315 tractaeerant,
656 2261 761 2324 eas
790 2243 855 2303 in
885 2242 1005 2304 hoc
1036 2242 1331 2324 volumen
1361 2261 1477 2322 pro
1504 2242 1662 2324 serie
1691 2242 1934 2305 Veteris
1964 2242 2630 2324 aciNoviTestamenti
2660 2242 2947 2303 ordinate
2976 2243 3359 2323 conjecimus
3385 2263 3577 2324 ;prae-

160 2324 368 2383 missis
402 2324 466 2384 in
513 2325 718 2385 fronte
745 2323 922 2404 libris
952 2324 1028 2383 de
1058 2323 1358 2385 Doctrina
1386 2323 1763 2395 Christiana,
1793 2342 1935 2401 qua:
1967 2323 2160 2383 veluti
2191 2323 2382 2383 clavis
2429 2328 2620 2401 atque
2649 2340 2750 2383 ars
2781 2330 2872 2384 est
2907 2330 3073 2385 recte
3119 2323 3577 2404 interpretandi

156 2403 449 2477 rationis,
485 2423 675 2483 quam
709 2403 998 2465 adhibuit
1024 2404 1428 2483 Augustinus,
1463 2411 1524 2465 et
1557 2410 1694 2482 post
1722 2422 1865 2463 eum
1917 2403 2211 2464 catholici
2240 2408 2789 2464 commentatores.
2824 2407 3005 2465 Hunc
3046 2410 3255 2466 autem
3289 2403 3575 2468 ordinem

156 2485 338 2565 nulla
368 2503 519 2546 sane
549 2485 1002 2565 singularitatis
1033 2485 1432 2545 affectatione
1477 2484 1886 2557 instituimus,
1920 2483 2027 2544 sed
2056 2484 2331 2545 virorum
2383 2485 2773 2544 eruditorum
2822 2484 3107 2561 consilio,
3141 2492 3333 2565 atque
3362 2488 3575 2548 animo

140 2564 424 2642 juvandi
452 2566 715 2626 lectores
746 2565 1139 2638 christianos,
1173 2567 1282 2646 qui
1311 2565 1668 2626 reconditos
1698 2565 2164 2644 Scripturarum
2193 2582 2516 2646 sensusrex
2545 2567 2801 2646 Patrum
2837 2565 3172 2627 traditione
3202 2564 3572 2646 depromere

147 2664 224 2706 ac
248 2646 490 2707 discere
508 2646 787 2727 malunt,
822 2665 1013 2726 quam
1063 2665 1137 2707 ex
1168 2645 1344 2706 libris
1374 2646 1793 2727 recentiorum
1841 2651 2195 2727 auctorum,
2228 2646 2349 2705 rati
2378 2645 2521 2727 plus
2550 2645 2802 2706 latentis
2851 2647 3148 2708 efﬁcaciae
3178 2645 3569 2727 coelestisque

146 2727 408 2788 virtutis
453 2726 578 2788 illis
604 2728 832 2800 inesse,
865 2728 972 2806 qui
1003 2727 1083 2787 ad
1128 2726 1300 2807 ipsos
1328 2728 1532 2788 fontes
1564 2726 1824 2806 propius
1873 2726 2202 2800 accedunt,
2235 2745 2363 2787 non
2411 2726 2616 2787 solum
2664 2732 2970 2806 tempore,
3005 2729 3115 2789 sed
3163 2729 3352 2790 etiam
3383 2726 3564 2791 sanc-

141 2807 349 2868 titate.

227 2889 388 2948 Cum
419 2886 585 2947 enim
618 2888 959 2965 Scripturae
1007 2905 1199 2947 sacra:
1230 2887 1538 2965 expositio
1563 2885 1627 2945 in
1660 2886 1905 2946 duabus
1955 2886 2227 2946 maxime
2275 2886 2561 2963 partibus
2604 2887 2927 2960 consistat,
2969 2887 3265 2948 nimirum
3318 2888 3380 2948 in
3413 2907 3563 2950 vero

148 2986 588 3046 germanoque
635 2985 816 3027 sensu
846 2967 1171 3037 eliciendo,
1207 2974 1269 3027 et
1298 2968 1359 3048 in
1391 2967 1736 3026 excitandis
1766 2966 1845 3026 ad
1898 2966 2195 3045 pietatem
2227 2967 2533 3048 lectorum
2567 2967 2841 3048 animis;
2876 2968 2973 3048 ita
3021 2970 3371 3048 comparati
3419 2975 3566 3029 sunt

148 3049 407 3127 piorum
439 3049 897 3126 doctorumque
928 3048 1114 3107 simul
1144 3047 1473 3107 hominum
1503 3048 1889 3126 plerique,ut
1919 3066 2041 3106 non
2075 3048 2277 3107 solum
2310 3047 2452 3124 plus
2482 3046 2690 3107 valeat
2720 3047 2889 3126 apud
2920 3066 3027 3109 eos
3058 3046 3337 3109 veterum
3372 3067 3561 3126 quam

154 3130 585 3188 recentiorum
619 3130 981 3201 auctoritas,
1014 3128 1121 3188 sed
1154 3128 1341 3188 etiam
1396 3128 1581 3206 longe
1612 3128 1885 3205 amplius
1930 3129 1993 3187 in
2025 3128 2136 3187 Dei
2183 3127 2421 3186 cultum
2455 3133 2516 3186 et
2562 3145 2840 3186 amorem
2873 3145 2948 3187 ex
2995 3128 3250 3189 illorum
3300 3130 3569 3191 lectione

150 3210 587 3269 accendantur
618 3226 631 3267 :
667 3209 794 3269 sive
822 3208 887 3268 id
933 3210 1174 3269 oriatur
1202 3227 1281 3269 ex
1309 3208 1497 3268 insita
1526 3208 1928 3268 veneratione
1962 3207 2298 3284 majorum,
2335 3206 2464 3266 sive
2493 3225 2569 3266 ex
2601 3207 2843 3267 caelesti
2874 3210 3151 3284 quadam
3202 3210 3431 3270 virtute
3462 3229 3568 3271 eo—

152 3308 298 3349 rum
332 3290 511 3349 libris
556 3289 785 3362 infusa,
821 3295 1009 3367 atque
1042 3307 1119 3349 ex
1150 3289 1423 3366 quodam
1469 3289 1759 3366 genuinae
1810 3288 2157 3369 sanctitatis
2204 3304 2390 3347 succo
2438 3294 2500 3369 et
2549 3295 2756 3364 gustu,
2792 3288 2911 3369 qui,
2933 3306 3011 3348 ex
3054 3307 3273 3350 eorum
3323 3291 3573 3369 scriptis

152 3370 531 3449 percipitur.
563 3370 694 3429 Etsi
728 3387 913 3449 porro
959 3388 1021 3429 In
1055 3369 1430 3447 explicando
1460 3388 1644 3430 sensu
1696 3368 1957 3428 litterali
1987 3386 2117 3449 seu
2145 3367 2609 3449 grammaticati
2648 3368 2963 3449 nonnulla
3008 3370 3250 3431 felicius
3301 3367 3570 3432 assecuti

150 3448 282 3510 sint
313 3448 690 3510 recentiores
720 3448 1001 3531 quidam,
1033 3468 1224 3531 quam
1258 3456 1496 3531 veteres
1523 3467 1536 3519 ;
1574 3449 1772 3526 magis
1802 3454 2012 3508 tamen
2046 3448 2126 3508 ad
2175 3448 2600 3531 roborandam
2632 3448 2819 3507 fidem
2868 3450 3233 3511 conducunt
3264 3450 3329 3510 hi
3377 3470 3569 3531 quam

148 3531 246 3590 illi
283 3548 297 3588 :
333 3536 399 3591 at
428 3531 479 3590 si
525 3533 860 3590 reconditae
890 3530 1140 3608 pietatis
1187 3548 1437 3590 sensum
1469 3529 1533 3589 in
1564 3530 1847 3608 utrisque
1893 3545 2242 3610 compares,
2276 3528 2340 3610 in
2389 3528 2567 3610 novis
2598 3546 2757 3606 pene
2803 3531 3123 3591 emarcida
3171 3536 3234 3592 et
3262 3528 3571 3610 languens

138 3613 325 3688 jacet
352 3610 769 3688 intelligentia
818 3611 1325 3688 Scripturarum;
1382 3611 1445 3669 in
1478 3610 1755 3687 antiquis
1803 3627 1981 3669 sacro
2013 3609 2338 3668 charitatis
2386 3608 2532 3685 igne
2579 3627 2880 3669 succensa
2924 3611 3171 3671 animos
3222 3608 3563 3689 legentium

146 3693 328 3751 fovet
356 3709 430 3751 ac
460 3696 720 3751 recreat.
756 3690 821 3751 ld
853 3709 1000 3750 sane
1032 3691 1303 3770 experiri
1330 3690 1474 3749 licet
1504 3690 1820 3769 praecipue
1850 3691 1913 3748 in
1946 3690 2322 3765 Augustino,
2354 3689 2483 3770 imo
2513 3690 2756 3770 experti
2782 3695 2930 3749 sunt
2957 3691 3339 3770 quicumque
3378 3692 3564 3753 sedu-

145 3772 281 3831 lam
315 3771 452 3848 ejus
481 3771 947 3831 commentariis
993 3788 1067 3830 ac
1098 3768 1345 3848 scriptis
1375 3768 2018 3849 novarunt’operam.
2054 3772 2233 3837 Nam,
2268 3770 2319 3828 si
2369 3768 2650 3849 docendi
2683 3776 2831 3829 sunt
2876 3770 3159 3846 lectores,
3192 3768 3344 3832 sicut
3389 3772 3479 3833 sol
3504 3771 3569 3831 in

152 3847 383 3911 lumine
407 3850 635 3912 excedit
662 3870 855 3911 omnes
878 3849 1167 3932 planetas,
1196 3847 1289 3932 ita
1319 3850 1703 3932 Augustinus
1740 3847 1935 3932 omnes
1962 3852 2202 3932 excessit
2232 3848 2291 3907 in
2340 3847 2681 3932 exponendo
2708 3868 2911 3932 sacras
2951 3851 3324 3932 Scripturas,
3361 3852 3568 3931 inquit

150 3932 484 4008 Remigius
541 3932 1095 3992 Antissiodorensis
1139 3930 1491 4011 (Comment.
1546 3933 1608 3989 in
1638 3930 1705 3990 ll
1738 3931 1927 4009 Cor.).
1963 3931 2029 3990 Sl
2073 3930 2511 4011 commovendi
2559 3935 2621 4011 et
2672 3931 2987 4011 excitandi
3037 3930 3184 3992 sunt
3225 3930 3571 4010 legentium

152 4013 449 4083 affectus,
483 4013 691 4072 nullus
720 4013 779 4071 id
812 4011 1064 4072 suavius
1096 4010 1157 4071 et
1186 4011 1501 4092 efficacius
1530 4017 1791 4090 prastat
1820 4029 2008 4089 quam
2024 4016 2080 4092 AA,
2094 4010 2459 4092 ugustinus._
2482 4010 2779 4069 Probavit
2809 4010 2927 4070 hoc
2951 4012 3085 4090 jam
3122 4012 3272 4072 olim
3306 4014 3572 4092 Fulgen-

157 4094 288 4153 tius
321 4092 480 4174 tanti
530 4093 815 4174 Magistri
837 4092 1201 4174 discipulus,
1254 4091 1364 4170 qui
1407 4091 1516 4150 ubi
1536 4088 1748 4174 omnia
1794 4110 1924 4171 quw
1953 4090 2075 4174 sibi
2111 4092 2269 4174 dura
2300 4088 2657 4174 videbantur
2683 4088 2981 4171 expertus,
3019 4092 3329 4172 adjutorio
3357 4088 3576 4174 gratia

151 4171 495 4253 spin'tualis
523 4173 819 4253 uoluntati
856 4191 975 4232 sua:
1003 4173 1178 4232 sensit
1222 4181 1527 4252 suppetere
1554 4170 1900 4253 facultatem
1923 4190 1950 4253 ,ζ
1978 4170 2138 4253 beati
2185 4170 2506 4249 Augustini
2548 4170 2895 4253 exponentis
2943 4170 3308 4253 trigesimum
3350 4170 3578 4235 sextum

152 4252 470 4335 Rsalmum
500 4252 890 4335 disputatione
919 4249 1301 4335 commonitus
1326 4249 1385 4312 et
1410 4249 1804 4332 compunctus,
1838 4249 2150 4333 publicare
2176 4270 2345 4311 suum
2374 4252 2580 4311 statuit
2599 4249 2793 4311 votum
2840 4251 2935 4331 (In
2964 4249 3089 4314 vita
3122 4253 3193 4315 S.
3228 4252 3410 4333 Fulg.
3443 4273 3577 4335 cap.

152 4332 248 4413 3),
283 4333 456 4411 quod
485 4332 559 4393 de
588 4332 936 4394 monastico
960 4333 1247 4393 instituto
1276 4338 1674 4411 conceperat.

244 4410 373 4475 Has
401 4421 608 4475 autem
641 4414 842 4475 sancti
869 4414 1153 4475 Doctoris
1180 4414 1245 4473 in
1295 4410 1681 4492 exponendis
1710 4412 2049 4490 Scripturis
2078 4410 2383 4492 dotesita
2444 4428 2779 4489 suspexere
2811 4430 2938 4471 non
2969 4412 3158 4473 modo
3232 4414 3444 4487 osteri,
3478 4432 3585 4475 ve-

158 4513 303 4553 rum
340 4497 525 4555 etiam
559 4495 694 4572 ejus
726 4495 1022 4573 aequales,
1058 4502 1127 4555 ut
1156 4494 1235 4555 ad
1266 4493 1470 4573 ipsum
1516 4494 1579 4553 in
1611 4493 1893 4553 obscuris
1923 4510 1994 4553 ac
2025 4492 2232 4552 dubiis
2254 4491 2444 4573 locis,
2485 4498 2789 4573 tanquam
2819 4494 2896 4551 ad
2943 4494 3195 4553 cceleste
3227 4496 3577 4569 oraculum,

158 4574 371 4633 missis
427 4576 705 4653 epistolis
762 4572 1161 4653 confugerint
1208 4572 1653 4653 Simplicianus
1714 4573 2219 4643 Mediolanensis,
2248 4572 2554 4631 Paulinus
2612 4572 2916 4645 Nolensis,
2951 4575 3226 4635 Evodius
3265 4575 3587 4638 Uzalensis

159 4652 524 4715 antistites:
559 4657 685 4716 imo
716 4658 793 4715 ad
828 4652 1116 4716 eumdem
1152 4652 1405 4715 Orosius
1436 4655 1783 4734 presbyter,
1814 4654 1893 4713 ab
1924 4654 2149 4735 ultima
2182 4652 2512 4731 Hispania,
2545 4653 2680 4735 sola
2710 4661 3068 4735 sanctarum
3105 4656 3581 4735 Scripturarum

162 4736 399 4795 ardore
425 4737 855 4797 inﬂammatus
872 4738 1207 4797 adveneret
1237 4732 1513 4814 (August,
1544 4732 1711 4816 epist.
1748 4736 1884 4803 169,
1911 4752 1970 4792 η.
2010 4734 2297 4816 l3).Hinc
2330 4732 2755 4816 Augustinum
2789 4734 3013 4816 Audax
3048 4732 3386 4797 Oracu‘lum
3423 4737 3579 4816 legis

164 4816 456 4894 appellat
486 4817 710 4893 (Epist.
744 4817 899 4876 inter
946 4819 1191 4897 August.
1226 4817 1405 4897 260);
1441 4813 1786 4893 asse—ritque
1817 4815 2195 4897 Volusianus
2222 4813 2345 4890 legi
2378 4814 2617 4897 deesse,
2653 4814 2963 4897 quidquid
3013 4817 3349 4895 contigerit
3378 4818 3459 4877 ab
3492 4813 3582 4878 'eo

160 4897 447 4973 ignorari
480 4898 655 4973 (Ibid.
692 4899 829 4961 135,
864 4916 924 4955 η.
957 4894 1197 4975 2).⁷56ί1
1246 4896 1403 4977 illud
1432 4898 1497 4956 in
1530 4897 1747 4977 primis
1776 4894 2332 4977 commendatione
2354 4894 2615 4977 dignum
2654 4895 3031 4977 :_quod_non
3063 4904 3308 4957 tantum
3352 4898 3583 4977 privati

161 4977 512 5037 doctissimi
541 4979 772 5056 quique
806 4974 1110 5046 homines,
1155 4976 1264 5037 sed
1292 4976 1432 5055 ipsa
1480 4974 1778 5047 Concilia,
1818 4975 2057 5035 scilicet
2086 4974 2400 5056 Numidiae
2429 4979 2491 5034 et
2537 4974 2957 5051 Carthaginis,
2996 4974 3390 5039 sanctissimo
3420 4981 3581 5039 Doc—

163 5059 313 5127 tori,
349 5065 653 5136 tanquam
676 5055 990 5118 canonico
1040 5058 1389 5136 interpreti,
1425 5075 1635 5117 sacras
1684 5056 2048 5131 Scripturas
2075 5055 2432 5136 exponendi
2475 5072 2692 5115 curam
2724 5061 2786 5115 et
2836 5057 3222 5135 provinciam
3254 5059 3590 5121 commise-

163 5139 290 5197 rint
322 5138 339 5217 (
354 5134 549 5218 Epist.
583 5141 719 5210 213,
752 5159 810 5198 n.
846 5138 930 5217 4),
965 5144 1033 5198 ut
1062 5134 1226 5218 quod
1245 5138 1380 5218 jam
1411 5138 1622 5199 divina
1651 5136 2069 5217 providentia
2115 5137 2235 5215 ipsi
2265 5134 2571 5196 creditum
2604 5134 3055 5209 fuerat,etiam
3102 5140 3488 5218 suffragante
3518 5158 3593 5202 ac

162 5220 527 5298 postulante
557 5219 832 5279 Ecclesia
863 5225 1327 5297 exsequeretur.

245 5301 334 5360 Ad
371 5318 510 5361 eam
540 5319 689 5361 vero
736 5296 1059 5361 sacrorum
1114 5300 1444 5360 Librorum
1492 5298 1817 5377 iutelligen
1839 5298 1994 5359 itam
2046 5302 2424 5379 pervenerat
2454 5296 2576 5379 (Vir
2623 5296 3052 5379 sanctissimus
3097 5298 3410 5379 imprimis
3450 5300 3596 5361 vitae

158 5381 523 5462 integritate
552 5400 625 5443 ac
656 5380 1474 5462 puritate.Unde_‘Paulinus
1505 5380 1584 5440 ad
1612 5375 1830 5462 ips—um
1866 5396 1880 5438 :
1918 5375 2140 5439 Lucere
2154 5396 2284 5462 non
2315 5375 2516 5436 dubito
2545 5386 2765 5437 sanctae
2784 5378 2996 5462 animas
3029 5386 3159 5462 tuae,
3192 5375 3323 5462 gum
3353 5380 3425 5443 de
3456 5384 3601 5443 inte—

160 5456 540 5544 r_ioris_oculi
561 5456 833 5544 puritate
860 5462 1076 5522 meruit
1106 5458 1604 5544 illuminationem
1642 5456 1922 5544 Spiritus
1969 5459 2183 5531 sancti,
2205 5476 2322 5544 per
2350 5476 2518 5538 quem
2560 5456 2821 5544 scrutari
2852 5466 2907 5517 et
2938 5456 3454 5544 inspicerepossit
3480 5462 3605 5524 alta

162 5541 283 5603 Dei
309 5542 538 5624 (Epist.
561 5538 730 5604 inter
754 5542 920 5624 Aug.
952 5544 1090 5624 121,
1123 5560 1185 5601 n.
1222 5542 1342 5621 l8).
1369 5542 1607 5624 Deinde
1631 5538 1774 5620 qua:
1803 5540 2002 5621 ipsius
2034 5545 2170 5601 erat
2201 5538 2264 5598 in
2297 5556 2541 5624 sacram
2576 5538 3302 5624 Scripturarumreligio
3332 5550 3395 5605 ct
3426 5562 3607 5605 reve-

166 5618 407 5699 rentia,
425 5631 675 5687 tantum
708 5623 847 5703 ejus
862 5618 1089 5684 animo
1120 5618 1543 5687 venerationis
1570 5618 1945 5700 incusserat,
1981 5627 2048 5682 ut
2080 5624 2387 5701 perpetuo
2422 5618 2756 5679 miraretur
2786 5618 3290 5699 profunditatem
3321 5624 3607 5705 eloquio-

492 5764 761 5825 ΡΑτηοι.
808 5758 1074 5823 XXXIV.
3242 5760 3270 5819 ι

1734 5913 1793 6014 1
1825 5913 2268 6019 333283
