4026 6386
447 327 519 386 Η
1924 327 2037 384 ΡΒ⁴

2255 329 2364 384 'IU.
3773 331 3845 388 12

448 479 588 520 rum
620 456 997 539 divinorum,
1033 463 1094 516 et
1138 457 1258 539 ipsi
1288 457 1511 516 horror
1540 463 1699 516 esset
1729 457 2050 518 intendere
2080 460 2146 517 in
2179 479 2316 517 eam
2351 459 2642 537 (Confess.
2680 458 2779 519 lib.
2819 464 2915 534 12,
2949 481 2999 521 c.
3035 467 3156 539 14).
3199 463 3392 533 Unde,
3427 463 3844 539 quemadmo-

449 540 598 600 dum
625 537 995 622 temerarius
1026 537 1490 622 Scr‘ipturarum
1523 543 1835 597 scrutator
1863 539 2240 622 opprimitur
2268 558 2304 598 a
2347 541 2546 622 gloria
2575 538 2784 618 (Prov.
2820 560 2967 613 xxv,
3002 537 3142 622 27);
3177 544 3264 602 sic
3296 561 3328 602 e
3359 537 3674 602 contrario
3707 542 3844 618 ejus

448 621 780 702 splendore
807 619 940 702 ipse
969 618 1297 702 religiosus
1328 619 1670 702 admirator
1700 624 1865 702 totus
1896 619 2347 702 illustrabatur.
2387 621 2490 702 His
2521 623 2778 680 accessit
2810 623 3050 682 fervens
3080 618 3140 682 et
3183 624 3559 682 indefessum
3592 619 3880 702 AugusJ;

449 701 567 760 tini
595 703 659 760 in
688 699 938 760 easdem
971 699 1395 778 Scripturaras
1426 699 1724 771 studium,
1759 699 1916 758 adeo
1948 709 2015 758 ut
2046 707 2212 759 totus
2241 699 2660 760 inardesceret
2696 703 2980 762 meditari
3011 704 3074 762 in
3108 705 3239 780 lege
3271 705 3401 773 Dei,
3438 704 3757 779 nolletque
3783 699 3884 780 in;-

450 781 623 842 aliud
653 781 840 841 horas
869 769 1174 852 diffluere,
1210 799 1365 862 quas
1395 799 1432 839 a
1461 780 1604 839 vita
1635 769 2105 862 necessitatibus
2135 780 2363 840 liberas
2391 781 2746 842 inveniebat
2778 783 3063 862 (Con/ess.
3098 769 3201 842 lib:
3235 787 3294 858 2,
3319 803 3370 842 c.
3393 769 3485 860 '2).
3523 769 3672 842 Ideo
3699 769 3888 850 cum}

451 862 533 922 ad
564 868 907 922 extremam
941 862 1082 920 vita
1113 861 1439 938 periodum
1467 861 1871 938 pervenisset,
1897 879 2314 920 successorem
2346 862 2463 920 sibi
2495 862 2788 922 substitui
2820 865 3082 936 curavit,
3117 883 3242 941 quo
3286 863 3705 940 pastoralibus
3737 879 3846 919 cu-

451 941 926 1023 risexpeditus,
947 946 1115 1023 totus
1143 941 1208 999 in
1238 959 1377 1023 eam
1409 941 1890 1023 meditationem
1911 941 2263 1001 intenderet
2291 942 2569 1000 animum
2603 942 2824 1022 (Epist.
2863 947 3001 1018 213,
3034 963 3094 1004 η.
3129 943 3225 1023 4);
3262 944 3443 1021 quasi
3475 961 3600 1002 non
3629 943 3852 1011 aliam,

454 995 760 1083 univeil'rsa
790 995 1078 1082 Ecclesia
1112 1022 1310 1098 magis
1340 1021 1558 1080 utilem
1593 1021 2130 1098 necessariamqne
2161 1039 2418 1100 operam
2453 995 2947 1101 navdrerposset.
2986 995 3001 1018 ⁷
3171 995 3188 1023 I
3212 995 3225 1017 ’
3265 995 3299 1021 Ἰ

537 1129 660 1190 Sed
692 1128 838 1188 huic
864 1127 1292 1205 intelligentia
1321 1127 1644 1187 cumulum
1674 1127 2042 1205 imposuisse
2074 1126 2364 1187 videntur
2392 1127 2528 1205 ejus
2556 1128 2829 1188 cbaritas
2859 1134 2920 1189 et
2953 1127 3587 1188 modestia.Modestia
3619 1127 3858 1206 quippe

455 1210 644 1270 modo
674 1209 1053 1289 imperitiam
1081 1213 1270 1286 atque
1296 1207 1815 1289 inscitiamsuam
1846 1209 2197 1289 proﬁtetur,
2235 1208 2421 1267 modo
2454 1209 2872 1286 expositiones
2901 1229 3043 1270 suas
3073 1209 3291 1269 timide
3323 1227 3436 1287 pro
3469 1208 3851 1283 conjecturis

455 1287 804 1370 proponit}
837 1296 969 1349 tum
1001 1289 1157 1370 alios
1187 1289 1266 1349 ad
1299 1289 1585 1370 meliores
1615 1288 2018 1370 inveniendas
2048 1287 2374 1370 hortatur;
2409 1295 2470 1347 et
2499 1289 2548 1348 si
2579 1290 2728 1367 quid
2754 1290 2908 1370 ipse
2939 1290 3293 1368 profecerit,
3331 1309 3455 1349 non
3502 1308 3629 1348 sua
3661 1289 3858 1366 ipsius

454 1369 801 1443 industria,
833 1373 940 1430 sed
969 1369 1237 1429 aliorum
1286 1369 1522 1428 meritis
1551 1374 1612 1428 et
1658 1369 2044 1428 orationibus
2074 1369 2347 1428 ascribit.
2385 1370 2661 1446 Denique
2713 1369 2986 1430 cbaritas
3018 1371 3226 1442 efﬁcit,
3264 1375 3333 1428 ut
3378 1370 3442 1428 in
3486 1370 3690 1428 varias
3719 1386 3856 1428 sese

457 1453 692 1512 formas
743 1456 1100 1528 componat,
1144 1455 1206 1509 et
1233 1451 1313 1508 ad
1340 1468 1437 1509 res
1465 1449 1911 1508 minutissimas
1931 1448 2241 1521 demittat,
2275 1449 2476 1527 qualis
2506 1457 2598 1510 est
2618 1467 3020 1510 numerorum
3052 1448 3380 1528 expositio,
3417 1455 3485 1509 ut
3522 1449 3734 1508 saeculi
3762 1449 3862 1508 sui

457 1533 641 1611 genio
671 1548 744 1591 ac
775 1529 994 1590 studiis
1023 1547 1154 1590 sese
1184 1530 1638 1611 accommodet.
1672 1531 1820 1611 Qua
1868 1547 1965 1588 res
1996 1534 2240 1611 tantum
2274 1529 2451 1611 abest
2483 1537 2550 1589 ut
2599 1530 2902 1590 minorem
2937 1532 3012 1590 de
3042 1531 3178 1609 ejus
3219 1529 3856 1611 commentariisopif

459 1608 713 1673 nionem
743 1628 1068 1688 generare,
1103 1609 1254 1688 quin
1284 1628 1360 1669 ex
1409 1611 1668 1669 adverso
1700 1609 2003 1687 majorem
2035 1609 2122 1668 eis
2149 1610 2417 1688 gratiam
2445 1611 2778 1671 conciliare
2821 1608 3088 1683 debeat;
3119 1628 3244 1688 quo
3275 1610 3474 1687 magis
3506 1609 3748 1669 accedit
3775 1608 3859 1668 ad

461 1693 639 1753 illam
671 1691 994 1769 sapientia
1024 1691 1250 1749 divina
1292 1691 1584 1762 formam,
1616 1708 1757 1768 qua
1789 1690 2036 1749 rudium
2069 1695 2130 1749 et
2159 1690 2594 1768 imperitorum
2619 1689 2950 1750 hominum
2987 1709 3172 1750 causa
3201 1691 3670 1768 quodammodo
3704 1707 3862 1766 pue-

459 1791 708 1833 rascere
739 1789 866 1831 non
892 1770 1161 1831 erubuit.
1198 1772 1332 1830 Non
1362 1788 1509 1848 ergo
1541 1770 1836 1830 audiendi
1865 1776 2010 1829 sunt
2038 1769 2294 1848 quidam
2327 1771 2534 1830 minus
2565 1770 2840 1848 religiosi
2876 1789 3185 1843 censores,
3212 1771 3319 1849 qui
3349 1771 3413 1830 in
3444 1771 3634 1830 sacris
3663 1769 3869 1829 Libris

461 1851 713 1914 nonnisi
743 1850 1245 1929 grammaticalis
1275 1851 1400 1910 fere
1431 1851 1739 1911 elementa
1771 1850 2178 1928 pensitantes,
2209 1851 2271 1910 in
2303 1851 2692 1912 sanctissimo
2725 1855 2992 1912 Doctore
3023 1869 3278 1930 carpere
3308 1851 3444 1911 ausi
3474 1857 3618 1911 sunt
3652 1849 3863 1908 humi-

462 1933 586 1994 lem
632 1931 1087 2010 interpretandi
1131 1931 1408 2003 modum,
1444 1931 1553 2009 qui
1599 1931 1678 1990 ad
1710 1931 1955 2008 regulas
1986 1930 2136 1990 artis
2181 1931 2406 1990 divina
2453 1937 2620 1991 totus
2667 1933 3050 2011 compositus
3097 1937 3214 2006 est,
3254 1951 3380 1992 non
3429 1933 3509 1992 ad
3561 1931 3860 1991 humana

461 2014 653 2087 illius,
687 2030 877 2090 quam
923 2012 1024 2071 isti
1056 2017 1183 2071 tam
1213 2011 1488 2072 studiose
1518 2017 1974 2082 consectantur,
2015 2011 2307 2072 humana
2339 2011 2714 2090 eloquentia
2745 2030 3066 2091 pompam.

542 2113 756 2187 Neque
786 2126 1169 2187 quemquam
1202 2107 1519 2168 offendere
1548 2108 1778 2168 debent
1807 2108 2144 2184 allegoria,
2181 2108 2408 2186 quibus
2439 2109 2779 2186 aliquando
2814 2110 2920 2170 Vir
2949 2115 3203 2170 sanctus
3225 2127 3372 2168 usus
3419 2115 3512 2168 est
3541 2109 3602 2167 in
3633 2107 3857 2186 expla-

461 2190 671 2250 nando
703 2189 1015 2268 pracipue
1044 2189 1251 2248 Veteri
1274 2192 1697 2249 Testamento.
1729 2191 1859 2250 Hac
1889 2189 2053 2247 enim
2085 2189 2384 2268 religione
2414 2189 2477 2247 in
2508 2189 2815 2266 ejusmodi
2845 2190 3029 2250 rebus
3060 2207 3245 2268 agere
3273 2189 3536 2262 solebat,
3573 2196 3641 2248 ut
3670 2189 3854 2247 illum

462 2267 1147 2347 caterisexpositorem
1179 2270 1524 2348 praeferret,
1549 2269 1658 2348 qui
1687 2268 1899 2348 omnia
1930 2287 2068 2345 qua
2100 2267 2269 2328 dicta
2298 2270 2812 2337 sunt,secundum
2845 2267 3122 2330 litteram
3148 2269 3478 2348 acciperet,
3508 2269 3858 2328 dummodo

460 2356 683 2432 posset
705 2349 937 2432 evitare
969 2348 1388 2432 blasphemias
1431 2347 1545 2425 (De
1605 2347 1821 2432 Genesi
1841 2364 2046 2432 contra
2080 2348 2591 2432 Manich._lib._2,
2623 2369 2672 2409 c.
2705 2350 2764 2429 2)
2793 2368 2806 2419 ;
2840 2351 2899 2432 id
2926 2357 3018 2410 est
3046 2347 3372 2432 indignum
3405 2351 3539 2432 Deo
3576 2367 3856 2408 sensum.

463 2428 573 2492 Sin
607 2429 922 2501 minus,ad
953 2429 1358 2506 allegoricum
1390 2446 1640 2487 sensum
1671 2428 2160 2505 confugiendum
2185 2447 2314 2488 esse
2345 2429 2610 2490 docebat
2631 2431 2920 2508 exemplo
2951 2431 3417 2508 Apostolorum,
3440 2430 3546 2508 qui
3575 2449 3647 2490 eo
3670 2448 3860 2488 sensu

462 2530 588 2572 non
621 2511 812 2570 semel
830 2510 924 2570 usi
952 2511 1203 2568 sunt.Et
1223 2514 1387 2590 certe
1401 2509 1696 2590 quoniam
1714 2509 2034 2586 Scriptura
2055 2516 2231 2570 vetus
2248 2510 2551 2569 rationem
2572 2510 2761 2570 habet
2795 2512 3448 2590 historia,prophetia
3463 2517 3649 2587 atque
3666 2509 3855 2585 legis;

463 2611 579 2670 pro
609 2590 839 2669 triplici
869 2591 989 2649 ista
1016 2589 1258 2649 ratione
1286 2589 1514 2670 triplex
1543 2607 1824 2670 sensusa
1855 2590 2502 2669 sacrisinterpretibus
2539 2591 3110 2669 merilousurpatus
3133 2591 3555 2661 est;|itleralis
3586 2590 3691 2667 qui
3728 2590 3860 2647 liis-

463 2669 1045 2748 toria,allegoricus
1060 2670 1165 2747 qui
1187 2669 1820 2747 prophetia,moralis
1843 2671 1947 2746 qui
1962 2670 2082 2746 legi
2097 2671 3162 2748 respondet.ltaque,etsisensusille
3181 2672 3472 2748 mysticus
3487 2671 3564 2728 ad
3583 2670 3862 2730 finienda

462 2751 836 2813 stabilienda
854 2749 1143 2810 Ecclesia
1165 2749 1462 2827 dogmata
1491 2750 1659 2809 solus
1681 2768 1804 2809 non
1827 2751 2241 2822 sufficiat,nisi
2262 2751 2324 2809 in
2355 2751 2545 2809 sacris
2563 2752 2807 2810 Litteris
2831 2751 3536 2819 contineatur;utilissim
3549 2770 3616 2809 us
3645 2757 3860 2809 tamen

464 2832 694 2912 est,ubi
721 2829 1336 2912 promovendalegis
1366 2830 1732 2912 perfectioni
1753 2830 2283 2903 inservit,scilicet
2314 2830 2646 2912 cbaritati;
2683 2837 2744 2890 et
2775 2832 2877 2890 ubi
2902 2832 3071 2912 ducit
3102 2833 3177 2890 ad
3202 2832 3540 2900 Christum,
3574 2830 3682 2907 qui
3715 2830 3861 2888 ﬁnis

465 2909 558 2974 est
588 2913 740 2990 legis
771 2929 842 2970 ac
892 2910 1235 2970 charitatis.
1271 2910 1593 2989 Duplicem
1626 2909 1794 2970 hunc
1823 2929 2107 2989 scopum,
2143 2929 2254 2970 ceu
2305 2911 2616 2988 duplicem
2653 2912 2955 2988 regulam,
2991 2911 3106 2970 sibi
3141 2911 3430 2988 proponit
3468 2911 3861 2986 Augustinus

464 2993 528 3052 in
579 2991 1044 3052 commentariis
1088 2991 1261 3050 suis:
1298 2991 1462 3050 unde
1509 2991 1578 3049 ﬁt
1608 2995 1676 3050 ut
1724 2991 1878 3049 nihil
1928 2991 2164 3068 spirare
2211 2991 2564 3063 videantur,
2598 2991 2714 3050 nisi
2762 2991 3114 3060 Christum;
3153 2992 3304 3049 nihil
3355 2991 3682 3067 inspirare,
3739 2990 3861 3049 nisi

463 3073 856 3133 charitatem.
891 3071 1149 3132 Accedit
1179 3071 1348 3149 quod
1379 3071 1721 3148 prudenter
1750 3071 2088 3130 admodum
2123 3071 2289 3130 hunc
2321 3089 2571 3130 sensum
2603 3071 2863 3140 inducit,
2899 3090 3164 3148 eumque
3199 3071 3539 3148 plurimum
3583 3070 3748 3128 elicit
3779 3088 3861 3127 ex

463 3153 758 3225 litterali;
793 3168 904 3212 nec
935 3153 1015 3211 ad
1047 3169 1189 3212 eum
1222 3151 1464 3210 facilius
1497 3150 1801 3227 confugit,
1835 3152 2021 3211 etiam
2056 3152 2116 3210 in
2167 3152 2287 3210 illis
2319 3151 2491 3210 libris
2521 3169 2678 3228 quos
2708 3151 2903 3210 edidit
2935 3151 3231 3210 adversus
3263 3150 3634 3209 Manichaos
3665 3149 3856 3226 (pra-

463 3238 750 3312 terquam
782 3233 844 3290 in
877 3231 1080 3310 primo
1130 3250 1242 3312 suo
1275 3249 1464 3308 super
1491 3233 1776 3292 Genesim
1804 3233 2039 3310 opere),
2073 3232 2322 3312 tametsi
2369 3238 2726 3312 opportuna
2756 3231 2890 3307 ejus
2939 3250 3128 3308 scopo
3183 3230 3316 3290 hac
3349 3231 3507 3312 ratio
3541 3230 3861 3289 videretur

463 3315 543 3374 ad
574 3310 948 3391 explicanda
977 3311 1267 3389 quadam
1299 3317 1578 3370 veterum
1609 3313 1867 3370 Patrum
1900 3313 2086 3384 facta,
2121 3311 2347 3388 quibus
2381 3310 2654 3371 haretici
2685 3311 2775 3371 illi
2806 3312 3248 3370 abutebantur.
3286 3311 3494 3371 Sicubi
3527 3328 3673 3391 vero
3707 3313 3858 3368 Doc-

460 3399 561 3454 tor
591 3390 1084 3472 sapientissimus
1114 3391 1367 3472 unicum
1399 3392 1636 3472 profert
1665 3391 2068 3472 allegoricum
2100 3410 2348 3451 sensum
2377 3409 2389 3462 ;
2423 3391 2488 3450 id
2513 3391 2794 3472 facitivel
2823 3391 2970 3468 quia
3003 3391 3332 3451 litteralem
3364 3391 3479 3450 sibi
3508 3390 3853 3450 obscurum

462 3470 830 3552 ignotumve
860 3472 1193 3552 confitetur
1217 3489 1231 3544 ;
1269 3470 1373 3552 vel
1394 3471 1543 3552 quia
1573 3471 1857 3532 litteralis
1883 3472 2157 3552 ipseper
2187 3490 2318 3531 sese
2348 3472 2435 3530 ita
2464 3471 2774 3531 dilucidus
2803 3480 2915 3544 est,
2939 3477 3006 3531 ut
3037 3472 3610 3552 explicationeinon
3641 3477 3858 3552 egeat;

463 3550 565 3614 vel
595 3553 863 3631 denique
893 3552 1063 3630 quod
1094 3551 1235 3611 aliis
1266 3551 1330 3610 in
1361 3551 1512 3612 locis
1542 3570 1682 3612 eum
1715 3551 2093 3631 exposuerit.
2128 3552 2257 3612 Hoc
2287 3552 2450 3612 enim
2485 3553 2755 3630 pertinet
2801 3552 2878 3612 ad
2916 3552 3310 3629 prudentiam
3362 3550 3656 3610 catholici
3687 3551 3852 3631 Doc-

464 3634 643 3708 toris,
677 3630 900 3694 utnon
931 3632 1150 3710 quavis
1178 3632 1503 3692 occasione
1533 3630 1892 3703 litteralem,
1926 3651 2001 3692 ne
2031 3632 2303 3706 vilescat,
2348 3632 2655 3705 inculcet;
2688 3632 2794 3692 sed
2828 3632 3168 3710 aliquando
3202 3631 3490 3710 praeferat
3521 3630 3859 3708 mysticum

468 3733 543 3776 ac
584 3714 998 3793 spiritualem,
1034 3712 1154 3793 ubi
1191 3713 1554 3793 auditorum,
1597 3713 1803 3773 studia
1833 3718 1895 3773 et
1923 3712 2182 3774 affectus
2211 3713 2274 3772 id
2320 3713 2639 3791 postulare
2687 3712 3099 3784 videbuntur;
3137 3713 3262 3771 imo
3313 3711 3503 3770 etiam
3552 3729 3674 3782 res,
3711 3729 3857 3770 cum

470 3792 688 3857 sensus
718 3794 1090 3872 allegoricus
1118 3792 1403 3853 litteralis
1433 3792 1593 3871 gerit
1623 3793 1842 3854 vicem.

550 3892 662 3953 Hic
691 3892 953 3952 fortasse
981 3889 1435 3950 occurrendum
1480 3894 1641 3950 esset
1689 3907 1965 3950 censura
2006 3888 2424 3968 quorumdam
2474 3887 2800 3948 hominum
2849 3887 3002 3948 levis
3053 3887 3465 3957 auctoritatis,
3502 3887 3608 3963 qui
3660 3887 3870 3949 verbis

465 3971 898 4034 inverecundis
928 3970 1275 4047 Augustino
1306 3971 1684 4048 exprobrare
1715 3971 1849 4030 ausi
1880 3976 2024 4029 sunt
2054 3969 2428 4048 imperitiam
2460 3969 2843 4045 linguarum,
2877 3987 2952 4028 ex
2982 3987 3250 4046 quarum
3285 3969 3680 4045 ignoratione
3712 3968 3857 4045 lap-

469 4073 574 4114 sus
602 4054 682 4113 sit
710 4051 1150 4131 aliquando,ut
1181 4051 1428 4131 mollius
1459 4050 1795 4131 reddamus
1826 4049 2154 4128 cujusdam
2185 4050 2481 4131 neoterici
2512 4049 2952 4131 dictum,quod
2983 4049 3177 4108 atroci
3210 4055 3270 4108 et
3299 4049 3649 4131 impudenti
3681 4067 3867 4108 voca-

466 4133 618 4194 bulo
650 4129 976 4211 expressit.
1011 4131 1134 4192 Sed
1164 4130 1472 4208 ejusmodi
1502 4129 1782 4190 convicia
1812 4131 1875 4189 in
1905 4137 2224 4211 auctorem
2257 4130 2457 4207 ipsum
2491 4129 3174 4211 recidunt,constatque
3204 4129 3370 4211 apud
3405 4147 3617 4211 aequos
3649 4147 3863 4188 rerum

470 4209 902 4287 aestimat—ores,
935 4211 1352 4288 Augustinum
1386 4211 1464 4270 ad
1512 4211 1993 4288 intelligentiam
2025 4210 2181 4270 Novi
2226 4210 2608 4269 Testamenti
2657 4209 2935 4269 subsidio
2987 4229 3206 4286 gracae
3255 4209 3506 4285 lingua,
3541 4209 3618 4267 ad
3670 4226 3866 4284 quam

468 4313 686 4355 omnes
717 4293 927 4353 latina
954 4290 1258 4351 editiones
1288 4291 1556 4350 condita
1588 4299 1754 4365 sunt,
1788 4291 1937 4350 satis
1968 4291 2339 4350 instructum
2375 4290 2581 4360 fuisse,
2616 4295 2684 4348 ut
2715 4290 2984 4366 probant
3012 4290 3200 4348 varia
3245 4288 3564 4348 Lectiones
3595 4307 3666 4346 ex
3702 4307 3867 4364 gra-

469 4376 557 4434 cis
587 4374 861 4434 fontibus
893 4373 1195 4442 deducta,
1231 4389 1388 4448 quas
1437 4371 1542 4432 Vir
1573 4380 1824 4431 sanctus
1852 4371 1916 4430 in
1964 4371 2114 4430 locis
2144 4370 2348 4429 dubiis
2379 4377 2488 4429 aut
2520 4369 2832 4429 mendosis
2880 4370 3187 4430 adhibuit.
3225 4371 3480 4428 Fatetur
3511 4368 3762 4446 quidem
3793 4368 3864 4427 in

469 4453 974 4516 Confessionibus
1018 4451 1144 4510 suis
1175 4451 1281 4510 Vir
1309 4452 1802 4511 modestissimus
1832 4469 1917 4522 se,
1954 4469 2094 4509 cum
2147 4450 2445 4527 puerulus
2477 4450 2700 4509 latinas
2731 4449 2967 4511 litteras
3012 4450 3358 4521 adamaret,
3396 4468 3632 4526 gracas
3663 4449 3873 4509 odisse

470 4534 764 4616 (Con/ess.
801 4533 902 4593 lib.
941 4536 996 4606 1,
1031 4551 1080 4592 c.
1121 4531 1259 4616 ili);
1294 4533 1398 4616 sed
1418 4532 1556 4610 jam
1603 4534 1917 4616 episcopus,
1943 4531 2079 4616 jam
2103 4549 2298 4616 senex,
2350 4532 2437 4590 ait
2467 4533 2784 4616 Erasmus,
2820 4531 3123 4616 ad_pu_ero
3152 4529 3267 4589 sibi
3313 4529 3613 4616 fastiditas
3641 4547 3874 4616 graecas

471 4610 701 4676 litteras
729 4633 990 4674 reversus
1019 4621 1121 4671 est.
1153 4612 1286 4681 Qua
1315 4611 1376 4670 in
1411 4631 1476 4672 re
1506 4610 1828 4689 egregium
1859 4611 2030 4670 dedit
2060 4611 2374 4688 specimen
2406 4630 2532 4670 sua
2563 4612 2624 4670 in
2658 4630 2867 4672 sacras
2898 4610 3251 4688 Sicripturas
3281 4610 3629 4668 sedulitatis
3670 4615 3731 4667 et
3764 4627 3866 4668 re-

469 4695 790 4766 verentia,
824 4694 928 4772 qui
953 4693 1084 4769 jam
1119 4709 1329 4765 senex,
1364 4698 1457 4752 tot
1490 4693 1752 4768 negotiis
1784 4692 2138 4762 distractus,
2170 4692 2244 4750 ad
2281 4692 2589 4752 elementa
2621 4711 2825 4768 graeca
2854 4692 3228 4752 descendere
3261 4708 3382 4750 non
3417 4695 3711 4767 gravatus
3743 4694 3862 4762 est,

469 4783 540 4838 nt
567 4777 647 4837 ad
676 4792 995 4836 sacrarum
1029 4773 1399 4832 Litterarum
1432 4773 1907 4849 intelligendum
1941 4778 2180 4831 textum
2213 4778 2374 4832 esset
2403 4773 2785 4832 instructior.
3865 4781 3882 4796 '

552 4876 728 4947 Quod
760 4874 984 4934 attinet
1014 4871 1093 4932 ad
1123 4872 1313 4931 Vetus
1341 4875 1836 4946 Testamentum,
1862 4872 1922 4930 in
1956 4890 2028 4932 eo
2058 4872 2430 4950 exponendo
2463 4873 2570 4930 Vir
2599 4877 2849 4930 sanctus
2881 4887 3010 4947 pra
3037 4868 3232 4929 oculis
3264 4868 3484 4929 habuit
3517 4867 3867 4929 versionem

471 4956 887 5034 Septuaginta
934 4954 1368 5030 interpretum,
1404 4971 1543 5030 qua
1575 4954 1709 5012 sola
1762 4959 1910 5012 tunc
1941 4953 2000 5011 in
2034 4953 2406 5012 auctoritate
2457 4958 2589 5010 erat
2613 4951 2744 5027 jam
2779 4950 2923 5009 inde
2969 4951 3046 5008 ab
3077 4951 3518 5034 Apostolorum
3571 4950 3874 5034 tempori-

467 5031 586 5096 bus
620 5054 633 5095 :
670 5031 777 5095 sed
808 5053 945 5095 eam
977 5037 1064 5093 ita
1094 5040 1340 5093 secutus
1371 5040 1483 5105 est,
1519 5041 1586 5093 ut
1615 5033 1676 5092 in
1708 5034 1951 5092 nullum
1981 5034 2272 5093 inductus
2303 5034 2381 5092 sit
2412 5049 2600 5107 grave
2630 5038 2906 5090 erratum
2935 5048 2947 5099 ;
2976 5031 3224 5090 tametsi
3255 5031 3573 5089 uberiores
3605 5032 3874 5090 fortasse

470 5122 532 5177 et
562 5116 998 5194 locupletiores
1045 5114 1304 5173 fuissent
1334 5114 1529 5191 ipsius
1577 5115 2035 5184 commentarii,
2068 5113 2119 5171 si
2163 5114 2224 5172 in
2275 5111 2600 5171 hebraicas
2648 5111 2888 5194 litteras
2937 5117 3346 5194 penetrasset.
3382 5113 3575 5194 Porro
3626 5129 3875 5188 gracus

468 5191 801 5258 contextus
847 5194 1260 5273 Septuaginta
1286 5195 1364 5253 ab
1397 5213 1469 5254 eo
1505 5202 1810 5272 receptus,
1847 5194 1948 5252 ille
1980 5195 2111 5271 ipse
2143 5198 2235 5251 est
2265 5210 2451 5268 quem
2475 5192 2809 5273 recensuit
2841 5192 3158 5273 Nobilius;
3197 5191 3374 5266 cujus
3410 5191 3722 5273 pleraque
3756 5209 3872 5273 va-

469 5279 702 5338 riantes
723 5295 799 5337 ex
829 5271 1176 5353 Augustino
1223 5274 1519 5334 lectiones
1549 5271 1836 5334 oriuntur
1881 5292 1955 5332 ex
2005 5273 2348 5332 editionum
2381 5271 2567 5353 vitiis,
2604 5291 2742 5348 qua
2793 5272 3068 5331 subsidio
3120 5278 3400 5330 veterum
3451 5272 3753 5353 librorum
3806 5271 3877 5331 in

470 5358 590 5418 hac
621 5358 891 5418 editione
922 5351 1307 5416 sustulimus.
1347 5358 1497 5415 Eam
1529 5362 1737 5415 autem
1787 5353 2366 5431 interpretationem
2401 5352 2709 5412 credimus
2754 5353 2926 5412 illam
2961 5371 3115 5422 esse,
3149 5371 3335 5429 quam
3389 5353 3520 5430 ipse
3575 5351 3876 5414 Usitatam

469 5439 751 5518 appellat
778 5437 892 5516 (De
925 5435 1223 5518 Consensg
1249 5436 1485 5518 Evang.
1517 5434 1620 5494 lib.
1656 5439 1714 5518 2,
1748 5453 1799 5492 c.
1834 5435 1959 5518 66)_.
1996 5434 2410 5518 Hieronymus
2443 5436 2728 5493 Veterem
2761 5440 2824 5518 et
2862 5435 3195 5518 Vulgatam
3231 5431 3379 5511 (Lib.
3417 5432 3484 5518 de
3514 5431 3745 5511 Optimo
3773 5450 3881 5507 ge-

468 5513 605 5580 nere
633 5513 936 5595 interpret.
986 5526 1039 5577 et
1070 5535 1129 5574 ιη
1161 5516 1362 5576 Eccle.
1395 5513 1438 5586 1,
1471 5517 1528 5588 7,
1563 5516 1730 5595 δρψ),
1767 5514 2051 5574 eamdem
2100 5514 2360 5574 fortasse
2392 5533 2581 5593 quam
2613 5514 2852 5595 cateris
2901 5514 3153 5592 praefert
3178 5513 3606 5595 Augustinus,
3641 5530 3875 5590 nempe

463 5600 717 5674 Italam,
748 5592 827 5659 ab
857 5599 994 5677 ipso
1043 5596 1362 5677 laudatam
1397 5595 1458 5654 in
1489 5592 1651 5655 libro
1690 5592 1973 5677 secundo
2022 5595 2098 5655 de
2145 5592 2440 5677 Doctrina
2478 5594 2852 5677 Christiana,
2905 5595 3116 5677 capite
3159 5592 3697 5677 decimo‘quinto,
3733 5599 3880 5652 tan-

467 5699 659 5761 quam
690 5673 1022 5742 verborum
1055 5675 1433 5738 tenaciorem
1467 5693 1608 5737 cum
1641 5675 2084 5756 perspicuitate
2130 5675 2452 5738 sententia
2487 5693 2500 5735 :
2535 5675 2585 5736 si
2614 5681 2828 5738 tamen
2858 5675 3075 5737 Italica
3103 5674 3238 5735 hac
3269 5673 3441 5735 aliud
3485 5673 3873 5753 complecte-

3875 829 3900 852 ο

3857 911 3894 952 ᾗ
