4026 6378
84 313 150 372 13
768 303 1202 365 ADMONITIO
1247 304 1322 361 lN
1371 302 1645 360 LIBROS
1692 301 1791 359 DE
1839 301 2222 360 DOC'l‘lthA
2277 301 2772 363 CHRISTIANA.
3397 311 3474 368 14

81 445 251 504 batur
279 459 466 519 quam
498 443 744 519 Novum
774 441 1240 519 Testamentum
1271 434 1488 519 ;‘quod
1521 453 1599 519 ex
1630 435 1961 519 A_I_Jgustini
2011 434 2214 519 verbis
2243 453 2368 493 non
2401 435 2651 512 penitus
2691 436 3088 519 exploratum
3120 445 3233 499 est.
3267 439 3466 501 Cate-

80 542 204 585 rum
236 513 499 582 in'libris
536 518 947 580 Locutionum
997 522 1059 576 et
1087 515 1515 587 Quaestionum
1568 513 1633 572 in
1665 513 2194 594 Heptateuchum,
2229 533 2387 593 quos
2436 513 2790 594 composuit
2813 517 2947 594 jam
2994 536 3204 591 senex,
3239 520 3472 580 versio-

81 623 206 665 nem
237 622 311 664 ex
359 601 628 661 hebrais
659 599 933 658 fontibus
982 597 1267 674 proxime
1297 595 1642 656 derivatam
1677 594 2003 654 consulere
2044 593 2224 666 solet,
2255 597 2500 672 vulgari
2533 593 2762 657 nostra
2795 593 3310 672 convenientem;
3347 601 3473 660 for-

84 703 180 745 san
211 702 346 762 qua
376 682 1042 762 auctoreHieronymo
1076 677 1613 762 prodierat,quam
1646 674 2386 762 versione‘Septuaginta
2418 677 2672 762 tandem
2707 679 3158 738 accuratiorem
3189 682 3472 762 agnoscit

83 768 140 826 in
169 754 316 824 libro
345 769 574 840 quarto
623 761 700 820 de
731 754 1026 840 Doctrina
1070 754 1424 840 Christiana
1473 754 1646 840 (Cap.
1681 758 1744 828 '2,
1773 754 1996 840 n._l§),
2029 756 2262 840 scripto
2312 775 2423 834 per
2469 757 2532 840 id
2580 764 2851 840 tempus,
2884 778 3009 838 quo
3056 754 3471 820 retractandis

86 835 380 924 opusculis
430 842 561 902 suis
607 839 1032 924 incumbebat.
1066 838 1262 924 P_aul_o
1317 842 1478 915 post,
1515 836 1734 924 idest,
1757 835 1874 895 sub
1905 835 2092 924 tinem
2124 836 2267 896 vita
2296 856 2469 924 sua,
2504 837 2668 898 hanc
2700 835 3046 924 versionem
3087 841 3377 924 adhibuit
3405 842 3468 901 in

86 915 388 986 condendo
441 922 734 1001 Speculo,
769 920 937 999 quod
969 938 1045 980 ex
1095 919 1437 1001 scriptura
1466 915 1947 1001 centonibusad
1997 935 2177 976 usum
2210 918 2388 1001 vulgi
2423 925 2553 1001 tum
2587 919 3011 980 meditabatur
3044 939 3058 981 :
3093 923 3308 1000 sicque
3337 923 3467 982 fac-

88 1015 204 1065 tum
237 1011 328 1065 est
356 1011 423 1063 ut
459 998 592 1063 hac
620 1002 682 1061 in
719 998 938 1061 manus
970 1000 1189 1078 populi
1219 999 1298 1059 ab
1328 999 1675 1076 Augustino
1707 998 1960 1080 tradita,
1995 998 2260 1080 evaserit
2290 998 2573 1080 vulgaris
2598 1018 2670 1059 ac
2703 1002 3152 1080 receptissima,
3183 998 3470 1063 versione

89 1085 482 1164 Septuaginta
511 1083 760 1142 interim
814 1081 1154 1159 quamdam
1186 1080 1519 1164 retinente
1541 1079 1978 1164 auctoritatem
2010 1079 2197 1164 etiam
2231 1078 2304 1164 in_
2345 1079 2622 1140 Ecclesia
2654 1078 2955 1161 Romana,
2991 1089 3061 1143 ut
3088 1085 3287 1144 sancti
3319 1085 3469 1144 Gre-

85 1159 227 1254 gorii
255 1159 334 1254 ad
364 1165 718 1254 Leandrum
750 1164 1178 1254 HiSpalensem
1211 1160 1568 1254 superdobi
1599 1161 2050 1254 expositionem
2069 1159 2351 1253 .epistola
2381 1167 2788 1221 contestatur.

156 1247 420 1323 Denique
456 1245 508 1304 si
556 1251 834 1305 nostram
864 1241 929 1302 in
977 1241 1371 1323 recensendis
1401 1241 1555 1323 istis
1586 1241 1919 1323 Augustini
1944 1241 2118 1300 libris
2149 1259 2406 1323 operam
2451 1260 2945 1323 commemorare
2967 1241 3190 1320 juvat;
3223 1261 3471 1306 summa

87 1345 210 1387 cum
245 1321 473 1404 ubique
505 1343 652 1385 cura
683 1331 746 1384 et
794 1324 939 1396 ﬁde,
992 1330 1123 1383 tum
1160 1322 1428 1382 maxime
1455 1321 1564 1382 ubi
1605 1321 1670 1404 in
1700 1339 1879 1381 sacro
1927 1326 2123 1404 textui
2151 1321 2524 1404 mutandum
2557 1323 2791 1401 aliquid
2838 1322 2935 1383 vel
2983 1323 3302 1384 tantillum
3330 1324 3469 1393 fuit,

87 1401 383 1484 agendum
424 1424 561 1466 esse
609 1405 924 1464 duximus.
979 1405 1375 1484 Quapropter
1422 1419 1564 1462 cum
1613 1401 1680 1461 in
1730 1401 2051 1462 nonnullis
2100 1402 2441 1484 Scriptura
2492 1404 2865 1464 testimoniis
2902 1406 3269 1465 varietatem
3303 1406 3471 1484 apud

87 1483 484 1565 Augustinum
516 1491 800 1546 nostrum
850 1483 1288 1565 deprehendet
1308 1484 1525 1565 lector,
1561 1487 1751 1565 atque
1776 1500 1990 1565 unam
2023 1483 2438 1565 eamdemque
2469 1485 2844 1545 sententiam
2877 1503 3005 1544 non
3045 1483 3406 1546 constanter
3437 1503 3474 1545 a

88 1562 248 1628 nobis
277 1569 334 1627 in
365 1568 685 1644 integrum
718 1565 971 1644 ubique,
1004 1564 1114 1624 sed
1144 1564 1329 1624 certis
1361 1563 1738 1645 quibusdam
1772 1563 1836 1622 in
1869 1562 2023 1622 locis
2055 1563 2404 1624 restitutam
2439 1582 2452 1635 ;
2486 1565 2548 1624 id
2583 1565 2836 1626 minime
2867 1565 3099 1626 tribuet
3146 1566 3472 1645 negligen-

87 1650 176 1707 tia
205 1657 305 1708 aut
335 1643 700 1715 temeritati,
733 1643 1161 1723 sed’religioni
1191 1651 1253 1705 et
1284 1644 1542 1704 sincera
1571 1643 1715 1704 fidei
1745 1649 1998 1703 nostra.
2033 1645 2187 1703 Nam
2221 1662 2296 1704 ea
2325 1645 2388 1704 in
2418 1663 2484 1705 re
2514 1646 2711 1706 secuti
2743 1665 2959 1706 sumus
2989 1643 3270 1706 veterum
3301 1643 3473 1708 codi-

85 1748 211 1788 cum
257 1729 468 1802 ﬁdem,
503 1726 702 1787 sicubi
733 1725 883 1803 quid
913 1727 1010 1786 vel
1041 1725 1477 1803 castigandum
1508 1730 1664 1798 erat,
1699 1724 1796 1784 vel
1827 1725 2221 1784 retinendum
2259 1741 2271 1783 :
2309 1743 2385 1785 ne
2415 1725 2465 1784 si
2486 1745 2599 1803 pro
2631 1726 2892 1787 arbitrio
2924 1745 3114 1787 unam
3147 1727 3472 1788 eamdem-

129 1828 193 1868 ue
220 1809 611 1881 sententiam,
650 1825 839 1885 quam
872 1806 1213 1886 aliquando
1264 1805 1708 1883 corrigendum
1740 1823 1873 1864 esse
1903 1805 2214 1886 docebant
2246 1806 2519 1865 melioris
2563 1813 2726 1867 nota
2755 1808 3020 1880 codices,
3057 1808 3121 1867 in
3152 1809 3291 1870 aliis
3318 1807 3476 1869 locis

129 1828 193 1868 ue
220 1828 611 1881 sententiam,
650 1828 839 1885 quam
872 1828 1213 1886 aliquando
1264 1828 1708 1883 corrigendum
1740 1828 1873 1864 8388
1903 1828 2214 1866 αυεθοειῐιι
2246 1828 2519 1865 meuorts
2563 1828 2726 1867 11018⁵3
2755 1828 3020 1880 (3001068,
3057 1828 3121 1867 1n
3152 1828 3291 1870 81118
3318 1828 3476 1869 10018

85 1828 364 1949 diversam
419 1890 663 1967 absque
710 1886 1008 1968 suffragio
1059 1887 1346 1948 codicum
1396 1885 1685 1946 similiter
1732 1885 2248 1968 emendaremus;
2283 1887 2599 1968 excideret
2645 1907 2770 1949 non
2800 1888 2976 1961 levis,
3010 1889 3119 1968 qui
3166 1908 3243 1950 ex
3287 1888 3478 1949 variis

86 1970 389 2046 Augustini
419 1966 673 2048 scriptis
703 1967 1049 2048 percipitur
1096 1969 1356 2048 fructus,
1391 1985 1619 2046 nempe
1653 1972 1723 2026 ut
1747 1985 1821 2048 ex
1853 1966 2246 2048 variantibus
2277 1967 2412 2048 ejus
2455 1967 2829 2030 lectionibus
2877 1966 3250 2048 argumenta
3277 1969 3477 2031 dedu—

86 2057 287 2110 cantur
314 2057 443 2111 tum
476 2047 563 2110 ad
592 2049 1042 2110 restituendam
1073 2047 1420 2109 Bibliorum
1465 2066 1607 2128 qua
1641 2047 1829 2108 modo
1859 2047 1923 2108 in
1973 2047 2252 2109 Ecclesia
2279 2047 2576 2127 leguntur
2620 2047 3069 2128 integritatem,
3105 2056 3239 2113 tum
3269 2050 3350 2112 ad
3379 2068 3483 2114 eo-

88 2149 211 2192 rum
237 2131 680 2192 auctoritatem
713 2129 1176 2190 stabiliendam.

1421 2438 2135 2536 ADMONITIO

1009 2626 1088 2688 IN
1132 2624 1413 2688 LIBROS
1459 2625 1560 2686 DE
1604 2625 2006 2688 DOCTRINA
2050 2624 2541 2688 CHRISTIANA.

165 2936 501 3014 Exegeticis
531 2931 883 3012 cpusculis,
915 2948 1057 3009 qua
1106 2934 1317 3014 tomus
1361 2928 1465 2990 hic
1510 2929 1734 2990 tertius
1775 2928 2240 3014 complectitur,
2289 2930 2710 3014 praﬁgendos
2757 2933 3115 2996 curavimus
3163 2934 3356 2996 libros
3411 2935 3486 2996 de

102 3009 367 3077 Doctrina
398 3009 784 3085 Christiana,
835 3029 1104 3094 quorum
1132 3009 1425 3071 videlicet
1472 3016 1917 3094 argumentum
1950 3028 2045 3094 eo_
2075 3009 2369 3094 pertinet,
2403 3017 2474 3073 ut
2518 3012 2599 3073 ad
2649 3030 2970 3074 sacrarum
3021 3015 3486 3094 Scripturarum

103 3098 559 3174 intelligentiam
613 3101 676 3155 et
705 3093 1140 3176 tractationem
1189 3091 1552 3152 necessariis
1582 3091 1958 3176 quibusdam
1989 3091 2495 3176 _documenti_s_et
2543 3091 3284 3176 praceptisimbuamur.
3321 3101 3493 3176 Opus

107 3196 203 3256 pro
234 3171 311 3237 rei
344 3177 658 3255 dignitate
690 3172 965 3256 studiose
981 3172 1408 3256 elaboratum,
1445 3191 1560 3233 nec
1584 3173 1871 3256 profecto
1900 3171 2254 3256 indignum,
2289 3174 2402 3256 cui
2419 3171 2594 3256 locus
2623 3175 2686 3234 in
2732 3171 3077 3236 Bibliorum
3105 3177 3320 3237 limine
3349 3171 3492 3238 c-um

106 3253 589 3336 Hieronymianis
620 3253 1094 3336 prafationibus
1141 3253 1543 3336 concedatur.
1579 3253 1646 3336 l_d
1696 3259 1987 3336 suscepto
2018 3272 2144 3313 non
2195 3254 2279 3314 ita
2313 3253 2554 3334 pridem
2603 3255 2994 3336 episcopatu,
3027 3258 3208 3317 sicuti
3249 3277 3324 3318 ex
3376 3261 3493 3319 Re-

107 3333 528 3398 tractationum
585 3333 743 3396 serie
799 3334 1231 3417 intelligimus,
1263 3334 1326 3394 id
1377 3333 1639 3417 est,csub
1689 3334 1918 3417 Christi
1967 3353 2202 3417 annum
2262 3333 2768 3417 trecentesimum
2801 3333 3276 3416 nonagesimum
3311 3338 3497 3417 septi-

107 3440 256 3479 mum
287 3421 701 3480 inchoaverat
730 3416 1138 3494 Augustinus,
1171 3422 1234 3476 et
1263 3432 1404 3474 cum
1438 3416 1517 3474 ad
1548 3432 1687 3474 eam
1719 3414 2030 3476 duntaxat
2060 3415 2202 3474 libri
2234 3416 2403 3476 tertii
2435 3424 2698 3495 partem,
2735 3419 2834 3478 cui
2882 3414 3204 3480 numerica
3237 3414 3398 3479 nota'
3419 3422 3497 3480 36

108 3519 251 3559 nunc
281 3501 654 3576 praﬁgitur,
690 3497 1100 3578 perduxisset,
1155 3495 1459 3573 impedire
1492 3514 1617 3578 non
1672 3497 1874 3578 potuit
1923 3514 2048 3574 quo
2099 3497 2305 3557 minus
2344 3500 2643 3558 continuo
2694 3499 2975 3577 prodiret
3005 3500 3066 3559 in
3121 3501 3440 3578 publicum
3476 3517 3490 3559 :

106 3581 331 3657 quando
364 3581 630 3659 quidem
664 3579 722 3638 in
757 3577 930 3637 libris
960 3583 1178 3637 contra
1209 3579 1532 3659 Faustum,
1570 3576 1817 3659 circiter
1845 3595 2077 3636 annum
2113 3576 2805 3659 quadringentesimum
2856 3576 3250 3659 conscriptis,
3286 3582 3492 3641 locum

109 3656 170 3720 ex
200 3680 267 3721 eo
295 3656 640 3741 quemdam
667 3659 748 3741 de
780 3659 1087 3741 )Egyptiis
1119 3675 1228 3741 per
1257 3656 1552 3741 HebraOs
1582 3657 1691 3717 Dei
1711 3657 1894 3741 jussu
1925 3658 2289 3741 exspoii‘atis
2319 3667 2774 3721 commemorat
2802 3661 2865 3720 in
2901 3661 3036 3722 hac
3064 3656 3256 3721 verba
3291 3679 3304 3720 :
3344 3660 3504 3736 Quid
3575 3675 3582 3682 ‘

108 3736 598 3822 pra/igaraverit,
634 3740 770 3822 jam
800 3741 865 3799 in
893 3736 1459 3822 quibycdcmclibris,
1492 3757 1634 3822 q_uos
1683 3736 1753 3799 de
1785 3737 2072 3822 Doctrina
2099 3737 2450 3822 Christiana
2475 3742 2834 3822 pranotavi,
2865 3754 3150 3822 quantum
3182 3741 3334 3801 mihi
3363 3752 3498 3802 tunc

111 3817 368 3894 comm,
402 3844 492 3883 me
523 3817 720 3882 recolo
745 3817 1006 3900 posuisse
1037 3817 1463 3901 (Lib.22,com.
1490 3818 1699 3901 _Faust_.
1737 3820 2335 3901 c,91).Postmodum
2369 3817 2514 3882 vero
2536 3817 2991 3901 recognoscens
3021 3823 3326 3900 opuscula
3357 3841 3491 3895 sua,

116 3920 238 3961 cum
269 3904 710 3982 imperfectum
746 3899 913 3962 illud
947 3899 1375 3982 comperisset,
1409 3899 1581 3982 prius
1628 3899 1952 3982 absolvere
1995 3901 2216 3982 voluit,
2251 3919 2438 3981 quam
2483 3904 2563 3963 ad
2614 3899 2738 3964 alia
2787 3899 3186 3964 retractanda
3231 3903 3498 3982 gradum

117 3984 327 4044 faceret
360 3980 374 4044 Ξ
408 3993 694 4062 tuncque
720 4001 842 4042 non
878 3981 1064 4042 modo
1097 3980 1326 4062 librum
1359 3980 1625 4062 tertium,
1646 3980 2006 4060 complevit,
2042 3981 2149 4042 sed
2182 3980 2370 4042 etiam
2401 3989 2698 4061 quartum
2730 3983 2983 4062 adjecit,
3034 4003 3199 4045 anno
3231 3980 3267 4044 a
3297 4004 3410 4046 sua
3439 3985 3504 4044 in

120 4063 539 4125 Mauritaniam
576 4069 1036 4125 Casareensem
1070 4061 1471 4144 profectione
1487 4061 1732 4121 circiter
1761 4067 2008 4136 octavo,
2043 4062 2107 4144 id
2139 4068 2232 4123 est
2260 4063 2488 4124 Christi
2515 4067 2654 4138 426,
2681 4071 2790 4126 aut
2814 4061 3504 4144 7427,quemadmodum

123 4144 207 4205 hic
234 4147 308 4206 ad
337 4147 625 4224 ejusdem
658 4144 868 4222 quarti
896 4144 1038 4204 libri
1064 4141 1255 4224 eaput
1282 4141 1653 4224 vigesimum
1686 4149 1980 4224 quartum
2013 4143 2443 4224 observamus.

192 4222 504 4288 Librorum
539 4233 756 4307 autem
788 4229 1162 4303 argumenta
1188 4222 1327 4307 hac
1342 4229 1516 4307 sunt.
1549 4223 1617 4283 In
1651 4223 2141 4307 primocquidem
2174 4223 2334 4307 libro
2364 4226 2532 4307 facta
2559 4225 2767 4306 Operis
2797 4225 3154 4305 partitione,
3176 4227 3514 4307 suscipitur

126 4308 391 4367 tractatio
419 4309 496 4368 de
529 4305 720 4367 rebus
755 4327 768 4366 :
804 4307 1033 4386 quibus
1063 4303 1414 4386 explicatis,
1446 4303 1709 4386 docetur
1736 4305 1918 4386 Legis
1949 4310 2012 4366 et
2040 4306 2323 4366 omnium
2357 4303 2714 4367 divinarum
2745 4303 3212 4385 scripturarum
3245 4303 3517 4385 plenitu—

122 4387 308 4448 dinem
332 4408 402 4450 ac
433 4390 630 4449 tinem
665 4406 797 4448 esse
825 4384 1226 4448 dilectionem
1257 4384 1345 4446 rei
1367 4404 1495 4465 qua
1524 4385 1860 4446 fruendum
1889 4391 2002 4458 est,
2037 4391 2098 4447 et
2130 4387 2219 4448 rei
2249 4406 2392 4465 qua
2423 4387 2603 4448 nobis
2631 4405 2772 4448 cum
2823 4384 2900 4448 ea
2927 4407 2993 4448 re
3023 4389 3143 4448 frui
3191 4384 3419 4467 potest,
3451 4388 3516 4449 id

124 4474 205 4526 est
233 4471 330 4530 Dei
358 4477 419 4531 et
450 4469 750 4531 proximi.

193 4490 330 4530 LUCl
358 4490 419 4531 et
495 4490 750 4530 l‘Olel.

193 4551 252 4609 In
280 4490 554 4612 secunpdo
587 4550 752 4610 libro
801 4548 878 4609 de
904 4547 1098 4626 signis
1145 4545 1477 4626 verbisque
1509 4546 1852 4626 Scriptura
1900 4563 2094 4608 sacra
2125 4547 2504 4626 disputatur.
2541 4548 2849 4620 Quoniam
2900 4566 3049 4609 vero
3082 4547 3271 4626 hujus
3301 4567 3520 4610 sensus

127 4629 472 4710 plerumque
523 4637 642 4691 aut
696 4647 851 4710 pra,
881 4629 1208 4710 signorum
1254 4626 1637 4706 ignorantia,
1691 4633 1813 4710 aut
1848 4646 1978 4710 pra
2034 4647 2253 4689 eorum
2303 4629 2716 4707 ambiguitate
2765 4648 2890 4690 non
2936 4630 3325 4709 percipitur;
3378 4631 3520 4691 ideo

130 4710 351 4786 prolato
372 4709 442 4772 in
477 4711 704 4792 primis
733 4709 1088 4792 divinorum
1122 4709 1451 4792 Librorum
1482 4727 1743 4792 canone,
1780 4709 2103 4792 declarare
2150 4711 2357 4788 pergit
2388 4711 2776 4792 Augustinus
2806 4729 3226 4789 quarumnam
3272 4712 3522 4790 potissi-

132 4809 281 4850 mum
313 4790 675 4871 linguarum
709 4791 952 4870 peritia,
985 4808 1358 4871 quanamve
1389 4790 1734 4869 disciplina
1767 4809 1840 4850 ac
1869 4790 2144 4851 scientia
2176 4792 2504 4852 conferant
2535 4791 2611 4852 ad
2644 4792 2818 4852 illam
2871 4792 3193 4870 signorum
3227 4793 3526 4870 ignoran-

134 4872 264 4931 tiam
296 4872 920 4944 removendam.Ubi,
955 4871 1103 4932 data
1133 4871 1485 4945 occasione,
1518 4871 1593 4931 de
1626 4871 2028 4950 repudiandis
2059 4872 2509 4950 superstitiosis
2540 4873 2781 4934 artibus
2810 4873 3526 4952 agit.0uemadmodum

135 4953 299 5090 etigrn
330 4957 542 5015 animo
575 4959 983 5093 concpﬁaratusi
1007 4953 1059 5092 is
1090 4970 1222 5013 esse
1251 4952 1500 5026 debeat,
1534 4952 1642 5032 qui
1673 4971 1930 5033 operam
1963 4953 2172 5014 studio
2212 4953 2681 5034 Scripturarum
2733 4960 3079 5015 navaturus
3112 4953 3216 5027 sit,
3250 4955 3531 5014 declarat

139 5050 195 5089 su
265 5037 499 5093 initium
534 5043 600 5093 et
633 5055 690 5093 at
795 5053 933 5093 nem
992 5034 1009 5093 i
1059 5033 1132 5093 ri.

139 5033 236 5090 sub
265 5033 499 5096 initium
534 5043 600 5098 et
633 5035 710 5095 ad
747 5035 933 5094 ﬁnem
967 5033 1132 5094 libri.

207 5115 262 5173 ln
295 5119 471 5178 tertio
507 5118 673 5177 libro
707 5116 925 5176 transit
958 5116 1023 5175 S.
1056 5117 1286 5176 Doctor
1315 5113 1396 5195 ad
1416 5113 2481 5195 considerationemambiguitatis,
2516 5134 2657 5193 qua
2691 5132 2832 5175 cum
2866 5115 2928 5175 in
2970 5114 3265 5195 propriis,
3301 5121 3432 5175 tum
3469 5113 3532 5174 in

141 5197 424 5257 translatis
453 5198 655 5276 signis
701 5213 1026 5258 occurrere
1075 5200 1282 5276 potest
1316 5210 1328 5253 :
1365 5193 1615 5276 discutit
1647 5195 1863 5256 sedulo
1887 5194 2115 5273 quibus
2145 5213 2222 5255 ex
2268 5197 2544 5257 fontibus
2593 5197 2835 5257 oriatur
2865 5193 3088 5257 isthac
3125 5195 3533 5274 ambiguitas,

142 5293 313 5348 quave
345 5275 587 5340 ratione
622 5277 818 5357 possit
847 5276 1098 5337 auferri.
1123 5275 1291 5357 cHinc
1322 5275 1514 5335 tradit
1545 5277 1794 5355 regulas
1833 5275 2062 5357 quibus
2091 5277 2500 5355 dignoscatur
2529 5296 2607 5338 an
2661 5277 2897 5338 locutio
2929 5278 3199 5355 ﬁgurata
3232 5277 3352 5350 sit;
3386 5281 3448 5337 et
3485 5277 3536 5336 si

144 5357 364 5496 quiddam
395 5356 695 5439 figurata,
732 5377 858 5438 quo
889 5365 1074 5436 pacto
1100 5356 1325 5417 debeat
1355 5357 1680 5436 explicari.
1714 5361 1874 5420 Tum
1906 5356 2101 5438 ipsius
2126 5357 2415 5420 Tichonii
2461 5365 2702 5438 septem
2737 5357 3008 5436 Regulas
3038 5358 3402 5437 singulatim
3436 5377 3542 5420 ex-

151 5452 245 5496 Den
293 5459 307 5496 ι
343 5485 355 5496 .

151 5440 355 5512 pendit.

213 5520 508 5582 Hactenus
535 5521 612 5581 de
662 5517 1103 5598 investigando
1155 5517 1496 5596 Scriptura
1529 5536 1738 5580 sensu.
1769 5519 1912 5579 Jam
1971 5525 2182 5580 autem
2213 5519 2276 5579 in
2308 5526 2537 5599 quarto
2568 5519 2732 5582 libro
2780 5523 3012 5581 tractat
3042 5519 3118 5581 de
3151 5519 3545 5592 disserendo,

154 5594 332 5677 ibique
362 5609 576 5682 partes
607 5609 665 5664 et
695 5594 1260 5682 ofﬁcia'christiani
1290 5594 1556 5661 oratoris
1587 5601 2025 5681 persequitur;
2062 5601 2164 5662 cui
2212 5594 2533 5662 sacrarum
2568 5601 2945 5664 Litterarum
2996 5608 3286 5664 auctores
3317 5607 3379 5664 et
3409 5603 3553 5682 doc-

156 5672 291 5742 tores
334 5672 793 5746 ecclesiasticos
840 5680 1178 5744 imitandos
1225 5681 1548 5762 proponit,
1583 5672 1662 5744 ex
1709 5672 1929 5744 eorum
1980 5672 2228 5763 scriptis
2275 5701 2445 5744 sanae
2494 5683 2874 5764 eloquentia
2926 5684 3218 5766 exempla
3266 5683 3329 5744 in
3375 5672 3552 5744 vario
