4026 6432
482 412 555 470 15
1157 411 1259 469 DE
1307 406 1697 468 DOCTRINA
1741 404 2235 475 CHRISTIANA,
2281 404 2344 462 S.
2392 403 2815 464 AUGUSTINI
2860 403 3068 463 LIBRI
3116 402 3215 464 IV.
3804 406 3872 463 l6

483 543 731 605 dicendi
760 562 984 622 genere
1031 541 1387 620 subiiciens.
1414 545 1745 622 Postremo
1791 541 1996 622 ipsum
2027 538 2788 622 ecclesiasten__hortat_ur,
2819 542 2890 598 ut
2918 538 2982 597 in
3013 537 3230 616 primis
3271 536 3541 599 orationi
3587 539 3692 600 det
3718 558 3854 618 ope-

484 643 619 685 ram
653 642 667 696 ;
701 619 956 703 et'quod
990 619 1196 684 verbis
1227 624 1408 683 docet
1439 622 1615 703 alios,
1651 621 1715 680 id
1746 620 2008 703 omnino
2034 619 2251 703 vitaet
2282 619 2562 703 moribus
2591 619 2906 703 exhibeat.

567 707 696 765 Hoc
725 698 933 783 ipsum
963 723 1122 782 opus
1151 704 1299 764 olim
1345 702 1747 783 Angilbertus
1794 699 2070 759 Corbeiae
2116 699 2325 759 Abbas
2353 699 2417 758 in
2451 717 2631 783 usum
2663 698 2960 783 Ludovici
3010 701 3393 783 Francorum
3431 699 3630 777 Regis,
3658 699 3868 783 fratris

486 778 908 857 Caroloniani,
955 778 1220 844 describi
1267 778 1530 854 curavit,
1576 783 1668 840 uti
1723 784 2155 841 contestantur
2182 797 2397 840 versus
2451 778 2518 838 in
2567 779 2955 840 Corbeiensis
3000 778 3234 839 codicis
3262 779 3468 840 fronte
3511 780 3772 858 praeﬁxi,
3806 781 3868 840 in

487 864 712 942 quibus
743 865 808 924 bi
836 869 1066 944 praeter
1097 864 1254 924 alios
1281 863 1577 942 leguntur
1608 879 1624 920 :

1547 982 1684 1026 Hunc
1713 981 1881 1026 Abbas
1911 980 2105 1026 humilis
2123 980 2270 1037 jussit
2296 980 2532 1025 fabricare
2561 979 2773 1026 libellum

1597 1053 1902 1108 Angilbertus
1929 1053 2056 1096 enim
2085 1052 2193 1096 vilis
2221 1056 2266 1096 et
2294 1051 2496 1108 exiguus
2527 1068 2536 1095 :

1543 1124 1693 1177 Quem
1723 1124 1860 1168 daret
1890 1123 1969 1167 ille
2000 1123 2078 1180 pio
2102 1122 2290 1167 caelesti
2320 1123 2509 1166 numine
2537 1123 2656 1167 fulto

1596 1195 1830 1240 Hlodoico
1858 1194 1995 1249 Regi,
2025 1193 2104 1249 qui
2133 1197 2209 1238 est
2238 1194 2341 1250 pius
2372 1198 2513 1250 atque
2543 1193 2753 1238 humilis.

560 1295 713 1357 Vide
741 1296 848 1356 lib.
883 1299 920 1358 2
949 1295 1509 1371 Retractationum,
1542 1312 1681 1374 cap.
1714 1299 1775 1370 4,
1803 1293 1926 1354 col.
1961 1294 2245 1366 631-632,
2280 1312 2317 1352 a
2345 1292 2573 1366 verbis,
2610 1291 2821 1353 Libros
2850 1290 2922 1352 de
2948 1289 3244 1353 Doctrina
3275 1289 3644 1368 Christiana,
3680 1312 3873 1374 usque

481 1377 562 1438 ad
592 1376 804 1454 verba,
836 1376 1151 1452 Praecepta
1179 1374 1470 1457 quadam.
1560 1373 1618 1434 M

479 1503 3871 1548 ΜΨ-
3697 1538 3816 1546 ..__
3847 1539 3857 1546 _

1206 1632 1330 1734 ε.
1415 1629 2122 1734 Δυιειιι

2223 1628 3161 1731 Αυθυετιωι

1720 1809 2234 1872 HIPPONENSIS
2291 1808 2646 1872 EPISCOPI

742 1960 1076 2082 ’ΒΕ
1190 1955 2204 2086 DOCTBINA
2322 1953 3542 2084 CHRISTIANA

1625 2152 1931 2240 LIBBI
1990 2149 2560 2263 QUATUOR
2593 2141 2720 2230 (αλ.

1947 2401 2381 2462 PROLOGUS.

1419 2505 1694 2553 Doctrinam
1719 2506 1780 2550 de
1809 2505 2056 2562 Scriptura
2080 2503 2328 2548 tractanda
2360 2503 2484 2548 haud
2516 2505 2755 2561 superﬂuo
2785 2504 2926 2551 tradi.

541 2619 592 2676 1.
627 2616 779 2675 Sunt
804 2619 1091 2691 praecepta
1109 2614 1375 2686 quaedam
1397 2615 1837 2670 traetandarum
1871 2613 2124 2684 Scriptu-

473 2724 835 2779 rarum,qu;e
868 2705 1148 2763 studiosis
1179 2719 1378 2759 earum
1411 2703 1575 2758 video
1608 2719 1722 2758 non
1754 2701 2121 2757 incommode

476 2811 646 2868 posse
675 2794 866 2862 tradi;
904 2799 967 2849 ut
997 2809 1112 2847 non
1146 2790 1336 2847 solum
1370 2789 1614 2862 legendo
1645 2789 1790 2847 alios
1840 2789 1937 2860 qui
1971 2788 2121 2843 divi-

477 2900 686 2939 narum
738 2882 1084 2938 Litterarum
1117 2884 1312 2952 Operta
1357 2884 1729 2951 aperuerunt,
1765 2879 1864 2934 sed
1897 2882 1952 2932 et
1990 2876 2121 2933 aliis

475 2972 589 3044 ipsi
620 2972 932 3044 aperiendo
976 2970 1299 3042 proficiant.
1332 2972 1462 3022 Haec
1493 2969 1719 3023 tradere
1769 2965 1997 3022 institui
2025 2983 2117 3021 vo-

470 3059 729 3116 lentibus
759 3064 817 3115 et
848 3057 1178 3114 valentibus
1209 3057 1452 3122 discere,
1472 3056 1521 3110 si
1559 3058 1705 3112 Deus
1736 3072 1801 3110 ac
1832 3055 2118 3110 Dominus

471 3153 672 3205 noster
699 3165 767 3203 ea
797 3164 922 3219 (111$
954 3147 1024 3202 de
1057 3147 1164 3201 hac
1196 3162 1255 3200 re
1286 3145 1563 3216 cogitanti
1595 3143 1741 3200 solet
1783 3159 2116 3216 suggerere,

471 3237 645 3293 etiam
680 3234 957 3292 scribenti
989 3235 1133 3289 mihi
1165 3250 1281 3289 non
1313 3235 1574 3305 deneget.
1609 3233 1767 3297 Quod
1802 3238 2115 3302 antequam

472 3325 760 3390 exordiar,
791 3323 1024 3378 videtur
1054 3322 1196 3378 mihi
1231 3323 1703 3392 respondendum
1736 3337 1864 3376 esse
1898 3321 1986 3376 his
2018 3321 2118 3391 qui

473 3413 594 3469 haec
626 3411 1032 3484 reprehensuri
1064 3414 1223 3475 sunt,
1254 3414 1354 3465 aut
1384 3409 1789 3480 reprehensuri
1823 3414 2039 3475 essent,
2069 3409 2118 3464 si

473 3518 572 3558 eos
603 3518 718 3557 non
751 3503 884 3555 ante
916 3499 1303 3572 placaremus.
1351 3498 1511 3563 Quod
1547 3498 1594 3552 si
1629 3497 1896 3552 nonnulli
1944 3497 2117 3552 etiam

475 3594 609 3663 post
636 3590 752 3646 ista
798 3588 1296 3661 reprehenderint,
1330 3587 1535 3642 seltem
1586 3586 1730 3642 alios
1764 3603 1877 3642 non
1928 3603 2118 3642 move-

475 3679 756 3750 bunt,nec
787 3679 858 3733 ab
891 3677 1019 3733 utili
1047 3676 1240 3732 studio
1272 3677 1344 3732 ad
1378 3675 1682 3747 imperitiae
1714 3675 2010 3747 pigritiam
2030 3693 2119 3731 re-

481 3770 794 3838 vocabunt,
827 3783 975 3838 quos
1023 3783 1252 3821 movere
1281 3771 1541 3838 possent,
1576 3765 1688 3819 nisi
1739 3767 2120 3836 praemunitos

473 3863 948 3930 prteparatosque
977 3855 1322 3910 invenirent.

544 3947 598 4002 2.
631 3945 878 4010 Quidam
909 3944 1064 4000 enim
1091 3941 1502 4014 reprehensuri
1534 3945 1674 3998 sunt
1705 3942 1814 3998 hoc
1844 3960 1992 4015 opus
2015 3959 2119 3998 no-

475 4041 687 4105 strum,
720 4049 854 4089 cum
912 4049 980 4088 ea
1011 4049 1136 4104 qua
1171 4031 1511 4103 praecepturi
1545 4048 1752 4087 sumus
1803 4049 1915 4088 non
1948 4032 2120 4088 intel-

472 4123 1002 4188 lexerint.Quidam
1031 4137 1164 4176 vero
1195 4137 1328 4176 cum
1361 4120 1672 4176 intellectis
1699 4121 1783 4175 uti
1811 4120 2118 4188 voluerint,

475 4213 785 4284 conatique
845 4210 1061 4266 fuerint
1117 4210 1450 4280 Scripturas
1507 4210 1737 4264 divinas
1794 4211 2119 4265 secundum

473 4304 595 4359 hmo
654 4303 939 4374 praecepta
995 4302 1269 4367 tractare,
1305 4313 1494 4368 neque
1549 4297 1840 4353 valuerint
1897 4299 2122 4370 aperire

472 4398 649 4463 atque
680 4388 967 4462 explicare
1015 4387 1167 4458 quod
1221 4386 1484 4458 cupiunt,
1519 4387 1771 4442 inaniter
1816 4404 1908 4442 me
1959 4387 2121 4442 labo-

473 4497 636 4537 rasse
683 4477 1160 4544 arbitrabuntur;
1195 4479 1251 4531 et
1282 4475 1421 4546 quia
1451 4474 1561 4546 ipsi
1609 4492 1722 4531 non
1757 4476 2120 4546 adjuvabun-

2231 2616 2329 2667 tur
2359 2611 2468 2667 hoc
2517 2627 2710 2684 opere,
2743 2612 2972 2668 nullum
3025 2614 3285 2685 adjuvari
3317 2632 3486 2686 posse
3533 2618 3876 2678 censebunt.

2230 2699 2483 2756 Tertium
2537 2717 2719 2772 genus
2777 2706 2867 2758 est
2923 2703 3430 2776 reprehensorum,
3490 2706 3588 2778 qui
3648 2707 3878 2766 divinas

2231 2789 2562 2861 Scripturas
2591 2791 2678 2844 vel
2712 2807 2908 2846 revera
2954 2792 3097 2847 bene
3127 2797 3399 2856 tractant,
3429 2795 3514 2850 vel
3547 2797 3692 2851 bene
3720 2802 3876 2854 trac-

2230 2882 2350 2932 tare
2384 2877 2494 2933 sibi
2527 2877 2794 2933 videntur
2827 2897 2840 2934 :
2877 2879 2972 2950 qui
3006 2881 3282 2950 quoniam
3322 2881 3502 2936 nullis
3532 2883 3876 2954 hujusmodi

2228 2966 2730 3022 observationibus
2760 2966 2944 3037 lectis,
2997 2967 3198 3039 quales
3239 2987 3394 3025 nunc
3444 2973 3670 3028 tradere
3702 2972 3875 3029 insti-

2225 3055 2331 3123 tui,
2365 3055 2699 3110 facultatem
2757 3060 3224 3127 exponendorum
3283 3065 3616 3116 sanctorum
3671 3062 3875 3119 Libro-

2228 3161 2358 3198 rum
2409 3161 2471 3198 se
2521 3149 2819 3200 assecutos
2866 3144 2953 3199 vel
3007 3147 3221 3215 vident,
3256 3146 3341 3203 vel
3393 3155 3622 3219 putant,
3657 3153 3883 3208 nemini

2227 3249 2356 3287 esse
2402 3231 2518 3287 ista
2561 3240 2845 3304 prmoepta
2895 3235 3240 3301 necessaria,
3293 3238 3391 3292 sed
3445 3238 3635 3306 potius
3685 3245 3881 3296 totum

2231 3321 2385 3392 quod
2418 3321 2489 3375 de
2522 3321 2754 3376 illarum
2789 3322 3134 3377 Litterarum
3180 3323 3638 3382 obscuritatibus
3670 3327 3887 3384 lauda-

2229 3409 2426 3464 biliter
2475 3411 2755 3482 aperitur,
2791 3411 2982 3466 divino
3033 3430 3270 3469 munere
3303 3415 3424 3470 fieri
3473 3433 3644 3487 posse
3676 3417 3888 3473 clami-

2227 3499 2458 3554 tabunt.

2300 3588 2350 3642 3.
2386 3587 2609 3650 Quibus
2640 3588 2916 3644 omnibus
2943 3589 3194 3645 breviter
3223 3593 3607 3664 respondens,
3632 3594 3748 3650 illis
3781 3600 3896 3670 qui

2230 3675 2351 3731 haec
2372 3693 2497 3747 quas
2519 3677 2834 3733 scribimus
2863 3695 2976 3734 non
3007 3677 3477 3751 intelligunt,hoc
3500 3682 3656 3739 dico:
3679 3701 3772 3741 me
3800 3686 3893 3743 ita

2231 3782 2345 3820 non
2370 3781 2496 3821 esse
2521 3766 3062 3837 reprehendendum
3077 3767 3368 3837 ,quiahtec
3383 3787 3495 3825 non
3515 3771 3887 3846 intelligunt:

2226 3858 2503 3927 tanquam
2519 3853 2780 3911 silunam
2794 3859 3040 3911 veterem
3051 3855 3135 3912 vel
3152 3873 3373 3926 novam,
3388 3859 3553 3916 sidus
3565 3877 3631 3917 ve
3644 3861 3894 3935 aliquod

2230 3944 2471 3999 minime
2497 3943 2718 4000 clarum
2732 3943 3327 4016 vellentvidere,quod
3343 3964 3447 4020 ego
3462 3949 3682 4006 intento
3697 3952 3895 4024 digito

2229 4033 2732 4100 demonstrarem;
2765 4031 2883 4087 illis
2915 4038 3108 4089 autem
3147 4051 3249 4090 nec
3297 4038 3368 4092 ad
3398 4037 3592 4109 ipsum
3626 4040 3892 4113 digitum

2231 4137 2426 4176 meum
2441 4122 2759 4176 videndum
2781 4122 3080 4178 sufﬁciens
3095 4129 3247 4180 esset
3259 4127 3412 4182 acies
3425 4129 3894 4200 oculorum,non

2230 4216 2537 4281 propterea
2584 4209 2727 4263 mihi
2762 4225 3105 4267 succensere
3149 4213 3445 4269 deberent.
3478 4215 3563 4271 Illi
3613 4235 3750 4276 vero
3782 4224 3899 4293 qui

2229 4297 2403 4353 etiam
2419 4298 2548 4353 istis
2571 4298 2873 4370 praeceptis
2893 4301 3143 4372 cognitis
3160 4312 3328 4373 atque
3343 4306 3649 4376 perceptis,
3673 4323 3738 4362 ea
3759 4326 3903 4381 quae

2231 4387 2290 4441 in
2305 4385 3254 4459 divinisScripturisobscura-sunt
3267 4390 3476 4448 intueri
3493 4395 3901 4474 nequiverint,

2232 4475 2593 4531 arbitrentur
2624 4493 2688 4534 se
2713 4477 2964 4550 digitum
2987 4479 3221 4549 quidem
3255 4497 3449 4536 meum
3482 4483 3673 4540 videre
3693 4502 3906 4562 posse,

1734 4600 2015 4633 ADMONITIO
2043 4601 2118 4632 PP.
2150 4601 2604 4636 BRNEDICTINORUM.

524 4675 593 4719 De
624 4671 849 4716 Doctrina
876 4669 1148 4714 Christiana
1177 4667 1304 4712 Libri
1335 4672 1539 4723 quatuor
1588 4668 1818 4722 recogniti
1847 4674 1956 4712 sunt
1984 4667 2044 4712 de
2073 4680 2197 4712 novo
2228 4668 2288 4712 ad
2319 4669 2513 4714 codices
2561 4670 2914 4728 manuscriptos
2937 4671 3144 4728 triginta,
3174 4673 3356 4718 scilicet
3381 4674 3441 4718 ad
3475 4676 3734 4724 Vaticanos
3766 4687 3880 4730 tres

471 4736 531 4781 ad
560 4733 879 4781 Corbeienses
909 4733 1048 4777 duos,
1080 4743 1278 4786 quorum
1326 4719 1446 4774 alter
1474 4731 1667 4786 eptinne
1706 4719 1834 4774 notae
1875 4737 1921 4774 et
1963 4737 2069 4774 ante
2115 4742 2266 4775 annos
2312 4732 2500 4775 circiter
2544 4733 2673 4777 mille
2713 4719 2983 4790 descriptus
2999 4719 3246 4788 “videtur;
3275 4735 3335 4778 ad
3365 4749 3507 4781 unum
3525 4719 3563 4782 de
3592 4719 3906 4792 lB—ibli'otlz-e‘zg

470 4799 635 4854 Regia.
662 4809 805 4840 unum
833 4808 860 4838 θ
887 4795 1112 4838 Thuanea
1141 4798 1187 4836 et
1214 4806 1355 4836 unum
1385 4808 1412 4837 e
1442 4792 1755 4837 Germanensi
1785 4799 1963 4837 nostra.
1999 4794 2139 4837 Alios
2167 4794 2526 4850 suppeditarunt
2553 4796 2815 4850 Collegium
2847 4797 3164 4842 Navarricum
3195 4801 3241 4840 et
3269 4798 3596 4851 Sorbonicum,
3625 4803 3714 4849 PP.
3735 4805 3907 4853 Fran-

468 4861 650 4905 ciscani
678 4859 878 4913 majoris
907 4861 1167 4900 conventus
1196 4855 1494 4900 Parisiensis.
1529 4857 1611 4898 PP.
1657 4854 1948 4898 Uominicani
1978 4855 2054 4898 via
2089 4854 2313 4905 Jacobea,
2344 4857 2429 4898 PP.
2484 4857 2818 4913 Augustiniani
2864 4857 2926 4901 ad
2958 4860 3186 4914 Sequanis
3218 4858 3385 4914 ripam.
3419 4860 3471 4905 Ι).
3503 4863 3555 4905 de
3610 4864 3720 4908 Vz'on
3751 4869 3910 4916 διῖσ-

469 4923 639 4967 rouval.
669 4922 722 4965 D.
754 4919 900 4973 Bigol,
935 4917 1268 4962 Cisterciensis
1315 4917 1534 4969 Abbatia,
1567 4917 1674 4960 item
1708 4916 1913 4960 Abliatia
1964 4917 2299 4966 Floriacensis,
2347 4918 2728 4972 Vindocinensis,
2780 4919 3199 4972 Gemmeticensis,
3244 4921 3519 4976 Beccensis,
3553 4927 3885 4979 Pratellensia

471 4985 720 5041 Lyrensis,
747 4986 787 5023 S.
811 4970 1000 5025 —Arnulti
1030 4979 1274 5026 Metensis.
1307 4982 1350 5024 S.
1378 4979 1540 5022 Albini
1570 4979 1962 5033 Andegavensis,
1993 4983 2037 5020 S.
2060 4979 2278 5023 Audoeni
2311 4970 2778 5036 Rotomagensisns.
2809 4982 3046 5027 Martialis
3077 4970 3448 5032 Lemovicensis,
3480 4970 3525 5031 S'.
3558 4970 3910 5041 Μὶοῆᾲξιῖξῖιί

468 5046 688 5092 Periculo
714 5045 876 5095 maris,
909 5047 954 5088 S.
1000 5043 1198 5095 Remigii
1230 5042 1498 5093 Remensis,
1532 5041 1891 5104 <.Ar'l‘heoderici
1936 5054 2083 5098 prope
2114 5043 2296 5086 Remos
2324 5050 2369 5085 et
2418 5045 2602 5087 Casalis
2633 5045 2889 5088 Benedicti.
2920 5048 3174 5094 Praeterea,
3209 5045 3341 5090 libris
3368 5047 3536 5091 iisdem
3565 5055 3913 5104 emendandis

467 5110 694 5154 adhibitae
723 5112 832 5150 sunt
857 5106 1093 5148 variantes
1126 5104 1366 5153 lectiones,
1399 5115 1518 5158 quas
1548 5101 1660 5145 olim
1690 5115 1752 5145 ex
1784 5104 1992 5158 Belgicis
2021 5116 2108 5147 sex
2138 5105 2255 5165 Mss.
2291 5104 2588 5160 Collegerunt
2637 5107 2961 5150 Lovanienses
3001 5108 3231 5162 Theologi
3261 5123 3270 5150 :
3301 5109 3481 5152 collatis
3510 5113 3651 5156 etiam
3697 5101 3919 5165 fuerun‘t

466 5171 754 5226 antiquiores
783 5173 828 5212 et
854 5168 1062 5231 potiores
1092 5166 1338 5231 editiones.
1372 5165 1486 5231 Ball:
1520 5164 1562 5205 id
1595 5171 1669 5231 est
1704 5177 1812 5231 quin
1841 5165 2002 5231 ,Ietloci
2053 5164 2187 5231 Βιλᾴἱί
2221 5168 2441 5231 Assensii
2472 5168 2630 5211 studio
2679 5169 2935 5224 recognita,
2967 5175 3105 5224 atque
3133 5170 3330 5214 Joannis
3379 5173 3513 5227 parvi
3543 5177 3670 5231 typis
3701 5164 3918 5228 excus‘

466 5239 543 5279 est
573 5219 784 5282 Parisiis,
811 5219 884 5274 an.
924 5230 1056 5281 1502;
1092 5230 1200 5273 Am.
1234 5241 1339 5283 qua:
1372 5239 1430 5271 ex
1459 5228 1656 5270 Joannis
1690 5227 1854 5290 timeri
1875 5228 2001 5270 achii
2028 5228 2216 5272 ollicina
2248 5230 2419 5284 prodiit
2451 5232 2678 5281 Basilete,
2710 5219 2925 5275 an.‘1506
2953 5246 2964 5284 ;
2993 5219 3218 5287 Einquam
3249 5219 3434 5278 Semo.“
3462 5219 3886 5290 Βεεῖάέῐζίυζὲζ

467 5307 606 5339 smus
626 5306 654 5337 a
681 5306 734 5337 se
763 5280 1048 5336 recensitam
1079 5299 1124 5333 et
1153 5280 1455 5333 emendatam
1485 5291 1670 5353 curavit
1696 5288 1992 5353 Frobeniano
2025 5290 2156 5346 prelo
2185 5280 2356 5334 excudi
2407 5291 2626 5338 Basileac.
2657 5305 2732 5337 an.
2769 5296 2868 5337 1528
2892 5310 2899 5342 ;
2933 5280 2980 5337 et
3011 5280 3126 5338 Lov.
3154 5294 3202 5336 id
3233 5301 3321 5346 est,
3346 5309 3486 5351 quam
3519 5280 3926 5353 Lovanie—ngiuz;

467 5357 825 5411 Theologorum
850 5367 1004 5409 opera
1032 5353 1390 5406 castigatiorem
1417 5352 1609 5394 cmteris
1646 5351 1876 5395 hactenus
1908 5352 2218 5404 habebamus,
2248 5365 2310 5397 ex
2344 5353 2635 5399 Plantiniana
2659 5355 2978 5413 typographia
3008 5356 3269 5411 profectam
3301 5369 3376 5403 an.
3410 5359 3527 5405 1576.

557 5454 1043 5546 Coynpgl°auz'pzus
1087 5459 1369 5546 praeterea
1397 5467 1490 5546 eas
1539 5448 2035 5546 omnesrdilz'ones
2079 5450 2249 5546 initio
2282 5453 2450 5545 lie-tr.
2485 5457 2546 5513 et
2595 5456 2898 5528 Confess.,
2936 5462 2975 5513 t.
3014 5455 3068 5526 1,
3122 5466 3494 5528 memoratas,
3528 5469 3586 5518 et
3634 5463 3914 5546 insuper

473 5537 619 5630 ἐπ’
657 5529 934 5630 1:536;
970 5543 1054 5630 (is:
1087 5529 1342 5624 alterum
1379 5529 1866 5630 ιιῖρραηιξιξζιεξιμῃ,
1916 5532 2112 5630 datam
2165 5530 2643 5630 Parc'sf'isu_anno
2682 5538 2865 5630 i586,
2920 5553 3142 5596 necnon
3191 5534 3512 5612 Helm.,'id
3551 5549 3659 5616 est,
3690 5529 3902 5626 qu‘am

479 5617 765 5698 Georgius
795 5613 1073 5678 Calixtus
1090 5612 1256 5692 juris
1280 5609 1517 5690 publici
1536 5609 1681 5688 fecit
1709 5610 2118 5688 Helmestadiz',
2151 5631 2307 5674 anno
2338 5615 2515 5675 1655.
2682 5614 2765 5677 Μ.

522 5745 586 5802 (α)
615 5742 826 5788 lnchoati
855 5741 1046 5786 circiter
1067 5736 1246 5783 Christi
1275 5748 1446 5781 annum
1474 5737 1553 5783 397
1581 5737 1786 5784 absoluti
1815 5736 1905 5782 sub
1933 5748 2006 5782 an.
2037 5738 2132 5787 426.
