4026 6358
135 294 206 350 il
1553 282 1788 339 LIBER
1833 281 2152 342 PllIMUS.

134 425 190 478 in
223 421 485 493 patriam
510 419 699 476 redire
719 417 1019 486 vellemus,
1044 431 1193 486 opus
1214 416 1370 470 esset
1398 410 1484 467 vel
1511 409 1801 466 terrestri-

138 515 244 567 bus
264 511 349 566 vel
374 507 918 565 marinisvehiculis
937 505 1149 578 quibus
1173 504 1456 559 utendum
1481 505 1635 556 esset
1654 501 1800 555 utad

142 602 415 673 patriam,
441 617 559 670 qua
585 598 890 653 lruendum
918 601 1040 650 erat
1068 612 1080 661 ;
1105 592 1404 665 pervenire
1433 590 1796 654 valeremus;

141 691 293 763 quod
319 689 369 743 si
392 689 765 744 amoenitates
786 685 1035 748 itineris,
1059 689 1114 737 et
1136 683 1263 747 ipsa
1287 680 1533 752 gestatio
1559 679 1797 732 vehicu-

141 782 332 836 lorum
377 795 486 833 nos
519 779 854 840 delectaret,
881 780 934 829 et
959 772 1221 828 conversi
1254 771 1322 825 ad
1359 769 1667 823 fruendum
1703 767 1796 822 his

143 870 354 942 quibus
387 867 469 922 uti
504 866 839 933 debuimus,
874 863 1163 918 nollemus
1195 861 1308 915 cito
1339 859 1494 914 viam
1526 857 1712 921 linire,
1739 859 1795 911 et

139 975 411 1032 perversa
441 956 731 1013 suavitate
762 953 1045 1026 implicati
1089 950 1482 1006 alienaremur
1516 964 1547 1001 a
1579 946 1790 1017 patria,

136 1051 305 1118 cujus
336 1047 599 1102 suavitas
630 1046 841 1100 faceret
865 1045 1064 1098 beatos
1091 1057 1102 1095 :
1133 1039 1216 1094 sic
1243 1038 1299 1092 in
1325 1038 1503 1108 hujus
1523 1035 1788 1091 mortali-

137 1139 270 1194 tatis
305 1139 421 1192 vita
450 1134 892 1208 peregrinantes
932 1150 965 1186 a
994 1130 1242 1185 Domino
1272 1129 1343 1198 (ll
1379 1129 1507 1182 Cor.
1541 1145 1592 1191 v,
1626 1127 1702 1194 6),
1738 1122 1787 1179 si

126 1230 312 1284 redire
341 1228 398 1281 in
425 1226 680 1298 patriam
703 1224 998 1290 volumus,
1027 1220 1122 1275 ubi
1146 1220 1293 1273 beat)
1320 1234 1447 1272 esse
1465 1215 1782 1288 possimus,

126 1319 408 1373 utendum
436 1321 527 1370 est
549 1315 657 1368 hoc
677 1313 1036 1376 mundo,non
1061 1309 1371 1363 fruendum
1399 1323 1411 1360 :
1435 1311 1498 1359 ut
1517 1304 1781 1358 invisibi-

122 1407 199 1460 lia
231 1405 351 1469 Dei,
377 1420 479 1475 per
500 1419 569 1457 ea
589 1419 713 1473 qua:
740 1402 888 1455 facta
913 1403 1073 1462 sunt,
1103 1395 1398 1450 intellecta
1420 1392 1783 1463 conspician-

123 1496 415 1565 tur(Rom.
442 1509 480 1558 ι,
511 1493 625 1559 20),
651 1491 757 1545 hoc
788 1493 894 1556 est,
917 1493 981 1542 ut
1013 1487 1082 1541 de
1114 1483 1519 1555 corporalibus
1547 1486 1774 1553 tempo-

125 1584 468 1654 ralibusque
498 1583 671 1638 rebus
704 1585 920 1634 aeterna
940 1583 997 1633 et
1029 1573 1363 1647 spiritualia
1388 1572 1706 1644 capiamus.

199 1725 426 1783 CAPUT
455 1724 521 1778 V.
555 1755 623 1765 -—
655 1724 792 1779 Deus
838 1722 1102 1789 Trinitas,
1130 1734 1221 1774 res
1250 1734 1356 1789 qua
1384 1715 1704 1788 fruendum.

195 1855 248 1908 5.
274 1853 382 1907 Res
405 1851 585 1923 igitur
612 1848 827 1921 quibus
853 1847 1166 1902 fruendum
1192 1847 1302 1910 est,
1324 1843 1495 1898 Pater
1517 1845 1573 1896 et
1596 1839 1777 1895 Filius

121 1942 445 2014 etSpiritus
468 1937 1059 2008 sanctus,eademque
1081 1932 1485 1999 'l‘rinitas,una
1507 1931 1777 2002 quaedam

122 2048 359 2086 summa
377 2026 946 2096 res,communisque
964 2023 1238 2079 omnibus
1261 2021 1589 2077 fruentibus
1607 2036 1701 2086 ea;
1727 2018 1777 2075 si

120 2126 317 2176 tamen
348 2137 439 2175 res
461 2124 516 2174 et
540 2135 653 2172 non
682 2132 873 2172 rerum
900 2113 1164 2170 omnium
1197 2129 1374 2168 causa
1397 2110 1492 2179 sit,
1512 2111 1559 2167 si
1580 2113 1777 2166 tamen

122 2217 177 2266 et
199 2226 399 2265 causa.
428 2209 551 2265 Non
577 2206 731 2262 enim
773 2204 938 2260 facile
964 2219 1174 2258 nomen
1202 2203 1358 2272 quod
1389 2203 1565 2255 tantes
1590 2199 1778 2255 excel-

123 2299 315 2354 lentia:
338 2297 641 2352 conveniat
660 2299 851 2366 potest
875 2290 1262 2358 inveniri,nisi
1289 2291 1442 2361 quod
1465 2289 1677 2344 melius
1699 2288 1781 2342 ita

127 2389 342 2444 dicitur
368 2385 620 2442 Trinitas
640 2385 780 2450 haec,
811 2401 961 2438 unus
1005 2387 1154 2437 Deus
1186 2397 1254 2435 ex
1292 2397 1406 2451 quo
1428 2380 1646 2448 omnia,
1680 2393 1783 2450 per

129 2495 306 2550 quem
339 2476 556 2542 omnia,
586 2475 643 2529 in
671 2491 780 2544 quo
806 2472 1003 2528 omnia
1030 2471 1419 2540 (Iiom.x1,36).
1438 2471 1519 2523 Ita
1541 2473 1708 2523 Pater
1725 2471 1782 2522 et

136 2567 311 2622 Filius
333 2564 657 2637 etSpiritus
675 2559 1281 2632 sanctus,etsingulus
1300 2559 1551 2630 quisque
1571 2559 1779 2613 horum

134 2654 562 2726 Deus,etsimul
577 2670 782 2709 omnes
801 2669 954 2706 unus
969 2652 1121 2705 Deus
1141 2647 1510 2720 ;etsingulus
1531 2648 1784 2719 quisque

131 2747 340 2802 borum
359 2745 527 2816 plena
541 2743 953 2805 substantia,et
969 2739 1148 2796 simul
1167 2755 1373 2794 omnes
1388 2737 1787 2793 unasubstan-

132 2838 231 2892 tia.
265 2837 428 2892 Pater
451 2851 554 2890 nec
581 2834 760 2888 Filius
783 2837 872 2887 est
895 2847 998 2885 nec
1032 2829 1288 2900 Spiritus
1311 2831 1574 2892 sanctus,
1601 2825 1784 2880 Filius

137 2943 240 2981 nec
275 2925 443 2980 Pater
464 2929 550 2978 est
574 2939 678 2977 nec
697 2921 949 2993 Spiritus
973 2923 1234 2987 sanctus,
1258 2917 1514 2988 Spiritus
1546 2919 1784 2971 sanctus

125 3033 230 3072 nec
268 3020 436 3069 Pater
465 3018 680 3068 estnec
704 3011 911 3077 Filius;
954 3010 1055 3064 sed
1085 3011 1249 3063 Pater
1270 3011 1500 3062 tantum
1523 3007 1707 3071 Pater,
1731 3008 1790 3059 et

131 3105 311 3160 Filius
335 3108 560 3159 tantum
581 3101 844 3166 Filius,et
867 3099 1122 3171 Spiritus
1144 3100 1384 3152 sanctus
1407 3101 1637 3150 tantum
1660 3093 1785 3164 Spi-

132 3195 281 3251 ritus
301 3191 786 3248 sanctus.Eadem
810 3189 998 3242 tribus
1013 3185 1539 3254 reternitas,eadem
1564 3184 1785 3239 incom-

137 3282 734 3349 mutabilitas,eadem
771 3277 1280 3348 majestas,eadem
1315 3273 1662 3347 potestas.ln
1680 3273 1789 3328 Pa-

135 3381 222 3429 tre
255 3376 476 3437 unitas,
508 3371 567 3424 in
603 3368 744 3425 Filio
775 3366 1163 3439 aaqualitasdn
1185 3364 1406 3436 Spiritu
1433 3366 1634 3419 sancto
1658 3361 1789 3417 uni-

137 3464 280 3519 tatis
313 3459 780 3531 cequalitatisque
805 3455 1115 3511 concordia
1147 3472 1159 3508 :
1197 3458 1254 3509 et
1292 3454 1405 3508 tria
1454 3452 1573 3506 haec
1605 3467 1790 3506 unum

145 3551 348 3606 omnia
381 3554 614 3620 propter
646 3547 896 3612 Patrem,
931 3544 1172 3616 aequalis
1202 3543 1402 3599 omnia
1432 3547 1669 3614 propter
1701 3541 1791 3595 Fi-

141 3640 311 3705 lium,
345 3655 602 3694 connexa
633 3637 830 3702 omnia
861 3639 1097 3706 propter
1121 3632 1401 3705 Spiritum
1434 3636 1726 3686 sanctum.

312 3782 545 3838 CAPUT
577 3782 669 3836 VI.
705 3812 770 3822 —
803 3785 946 3836 Deus
973 3776 1306 3849 ineﬁabilis,
1339 3775 1626 3849 quomodo.

209 3911 263 3963 6.
292 3907 626 3962 Diximusne
648 3905 870 3976 aliquid
893 3909 949 3960 et
973 3903 1282 3959 sonuimus
1309 3901 1528 3974 aliquid
1552 3901 1795 3972 dignum

147 4001 258 4055 Deo
279 3998 306 4052 ?
337 3999 458 4053 lmo
490 4012 620 4050 vero
645 3994 791 4049 nihil
818 4009 910 4048 me
933 3991 1091 4048 aliud
1124 4008 1303 4063 quam
1337 3990 1525 4045 dicere
1543 3989 1798 4045 voluisse

144 4087 362 4144 sentio:
385 4086 434 4140 si
456 4090 650 4139 autem
675 4082 816 4152 dixi,
843 4098 958 4137 non
990 4081 1100 4136 hoc
1122 4084 1210 4135 est
1232 4079 1386 4152 quod
1411 4079 1601 4134 dicere
1620 4077 1796 4134 volui.

147 4179 261 4233 Hoc
295 4176 448 4231 unde
480 4175 620 4240 scio,
654 4172 768 4228 nisi
799 4172 939 4244 quia
967 4175 1116 4227 Deus
1146 4168 1463 4225 inelfabilis
1492 4172 1608 4236 est;
1643 4167 1798 4239 quod

145 4271 341 4321 autem
360 4282 392 4320 a
411 4280 499 4319 me
519 4263 741 4318 dictum
765 4261 930 4325 est,si
951 4258 1659 4328 inelfabileesset,dictum
1683 4273 1798 4311 non

147 4355 345 4412 esset?
363 4357 443 4410 Ac
466 4371 566 4425 per
587 4352 695 4407 hoc
716 4368 786 4406 ne
807 4349 1120 4406 inelfabilis
1143 4347 1379 4419 quidem
1407 4347 1690 4402 dicendus
1712 4348 1803 4401 est

151 4447 331 4513 Deus,
357 4444 498 4515 quia
521 4447 574 4497 et
607 4441 716 4496 hoc
749 4455 879 4495 cum
913 4439 1147 4506 dicitur,
1173 4437 1392 4508 aliquid
1419 4435 1803 4491 diciturzEtfit

151 4535 347 4589 nescio
382 4550 510 4604 quae
545 4547 739 4602 pugna
768 4529 1098 4598 verborum,
1134 4525 1413 4598 quoniam
1455 4525 1504 4581 si
1542 4525 1688 4580 illud
1714 4528 1802 4580 est

148 4624 470 4689 ineffabile,
516 4622 667 4692 quod
706 4619 819 4674 dici
852 4635 965 4673 non
999 4622 1211 4690 potest,
1236 4633 1350 4672 non
1389 4621 1478 4670 est
1512 4614 1804 4671 ineffabile

147 4715 302 4785 quod
324 4713 407 4767 vel
437 4709 726 4766 ineffabile
750 4709 862 4763 dici
888 4712 1098 4780 potest.
1120 4709 1254 4772 Quae
1281 4723 1477 4778 pugna
1494 4706 1802 4759 verborum

150 4804 387 4860 silentio
416 4801 670 4856 cavenda
707 4800 899 4871 potius
931 4814 1108 4869 quam
1141 4812 1277 4852 voce
1310 4795 1574 4868 pacanda
1605 4799 1713 4850 est.
1737 4793 1807 4849 Et

155 4903 350 4949 tamen
382 4889 710 4954 Deusfcum
734 4887 920 4943 deillo
952 4885 1097 4942 nihil
1131 4886 1305 4958 digne
1336 4885 1449 4940 dici
1474 4885 1680 4956 possit,
1703 4884 1805 4939 ad-

161 4983 320 5039 misit
367 4983 642 5037 bumanaa
675 4977 829 5033 vocis
878 4975 1249 5048 obsequium,
1280 4979 1336 5032 et
1365 4974 1559 5031 verbis
1589 4973 1807 5030 nostris

155 5074 210 5129 in
243 5073 421 5128 laude
454 5087 563 5125 sua
607 5068 861 5140 gaudere
893 5083 998 5122 nos
1044 5065 1250 5121 voluit.
1288 5066 1434 5122 Nam
1466 5065 1602 5120 inde
1632 5069 1722 5121 est
1753 5066 1810 5119 et

156 5164 303 5234 quod
339 5161 556 5216 dicitur
595 5159 769 5213 Deus.
796 5161 920 5211 Non
949 5155 1104 5210 enim
1138 5170 1336 5211 revera
1365 5154 1423 5208 in
1456 5154 1706 5225 strepitu
1729 5153 1810 5208 is-

157 5260 345 5308 tarum
373 5252 627 5304 duarum
655 5245 1009 5319 syllabarum
1029 5245 1151 5316 ipse
1174 5244 1576 5316 cognoscitur;
1599 5244 1700 5298 sed
1726 5249 1810 5298 ta-

160 5359 280 5398 men
305 5355 513 5397 omnes
540 5337 728 5392 latinae
755 5333 963 5405 lingua:
999 5334 1150 5388 scios
1186 5337 1226 5397 ί,
1255 5349 1388 5387 cum
1415 5351 1585 5387 aures
1609 5347 1811 5386 eorum

160 5449 333 5486 sonus
367 5431 478 5485 iste
505 5424 784 5498 tetigerit,
813 5428 1000 5478 movet
1031 5423 1101 5477 ad
1138 5421 1508 5493 cogitandam
1540 5421 1816 5477 excellen-

161 5522 446 5577 tissimam
479 5517 802 5590 quamdam
836 5511 1346 5584 immortalemque
1377 5518 1670 5568 naturam.

228 5713 243 5745 ί
279 5707 437 5772 Apud
467 5707 583 5763 Am,
613 5705 699 5755 Er.
737 5711 790 5750 et
818 5701 938 5750 Mss.
973 5698 1372 5764 septemdecim,
1402 5701 1579 5748 socios.

3487 289 3567 347 22

1915 410 2144 467 CAPUT
2173 411 2294 469 Vll.
2329 443 2398 455 -
2424 417 2609 469 Deum
2636 430 2820 489 omne:
2851 414 3174 484 intelligunt
3207 417 3268 472 in
3287 431 3391 489 quo
3423 417 3570 476 nihil

2624 487 2842 542 melius.

1981 591 2036 644 7.
2070 591 2213 646 Nam
2248 609 2382 648 cum
2415 593 2511 648 ille
2540 611 2695 650 unus
2718 595 3013 667 cogitatur
3042 596 3282 651 deorum
3309 596 3562 664 Deus,eb

1909 679 2002 734 his
2024 681 2198 736 etiam
2224 683 2323 753 qui
2348 683 2493 738 alios
2514 689 2570 738 et
2591 685 2972 756 suspicantur
2987 690 3044 740 et
3065 690 3338 740 vocantet
3361 686 3560 744 colunt

1908 770 2046 825 deos
2080 771 2199 826 sive
2223 772 2280 825 in
2306 773 2448 827 coelo
2481 773 2599 828 sive
2628 773 2686 828 in
2718 780 2892 842 terra,
2919 775 3002 830 ita
3031 775 3339 846 cogitatur,
3367 779 3431 830 ut
3452 776 3557 831 ali-

1905 857 2044 928 quid
2070 876 2185 929 quo
2208 860 2352 914 nihil
2379 861 2591 917 melius
2613 863 2691 917 sit
2725 868 2899 934 atque
2922 863 3238 919 sublimius
3272 863 3373 919 illa
3394 865 3557 936 cogi-

1904 947 2046 1002 tatio
2089 954 2333 1004 conetur
2356 951 2662 1021 attingere.
2686 951 2835 1006 Sane
2861 952 3138 1023 quoniam
3163 953 3405 1008 diversis
3429 970 3552 1009 mo-

1900 1040 2108 1090 ventur
2148 1037 2338 1105 bonis,
2385 1038 2596 1109 partim
2629 1040 2714 1094 eis
2755 1058 2881 1111 qua;
2906 1041 2977 1095 ad
3002 1041 3262 1112 corporis
3284 1059 3547 1114 sensum,

1899 1123 2111 1191 partim
2136 1124 2220 1178 eis
2245 1141 2371 1194 quas
2395 1126 2465 1179 ad
2506 1127 2687 1180 animi
2726 1126 3172 1198 intelligentiam
3197 1129 3492 1199 pertinent
3532 1148 3546 1198 ;

1897 1210 1982 1265 illi
2014 1215 2115 1283 qui
2146 1214 2325 1267 dediti
2350 1219 2489 1268 sunt
2511 1216 2770 1287 corporis
2794 1217 3196 1287 sensibus,aut
3218 1218 3412 1289 ipsum
3436 1235 3546 1274 cce-

1895 1299 2149 1366 lum,aut
2166 1303 2319 1372 quod
2341 1303 2399 1357 in
2423 1304 2565 1359 ccelo
2591 1305 3092 1375 fulgentissimum
3114 1308 3441 1377 vident,aut
3464 1308 3547 1379 ip-

1896 1405 2028 1444 sum
2055 1393 2556 1460 mundum,Deum
2581 1395 2824 1449 deorum
2849 1410 2976 1450 esse
2997 1395 3358 1451 arbitrantur
3379 1413 3394 1454 :
3419 1401 3543 1463 aut,

1893 1479 1941 1535 si
1966 1485 2127 1534 extra
2151 1481 2438 1536 mundum
2479 1482 2561 1537 ire
2600 1485 2981 1550 contendunt,
3015 1484 3240 1554 aliquid
3281 1485 3542 1543 lucidum

1891 1567 2312 1640 imaginantur,
2344 1569 2521 1641 idque
2551 1570 2637 1627 vel
2660 1572 2980 1641 inﬁnitum,
3004 1573 3093 1628 vel
3116 1590 3182 1628 ea
3206 1574 3390 1630 forma
3414 1593 3542 1646 qua)

1891 1658 2544 1730 optimavidetur,inani
2561 1662 2896 1733 suspicione
2918 1661 3422 1727 ccnstituunt,aut
3439 1663 3518 1718 hu

1891 1747 2051 1803 mani
2072 1749 2332 1820 corporis
2350 1751 2600 1822 figuram
2623 1751 2901 1823 cogitant,
2916 1751 2965 1806 si
2985 1768 3115 1808 eam
3142 1756 3158 1788 ί
3182 1753 3406 1808 caeteris
3430 1771 3539 1809 an-

1888 1838 2363 1909 teponunt.Quod
2387 1839 2437 1894 si
2470 1856 2652 1895 unum
2670 1841 2853 1897 Deum
2876 1842 3120 1897 deorum
3141 1859 3268 1898 esse
3290 1859 3405 1898 non
3428 1859 3537 1914 pu-

1888 1932 2035 1996 tant,
2066 1931 2124 1983 et
2155 1928 2350 1999 potius
2381 1928 2599 1985 multos
2631 1935 2734 1986 aut
2774 1931 3237 1988 innumerabiles
3288 1933 3536 2004 aequalis

1889 2016 2110 2072 ordinis
2133 2017 2272 2072 deos
2296 2035 2309 2085 ;
2344 2017 2520 2074 etiam
2543 2034 2641 2075 eos
2664 2025 2856 2076 tamen
2885 2025 3060 2092 prout
3082 2020 3290 2092 cuique
3323 2021 3539 2092 aliquid

1890 2109 2147 2180 corporis
2193 2109 2423 2164 videtur
2470 2110 2771 2181 excellere,
2802 2111 2884 2166 ita
2915 2112 3197 2183 ﬁguratos
3228 2112 3426 2168 animo
3459 2117 3542 2169 te-

1892 2206 2050 2256 nent.
2077 2201 2182 2256 Illa
2213 2206 2407 2258 autem
2440 2203 2540 2274 qui
2574 2221 2675 2276 per
2699 2203 3152 2276 intelligentiam
3185 2210 3439 2276 pergunt
3468 2206 3545 2260 vi-

1893 2292 2028 2347 dere
2051 2292 2206 2362 quod
2239 2292 2395 2348 Deus
2425 2296 2533 2360 est,
2567 2294 2843 2349 omnibus
2875 2310 3009 2349 eum
3043 2293 3271 2348 naturis
3302 2294 3548 2350 visibili-

1892 2384 2005 2438 bus
2022 2388 2077 2438 et
2095 2382 2997 2456 corporalibus,intelligibilibus
3010 2384 3187 2439 etiam
3201 2387 3257 2439 et
3274 2385 3550 2455 spiritua-

1894 2471 2356 2536 libus,omnibus
2371 2472 2758 2528 mutabilibus
2779 2475 3337 2544 prazteruntﬂmnes
3354 2477 3551 2528 tamen

1895 2561 2159 2617 certatim
2177 2579 2279 2633 pro
2301 2561 2642 2617 excellentia
2667 2561 2764 2617 Dei
2782 2562 3067 2618 dimicant
3086 2583 3099 2632 ς
3117 2577 3222 2618 nec
3244 2562 3554 2634 quisquam

1896 2651 2143 2706 inveniri
2166 2655 2358 2722 potest
2377 2652 2477 2723 qui
2499 2651 2606 2706 hoc
2625 2653 2804 2706 Deum
2827 2652 3167 2709 credatesse
3191 2668 3306 2723 quo
3334 2651 3549 2707 melius

1899 2740 2121 2811 aliquid
2146 2745 2253 2795 est.
2283 2741 2482 2811 Itaque
2505 2740 2612 2796 hoc
2635 2757 2831 2796 omnes
2853 2745 3034 2797 Deum
3057 2741 3437 2799 consentiunt
3457 2757 3547 2797 es-

1897 2847 1980 2898 se,
2016 2831 2172 2902 qnod
2205 2830 2430 2885 caeteris
2463 2831 2638 2886 rebus
2670 2831 2948 2886 omnibus
2980 2835 3364 2904 anteponunt.

1897 2936 2134 2993 CAPUT
2167 2937 2317 2991 VIII.
2353 2968 2419 2977 —
2463 2938 2605 2992 Deus
2631 2954 2756 2992 cum
2783 2940 2856 2992 sit
2886 2940 3160 3009 sapientia
3192 2941 3554 2993 incommuta-
3607 2963 3618 2971 ο

2174 3009 2324 3074 bilis,
2356 3011 2521 3064 rebus
2551 3010 2808 3064 omnibus
2840 3011 3266 3082 anteponendas.

1969 3099 2022 3152 8.
2056 3099 2126 3153 Et
2157 3099 2434 3170 quoniam
2467 3115 2667 3154 omnes
2700 3099 2800 3170 qui
2832 3099 2902 3154 de
2924 3099 3038 3154 Deo
3069 3097 3550 3171 cogitant,vivum

1900 3187 2122 3259 aliquid
2146 3187 2512 3259 cogitant,illi
2537 3187 2645 3243 soli
2679 3192 2927 3259 possunt
2956 3205 3069 3244 non
3102 3188 3362 3244 absurda
3390 3191 3448 3243 et
3470 3187 3554 3242 in-

1901 3278 2080 3349 digna
2095 3277 2428 3333 existimare
2447 3279 2516 3332 de
2530 3278 2773 3349 Deo,qui
2797 3278 2976 3333 vitam
2994 3278 3184 3351 ipsam
3204 3277 3481 3350 cogitant,
3497 3281 3556 3333 et

1904 3383 2286 3440 quaecumque
2308 3369 2426 3423 illis
2452 3369 2638 3424 forma
2660 3368 2981 3424 occurrerit
3002 3367 3416 3441 corporis,eam
3441 3368 3559 3424 vita

1902 3458 2091 3512 vivere
2120 3457 2209 3512 vel
2242 3475 2358 3512 non
2389 3457 2578 3513 vivere
2611 3463 2905 3529 statuunt,
2935 3462 2991 3514 et
3015 3457 3304 3513 viventem
3336 3475 3451 3514 non
3474 3457 3556 3512 vi-

1904 3547 2058 3604 venti
2083 3551 2449 3620 anteponunt
2473 3565 2486 3614 ;
2510 3564 2757 3620 eamque
2778 3550 2966 3620 ipsam
2987 3547 3276 3603 viventem
3299 3546 3559 3618 corporis

1906 3636 3560 3710 formam,quantalibetlucepraefulgeat,quantalibetma-

1905 3725 3440 3798 gnitudinepraeemineat,quantalibetpulchritudine
3472 3742 3563 3782 or-

1908 3819 2104 3882 netur,
2129 3815 2288 3870 aliud
2313 3833 2440 3872 esse
2484 3816 2696 3888 ipsam,
2734 3815 2892 3871 aliud
2916 3816 3092 3871 vitam
3116 3833 3232 3888 qua
3251 3821 3558 3887 vegetatur

1908 3904 2266 3977 intelligunt,
2301 3922 2547 3978 eamque
2577 3905 2660 3960 illi
2693 3905 2830 3961 moli
2863 3922 2988 3976 qum
3020 3905 3091 3960 ab
3121 3905 3221 3960 illa
3260 3909 3563 3978 vegetatur

1909 3998 1965 4050 et
2013 3996 2332 4062 animatur,
2385 3995 2670 4068 dignitate
2719 3994 3167 4067 incomparabili
3221 3995 3555 4066 praeferunt.

1910 4087 2136 4146 Deinde
2167 4087 2355 4157 ipsam
2387 4084 2564 4140 vitam
2617 4089 2871 4157 pergunt
2918 4084 3227 4156 inspicere,
3262 4089 3319 4139 et
3350 4084 3399 4140 si
3430 4100 3560 4138 eam

1911 4179 2038 4234 sine
2070 4192 2246 4232 sensu
2277 4178 2644 4246 vegetantem
2673 4173 3020 4242 invenerint,
3054 4174 3246 4245 qualis
3274 4178 3362 4229 est
3394 4173 3561 4229 arbo-

1912 4283 2064 4338 rum,
2097 4269 2444 4337 praeponunt
2491 4263 2575 4319 eis
2616 4264 2987 4330 sentientem,
3031 4263 3224 4335 qualis
3272 4267 3360 4318 est
3395 4277 3564 4334 peco-

1913 4374 2082 4424 rum;
2111 4359 2166 4410 et
2188 4354 2326 4410 huic
2349 4371 2555 4409 rursus
2579 4352 3022 4425 intelligentem.
3051 4351 3242 4424 qualis
3264 4356 3354 4408 est
3375 4351 3567 4407 homi-

1914 4463 2075 4502 num.
2109 4446 2292 4510 Quam
2325 4460 2458 4499 cum
2485 4443 2676 4498 adhuc
2710 4441 3056 4496 mutabilem
3093 4441 3362 4503 viderint,
3387 4441 3566 4496 etiam

1914 4537 2051 4591 huic
2083 4533 2342 4606 aliquam
2373 4531 2919 4588 incommutabilem
2953 4536 3245 4603 coguntur
3269 4545 3567 4601 praepone-

1915 4643 1994 4694 re,
2030 4624 2190 4679 illam
2223 4624 2443 4679 scilicet
2471 4623 2648 4678 vitam
2682 4639 2812 4694 qua:
2843 4638 2957 4676 non
2981 4621 3296 4692 aliquando
3330 4620 3564 4691 desipit,

1916 4715 2236 4786 aliquando
2270 4714 2443 4785 sapit,
2478 4713 2579 4768 sed
2613 4716 2701 4768 est
2734 4711 2928 4783 potius
2960 4711 3087 4782 ipsa
3120 4709 3437 4781 Sapientia.
3460 4709 3569 4764 Sa-

1919 4807 2085 4878 piens
2117 4804 2272 4859 enim
2305 4819 2493 4871 mens,
2521 4803 2577 4856 id
2605 4807 2716 4869 est,
2750 4802 2961 4872 adepta
3001 4800 3373 4873 sapientiam,
3407 4804 3565 4854 ante-

1919 4911 2096 4966 quam
2130 4892 2552 4964 adipisceretur
2589 4907 2702 4947 non
2736 4894 2860 4945 erat
2888 4889 3158 4961 sapiens;
3193 4895 3251 4943 at
3280 4903 3412 4943 vero
3445 4887 3575 4958 ipsa

1920 4984 2221 5056 Sapientia
2251 4999 2354 5039 nec
2388 4982 2496 5037 fuit
2526 4997 2790 5054 unquam
2821 4979 3130 5051 insipiens,
3166 4996 3270 5034 nec
3301 4995 3429 5033 esse
3460 4993 3574 5032 un-

1922 5091 2100 5146 quam
2121 5072 2522 5145 potest.Quam
2548 5070 2598 5126 si
2621 5087 2734 5126 non
2758 5069 3043 5139 viderent,
3069 5068 3230 5123 nullo
3255 5067 3427 5123 modo
3454 5065 3577 5138 ple-

1922 5182 1999 5220 na
2021 5165 2236 5220 fiducia
2257 5164 2436 5218 vitam
2468 5159 3030 5218 incommutabiliter
3060 5157 3383 5228 sapientem
3427 5172 3580 5211 com-

1924 5253 2193 5310 mutabili
2217 5254 2344 5308 vitae
2365 5251 3004 5324 anteponerent.lpsam
3031 5247 3247 5318 quippe
3270 5247 3291 5279 ²
3318 5244 3581 5317 regulam

1925 5347 2209 5412 veritatis,
2236 5363 2352 5416 qua
2385 5345 2545 5399 illam
2579 5344 2836 5398 clamant
2866 5357 2993 5395 esse
3027 5337 3580 5403 meliorem,incom-

1929 5435 2272 5490 mutabilem
2307 5435 2544 5500 vident;
2577 5448 2683 5487 nec
2734 5429 2964 5502 uspiam
3012 5427 3126 5484 nisi
3175 5443 3355 5499 supra
3410 5441 3581 5482 suam

1997 5591 2010 5623 ¹
2045 5589 2200 5647 Editi,
2232 5588 2305 5634 sic
2333 5601 2464 5636 eam.
2497 5586 2563 5634 At
2596 5585 2717 5634 Mss.
2750 5595 2913 5644 prope
2949 5593 3154 5647 omnes,
3182 5580 3254 5647 sic
3281 5593 3412 5647 eam.

1996 5655 2018 5686 ¹
2043 5653 2122 5702 Ita
2152 5641 2208 5701 in
2257 5653 2381 5701 Mss.
2431 5649 2717 5712 plerisque,
2751 5641 2914 5695 ubiin
2947 5644 3101 5695 editis
3135 5642 3379 5702 habetur,
3411 5641 3580 5705 lpum

1933 5729 2146 5781 quoque.
