4026 6382
396 338 471 395 27
1254 335 1354 395 ΠΕ
1398 336 1797 397 DOCTRINA
1839 338 2329 413 CHltlS'l‘lANA,
2380 342 2445 402 S.
2488 339 2939 405 AUGUSTlNl.
3724 335 3805 394 28

395 472 570 541 atque
590 467 1009 541 constringitur
1026 467 1492 525 incommutabili
1512 468 1685 537 bono,
1705 484 1880 541 quam
1902 486 2033 526 cum

395 557 531 614 inde
556 558 642 613 vel
671 558 741 613 ad
773 558 1033 630 seipsum
1058 557 1369 614 relaxatur.
1391 560 1449 614 Si
1480 576 1615 631 ergo
1641 560 1895 631 teipsum
1920 576 2033 616 non

396 652 631 721 propter
659 652 715 703 te
734 648 909 704 debes
940 647 1306 718 diligere,sed
1330 653 1565 720 propter
1585 648 1752 704 illum
1768 650 1866 705 ubi
1890 650 2035 704 dile-

396 736 606 792 ctionis
627 741 737 791 tuae
761 736 1126 792 rectissimus
1142 738 1274 793 finis
1291 742 1519 807 est,non
1535 743 1875 795 succenseat
1888 739 2038 795 alius

394 825 593 892 homo,
619 826 669 881 si
703 825 878 880 etiam
921 825 1114 896 ipsum
1147 832 1384 897 propter
1426 827 1609 882 Deum
1645 828 1861 899 diligis.
1906 829 2034 883 Hec

398 913 550 969 enim
574 913 774 987 regula
803 914 1130 969 dilectionis
1161 914 1772 972 divinitusconstituta
1792 922 1881 972 est
1906 933 1917 972 :
1941 919 2036 972 Dt-

398 1004 556 1074 liges,
589 1003 801 1075 inquit,
835 1006 1149 1074 proximum
1187 1012 1338 1059 tuum
1370 1006 1511 1060 sicut
1566 1008 1838 1077 teipsum;
1868 1008 2039 1061 Deum

394 1107 529 1148 vero
559 1107 629 1148 ea:
655 1097 762 1148 toto
778 1093 954 1149 corde.
986 1102 1037 1149 et
1066 1110 1138 1148 ex
1165 1097 1282 1147 tota
1311 1096 1509 1149 anima
1535 1098 1586 1149 et
1614 1112 1690 1149 ea:
1718 1100 1827 1150 tota
1861 1104 2041 1151 mente

398 1180 591 1252 (Levit.
614 1199 727 1252 xxx,
762 1182 828 1236 48
848 1200 871 1247 ;
892 1183 1047 1237 Deut.
1071 1199 1149 1252 vx,
1171 1183 1239 1249 5;
1265 1191 1316 1238 et
1338 1183 1525 1237 Matth.
1548 1200 1685 1249 χχιι,
1708 1184 1797 1253 37,
1814 1184 1903 1255 39)
1927 1200 1941 1251 ;
1977 1187 2041 1239 ut

395 1286 600 1328 omnes
622 1270 1002 1343 cogitationes
1028 1274 1161 1326 tuas
1184 1275 1239 1325 et
1269 1288 1499 1327 omnem
1523 1273 1699 1327 vitam
1722 1278 1780 1327 et
1806 1289 2037 1328 omnem

394 1358 761 1415 intellectum
798 1361 855 1415 in
879 1359 1045 1415 illum
1076 1360 1360 1430 conferas,
1399 1377 1433 1415 a
1460 1377 1576 1432 quo
1608 1361 1786 1417 habes
1816 1378 1882 1416 ea
1913 1362 2040 1434 ipsa

397 1464 523 1520 quis
554 1449 801 1505 confers.
836 1448 977 1504 Cum
1011 1454 1205 1504 autem
1235 1449 1338 1517 ait,
1358 1454 1465 1506 toto
1486 1451 1671 1517 corde,
1690 1451 2036 1522 totaanima,

396 1542 510 1594 tota
536 1546 731 1603 mente,
760 1537 981 1593 nullam
1002 1538 1128 1594 vitae
1152 1544 1363 1594 nostris
1382 1544 1603 1612 partem
1622 1539 1880 1611 reliquit,
1913 1558 2038 1612 quae

396 1642 603 1682 vacare
635 1627 844 1683 debeat
874 1632 932 1683 et
970 1627 1136 1699 quasi
1166 1627 1358 1684 locum
1390 1629 1528 1685 dare
1556 1633 1618 1684 ut
1650 1629 1766 1685 alla
1824 1646 1882 1685 re
1903 1628 2040 1685 velit

395 1714 541 1783 frui;
574 1715 674 1771 sed
707 1715 953 1786 quiquid
976 1715 1134 1771 aliud
1167 1716 1529 1789 diligendum
1556 1719 1778 1773 venerit
1822 1719 1879 1774 in
1912 1718 2038 1775 ani-

393 1820 579 1875 mum,
612 1802 749 1860 illuc
782 1803 1061 1876 rapiatur,
1097 1821 1212 1877 quo
1237 1807 1396 1861 totus
1426 1806 1759 1863 dilectionis
1788 1808 2041 1879 impetus

395 1891 599 1949 currit.
634 1892 913 1964 Quisquis
942 1909 1077 1966 ergo
1108 1899 1260 1950 recte
1301 1895 1629 1966 proximum
1670 1895 1882 1969 diligit,
1932 1896 2040 1953 hoc

394 1998 529 2038 eum
557 1997 623 2037 eo
653 1980 821 2037 debet
854 1997 1044 2054 agere,
1079 1986 1144 2037 ut
1172 1983 1346 2038 etiam
1378 1984 1503 2056 ipse
1534 1989 1652 2041 toto
1683 1987 1874 2056 corde,
1920 1991 2041 2042 tota

395 2070 611 2138 anima,
644 2074 765 2127 tota
791 2076 987 2127 mente
1015 2071 1220 2145 diligat
1249 2076 1452 2129 Deum.
1477 2074 1571 2130 Sic
1599 2074 1754 2130 enim
1787 2092 1921 2131 eum
1953 2076 2038 2131 di-

394 2159 584 2233 ligens
613 2164 893 2232 tanquam
925 2161 1209 2234 seipsum,
1234 2166 1414 2218 totam
1458 2162 1828 2220 dilectionem
1861 2166 1952 2220 sui
1986 2168 2042 2219 et

398 2248 561 2306 illius
593 2250 769 2306 refert
798 2250 857 2305 in
889 2249 1052 2307 illam
1083 2251 1456 2307 dilectionem
1492 2252 1611 2320 Dei,
1655 2270 1779 2324 quae
1811 2252 2040 2307 nullum

396 2355 431 2394 a
463 2353 524 2394 se
556 2338 809 2393 rivulum
844 2339 978 2394 duci
1008 2344 1169 2394 extra
1198 2341 1439 2412 patitur,
1471 2342 1640 2411 cujus
1686 2342 2041 2398 derivatione

396 2426 717 2483 minuatur.

397 2533 629 2591 CAPUT
656 2533 857 2590 XXIII.
891 2563 959 2575 -ο
980 2535 1210 2608 Homini
1253 2545 1522 2607 praecepto
1551 2553 1659 2592 non
1699 2552 1830 2608 opus
1860 2546 1957 2605 est,
1985 2545 2045 2593 ut

540 2621 595 2661 se
625 2610 677 2661 et
692 2623 854 2661 suum
873 2622 1066 2678 corpus
1085 2606 1300 2679 diligat.
1332 2606 1509 2664 Praua
1538 2611 1631 2664 sui
1653 2606 1889 2664 dilectio.

469 2696 558 2751 22.
593 2698 717 2750 Non
745 2698 941 2750 autem
970 2695 1167 2750 omnia
1196 2696 1408 2767 quibus
1454 2698 1736 2754 utendum
1767 2703 1876 2768 est,
1909 2696 2029 2753 dili-

399 2784 588 2857 genda
605 2788 764 2854 sunt,
789 2785 889 2840 sed
912 2801 980 2839 ea
997 2784 1117 2840 sola
1147 2802 1273 2857 quis
1303 2794 1403 2842 aut
1432 2787 1740 2843 nobiscum
1771 2788 2045 2843 societate

401 2873 656 2945 quadam
688 2871 1017 2928 referuntur
1036 2872 1096 2927 in
1114 2873 1497 2943 Deum,sicuti
1517 2879 1605 2931 est
1626 2874 1915 2942 homo,vel
1941 2892 2043 2930 an-

401 2960 598 3033 gelus;
633 2964 733 3017 aut
761 2961 833 3017 ad
866 2978 972 3018 nos
1002 2962 1202 3032 relata,
1236 2964 1514 3020 beneﬁcio
1548 2964 1648 3021 Dei
1679 2980 1783 3037 per
1802 2982 1908 3021 nos
1953 2964 2041 3019 in-

402 3048 801 3122 digent,sieuti
836 3055 927 3107 est
950 3068 1183 3124 corpus.
1220 3053 1364 3109 Nam
1389 3053 1590 3125 utique
1612 3060 1897 3127 martyres
1927 3070 2042 3110 non

405 3137 733 3196 dilexerunt
760 3140 954 3197 scelus
983 3146 1456 3214 persequentium
1478 3161 1561 3214 se,
1590 3161 1704 3217 quo
1722 3149 1917 3201 tamen
1952 3144 2044 3201 usi

401 3234 541 3286 sunt
560 3230 631 3285 ad
650 3232 1100 3302 promerendum
1122 3233 1476 3290 Deum.Cum
1499 3251 1636 3307 ergo
1659 3240 1911 3308 quatuor
1926 3237 2047 3290 sint

399 3318 717 3391 diligenda,
745 3337 927 3376 unum
959 3322 1113 3393 quod
1136 3339 1316 3395 supra
1346 3341 1452 3380 nos
1474 3330 1584 3393 est,
1608 3324 1854 3381 alterum
1886 3324 2041 3396 quod

400 3425 508 3465 nos
538 3425 768 3475 sumus,
800 3409 1035 3465 tertium
1080 3413 1235 3483 quod
1259 3414 1429 3484 juxta
1459 3431 1563 3470 nos
1607 3419 1714 3481 est,
1766 3419 2041 3485 quartum

401 3497 556 3569 quod
576 3497 847 3553 infrenos
867 3504 984 3566 est,
1010 3500 1080 3555 de
1109 3503 1365 3558 secundo
1394 3508 1451 3558 et
1472 3509 1681 3575 quarto
1711 3504 1871 3558 nulla
1902 3520 2046 3575 prai-

401 3590 564 3658 cepta
594 3586 784 3641 danda
810 3592 996 3643 erant.
1022 3590 1483 3655 Quamtumlibet
1510 3592 1666 3647 enim
1690 3592 1863 3648 homo
1894 3591 2045 3647 exei-

401 3675 503 3731 dat
523 3692 557 3730 a
575 3675 1103 3744 veritate,remanet
1124 3678 1208 3733 illi
1226 3679 1456 3736 dilectio
1479 3681 1567 3736 sui
1594 3687 1649 3736 et
1664 3681 1897 3737 dilectio
1919 3698 2045 3736 eor-

403 3763 561 3837 poris
592 3764 1075 3837 sui.Fugaxenim
1101 3768 1335 3825 animus
1357 3770 1426 3825 ab
1457 3769 1925 3826 incommutabili
1958 3770 2046 3825 lu-

404 3854 561 3908 mine
591 3854 855 3908 omnium
880 3863 1205 3927 regnatore,
1238 3858 1294 3911 id
1318 3859 1439 3931 agit
1458 3864 1521 3914 ut
1550 3860 1675 3931 ipse
1705 3860 1815 3916 sibi
1850 3863 2048 3930 regnet

405 3945 464 3997 et
495 3943 721 4013 corpori
749 3960 854 3998 suo
888 3961 901 4011 ;
934 3950 992 4000 et
1022 3946 1149 4001 ideo
1173 3963 1285 4002 non
1309 3951 1499 4018 potest
1529 3949 1641 4005 nisi
1670 3954 1726 4005 et
1746 3966 1808 4005 se
1837 3955 1893 4005 et
1921 3965 2046 4005 cor-

410 4048 521 4105 pus
553 4048 727 4087 suum
760 4032 1021 4105 diligere.

474 4121 565 4176 23.
599 4121 875 4194 Magnum
902 4126 1095 4179 autem
1128 4124 1350 4197 aliquid
1382 4128 1655 4199 adeptum
1687 4146 1750 4185 se
1780 4133 1966 4201 putat,
1998 4127 2049 4184 si

406 4209 581 4265 etiam
611 4210 869 4279 sociis,id
889 4216 977 4268 est
1000 4213 1131 4268 aliis
1162 4215 1816 4286 bominibus,dominari
1839 4224 2047 4290 potue-

411 4299 837 4355 rit.lnestenim
863 4302 1273 4359 vitiosoanimo
1294 4305 1350 4359 id
1369 4307 1553 4377 magis
1573 4313 1927 4379 appetere,et
1938 4307 2047 4364 sibi

408 4392 683 4459 tanquam
694 4390 953 4446 debitum
969 4391 1440 4465 vindieare,quod
1456 4396 1554 4451 uni
1572 4397 1801 4470 proprie
1813 4398 2051 4453 debetur

410 4476 714 4534 Deo.Talis
742 4485 939 4535 autem
970 4482 1308 4538 suidilectio
1341 4484 1550 4540 melius
1571 4486 1771 4542 odium
1792 4492 2046 4542 vocatur.

414 4567 689 4639 Iniquum
722 4572 811 4624 est
837 4570 1158 4642 enim,quia
1186 4572 1308 4627 vult
1338 4573 1448 4629 sibi
1479 4575 1696 4630 servire
1717 4578 1869 4647 quod
1900 4576 2052 4633 infra

414 4672 477 4713 se
497 4662 744 4726 est,eum
759 4657 883 4729 ipse
896 4659 1109 4715 servire
1128 4662 1410 4732 superiori
1428 4663 1570 4719 nolit
1586 4681 1599 4732 ;
1614 4665 2052 4737 rectissimeque

414 4745 635 4803 dictum
666 4748 893 4816 est,Qui
910 4748 1092 4819 diligit
1114 4752 1600 4822 iniquitatem,odit
1620 4757 1867 4809 animam
1895 4771 2054 4810 suam

413 4836 589 4905 (Psal.
615 4853 673 4902 x,
694 4838 750 4908 6)
776 4854 790 4905 ;
822 4841 881 4893 et
908 4837 1036 4893 ideo
1058 4839 1122 4893 fit
1150 4838 1422 4898 infirmus
1453 4842 1770 4911 animus,et
1797 4844 1869 4899 de
1899 4860 2052 4900 mor-

411 4923 518 4981 tali
546 4941 785 4997 corpore
798 4927 1363 4986 crueiatur.Necesse
1382 4935 1472 4987 est
1489 4931 1647 4987 enim
1668 4936 1734 4987 ut
1751 4932 1898 4988 illud
1920 4933 2053 4989 dili-

412 5019 533 5087 gat,
564 5020 620 5070 et
648 5016 775 5087 ejus
806 5017 1178 5088 corruptione
1203 5024 1614 5091 praegravatur.
1640 5022 2054 5079 Immortalitas

412 5104 567 5160 enim
601 5109 659 5160 et
688 5104 917 5161 ineorru
925 5106 1043 5177 ptio
1064 5107 1323 5180 corporis
1336 5109 1405 5163 de
1428 5110 1674 5166 sanitate
1695 5110 1875 5166 animi
1904 5112 2055 5167 exis-

412 5192 485 5247 tit
508 5209 519 5259 ;
542 5193 760 5249 sanitas
781 5200 976 5251 autem
998 5196 1277 5253 animiest
1302 5196 1632 5255 ﬁrmissime
1652 5199 1935 5255 inhaerere
1954 5216 2055 5272 po-

411 5281 681 5350 tiori,boc
707 5290 792 5339 est
812 5285 1278 5342 incommutabili
1304 5287 1585 5343 Deo.Cum
1607 5304 1741 5344 vero
1771 5291 1948 5343 etiam
1972 5289 2057 5343 eis

414 5370 641 5441 quisibi
673 5373 1018 5431 naturaliter
1045 5391 1216 5447 pares
1243 5379 1396 5445 sunt,
1417 5375 1526 5430 hoc
1557 5381 1666 5445 est,
1692 5376 2054 5445 hominibus,

414 5460 705 5517 dominari
729 5463 1362 5533 ati‘eetat,intolerabilis
1391 5464 1629 5520 omnino
1653 5465 1927 5537 superbia
1945 5468 2055 5522 est.

490 5568 720 5627 CAPUT
748 5570 941 5626 XXIV.
958 5602 1025 5644 έ
1048 5572 1209 5626 Nemo
1221 5586 1443 5626 carnem
1454 5587 1613 5625 suam
1632 5571 2061 5644 odit,ncquidem

918 5643 1006 5697 illi
1024 5646 1120 5713 qui
1141 5646 1333 5697 ineam
1356 5644 1664 5714 insurgunt.

486 5730 575 5785 24.
608 5729 790 5787 Nemo
811 5746 947 5805 ergo
978 5746 1041 5788 se
1068 5732 1208 5788 odit.
1233 5732 1302 5789 Et
1332 5731 1466 5789 hinc
1488 5732 1724 5804 quidem
1745 5730 1909 5790 nulla
1924 5748 2060 5791 eum

2149 470 2349 543 aliqua
2379 476 2536 530 secta
2561 473 2804 545 quastio
2831 471 2939 527 fuit
2960 472 3001 527 ί.
3026 470 3139 527 Sed
3173 484 3362 541 neque
3383 483 3595 540 corpus
3625 482 3799 522 suum

2147 561 2462 633 quisquam
2489 563 2642 619 odit:
2664 578 2863 618 verum
2884 564 2971 617 est
2999 560 3155 617 enim
3182 560 3337 631 quod
3356 558 3436 613 ait
3466 556 3795 628 Apostolus.

2147 650 2309 705 Nemo
2330 669 2571 722 unquam
2600 668 2820 708 carnem
2838 668 2999 705 suum
3026 650 3147 705 odio
3167 648 3358 704 habuit
3382 646 3595 717 (Ephes.
3620 646 3777 713 v,29)

2152 740 2219 795 Et
2248 742 2401 812 quod
2436 741 2701 796 nonnulli
2729 742 2951 806 dicunt,
2980 737 3153 794 malle
3177 754 3237 793 se
3262 737 3501 791 omnino
3523 752 3651 791 esse
3674 735 3802 791 sine

2150 830 2661 900 eorpore,omnino
2683 828 2994 885 falluntur:
3030 844 3144 882 non
3170 826 3325 882 enim
3358 842 3568 897 corpus
3600 842 3802 889 suum,

2151 919 2249 974 sed
2284 920 2685 991 corruptiones
2707 920 2834 990 ejus
2860 923 2917 972 et
2938 918 3164 989 pondus
3191 914 3586 971 oderunt.Non
3609 914 3805 981 itaque

2152 1007 2381 1063 nullum
2413 1026 2647 1081 corpus,
2699 1009 2799 1063 sed
2833 1008 3238 1077 incorruptum
3289 1009 3346 1059 et
3384 1002 3753 1058 celerrimum
3780 1002 3800 1036 ³

2152 1113 2362 1168 corpus
2400 1098 2602 1153 volunt
2645 1098 2898 1153 habere:
2937 1097 3035 1151 sed
3078 1098 3285 1166 putant
3320 1092 3547 1147 nullum
3588 1108 3806 1163 corpus

2152 1203 2278 1242 esse
2310 1188 2359 1242 si
2389 1187 2505 1242 tale
2532 1188 2724 1254 fuerit,
2758 1186 2894 1257 quia
2923 1184 3039 1240 tale
3070 1183 3290 1254 aliquid
3350 1197 3477 1236 esse
3537 1181 3798 1235 animam

2150 1280 2376 1347 putant.
2410 1277 2573 1341 Quod
2606 1281 2800 1331 autem
2833 1274 3198 1330 continentia
3228 1272 3479 1342 quadam
3498 1275 3555 1325 et
3588 1268 3803 1323 labori-

2152 1366 2263 1421 bus
2292 1366 2462 1437 quasi
2490 1366 2759 1437 persequi
2789 1365 3060 1419 videntur
3089 1378 3334 1433 corpora
3363 1376 3508 1426 sua;
3540 1359 3639 1430 qui
3694 1358 3807 1412 hoc

2152 1458 2304 1511 recte
2334 1454 2575 1523 faciunt,
2608 1471 2723 1510 non
2750 1454 2806 1508 id
2832 1457 3015 1523 agunt
3050 1456 3113 1506 ut
3140 1468 3255 1505 non
3288 1450 3544 1504 habeant
3567 1464 3805 1518 corpus,

2153 1545 2250 1599 sed
2283 1548 2348 1598 ut
2376 1532 2629 1599 habeant
2662 1544 3045 1613 subjugatum
3077 1545 3135 1595 et
3180 1543 3449 1607 paratum
3508 1537 3578 1591 ad
3628 1552 3809 1606 opera

2154 1632 2503 1688 necessaria.
2539 1632 2837 1687 Libidines
2859 1630 3015 1685 enim
3042 1627 3195 1683 male
3224 1632 3456 1682 utentes
3478 1624 3806 1697 corpore,id

2153 1725 2243 1777 est
2270 1722 2723 1777 consuetudines
2752 1724 2809 1775 et
2839 1717 3248 1773 inclinationes
3282 1717 3301 1750 ³
3333 1714 3541 1770 anima:
3573 1714 3642 1768 ad
3680 1714 3803 1766 fru-

2153 1811 2369 1866 endum
2396 1808 2796 1876 inferioribus,
2820 1824 2920 1879 per
2951 1806 3135 1878 ipsius
3165 1805 3423 1876 corporis
3452 1802 3804 1858 laboriosum

2153 1900 2471 1971 quamdam
2505 1898 2778 1953 militiam
2807 1896 3172 1965 exstinguere
3193 1895 3482 1949 ati‘ectant.
3508 1890 3651 1946 Nam
3685 1907 3804 1945 non

2152 2004 2215 2045 se
2244 1988 2612 2057 interimunt,
2630 1988 2731 2042 sed
2758 2002 2958 2041 curam
2978 2001 3095 2040 sua:
3117 1982 3464 2039 valetudinis
3494 1984 3727 2053 gerunt.

2221 2080 2311 2133 25.
2344 2077 2451 2141 Qui
2474 2081 2669 2132 autem
2687 2073 3019 2147 perverseid
3048 2070 3425 2145 agunt,quasi
3458 2068 3805 2125 naturaliter

2152 2166 2390 2223 inimico
2422 2182 2527 2222 suo
2559 2182 2785 2237 corpori
2817 2163 3034 2219 bellum
3078 2161 3375 2234 ingerunt.
3412 2160 3474 2215 In
3506 2174 3621 2230 quo
3654 2157 3807 2211 fallit

2152 2272 2253 2312 eos
2283 2256 2437 2327 quod
2455 2255 2655 2326 legunt
2680 2270 2692 2310 :
2719 2253 2859 2309 Caro
2887 2252 3218 2322 concupiscit
3237 2249 3491 2305 adversus
3519 2248 3804 2318 spiritum,

2153 2348 2203 2401 et
2221 2346 2452 2416 spiritus
2472 2344 2729 2399 adversus
2739 2358 2993 2407 carnem;
3014 2341 3131 2398 haec
3159 2342 3308 2395 enim
3327 2338 3431 2393 sibi
3445 2338 3683 2392 invicem
3704 2334 3805 2389 ad-

2154 2437 2444 2491 versantur
2471 2433 2732 2505 (Galat.v.
2755 2434 2859 2502 i7).
2883 2430 3114 2486 Dictum
3132 2434 3222 2484 est
3244 2427 3399 2483 enim
3426 2425 3533 2481 hoc
3570 2431 3808 2495 propter

2154 2523 2500 2579 indomitam
2517 2521 2809 2577 carnalem
2823 2516 3615 2580 consuetudinem.adversus
3628 2528 3808 2583 quam

2156 2612 2402 2684 spiritus
2432 2610 2793 2684 concupiscit
2816 2627 2829 2678 ;
2854 2626 2970 2664 non
2989 2605 3364 2663 utinterimat
3376 2602 3723 2675 corpus,sed
3745 2604 3813 2656 ut

2156 2700 2626 2774 concupiscentia
2656 2701 2806 2771 ejus,
2838 2699 2896 2753 id
2927 2702 3015 2753 est
3044 2694 3465 2752 consuetudine
3488 2690 3643 2746 mala
3669 2690 3809 2745 edo-

2157 2791 2500 2859 mita,faciat
2514 2789 2744 2861 spiritui
2758 2783 3345 2859 subjugatum‘,quod
3363 2780 3648 2836 naturalis
3662 2779 3805 2833 ordo

2155 2880 2469 2936 desiderat.
2496 2878 2641 2944 Quia
2680 2878 2834 2932 enim
2859 2876 2965 2931 hoc
2996 2874 3107 2929 erit
3128 2878 3257 2946 post
3288 2868 3803 2936 resurrectionem,

2156 2974 2222 3025 ut
2234 2983 2445 3041 corpus
2459 2966 2794 3024 omnimodo
2807 2982 2939 3021 cum
2955 2964 3145 3036 quiete
3163 2977 3397 3017 summa
3408 2956 3641 3030 spiritui
3658 2957 3803 3011 sub-

2156 3058 2344 3113 ditum
2371 3056 2778 3113 immortaliter
2805 3052 3128 3127 vigeat,boc
3149 3051 3327 3106 etiam
3348 3049 3406 3103 in
3425 3048 3532 3103 bac
3550 3046 3666 3101 vita
3678 3060 3803 3100 me-

2157 3147 2463 3203 ditandum
2485 3150 2665 3216 est,ut
2685 3143 3043 3201 consuetudo
3061 3139 3313 3197 carnalis
3331 3134 3659 3192 muteturin
3680 3151 3803 3189 me-

2156 3236 2406 3301 lius,nee
2436 3234 2788 3291 inordinatis
2820 3232 3077 3287 motibus
3104 3229 3342 3285 resistat
3371 3223 3803 3297 spiritui.Quod

2158 3327 2342 3382 donec
2372 3325 2493 3389 ﬁat,
2517 3339 2649 3379 caro
2679 3320 3042 3392 concupiscit
3089 3319 3370 3374 adversus
3408 3314 3700 3387 spiritum,
3751 3317 3813 3366 et

2158 3416 2406 3488 spiritus
2436 3414 2717 3469 adversus
2737 3427 2969 3467 carnem
2990 3427 3004 3477 ;
3024 3425 3135 3465 non
3162 3424 3261 3479 per
3278 3406 3477 3461 odium
3500 3402 3813 3458 resistente

2159 3504 2390 3576 spiritu,
2416 3503 2517 3558 sed
2551 3519 2652 3574 per
2674 3500 3102 3573 principatum;
3136 3496 3273 3568 quia
3299 3492 3484 3565 magis
3498 3491 3651 3563 quod
3676 3488 3811 3544 dili-

2158 3593 2243 3666 git
2273 3591 2394 3648 vuit
2423 3591 2726 3647 subditum
2764 3605 2893 3644 esse
2926 3587 3190 3653 meliori,
3224 3601 3329 3639 nec
3352 3600 3452 3655 per
3481 3583 3679 3637 odium
3712 3595 3814 3634 re-

2158 3682 2401 3739 sistente
2423 3679 2723 3745 carne,sed
2746 3694 2847 3750 per
2868 3673 3309 3733 consuetudinis
3323 3669 3808 3741 vinculum,quod

2159 3775 2528 3843 aparentum
2559 3768 2735 3825 etiam
2780 3766 3101 3839 propagine
3145 3763 3531 3818 inveteratum
3582 3764 3807 3814 naturae

2158 3860 2284 3933 lege
2301 3857 2623 3915 inolevit.Id
2645 3873 2780 3928 ergo
2794 3855 2913 3927 agit
2936 3853 3181 3925 spiritus
3202 3852 3259 3906 in
3284 3849 3577 3905 domanda
3608 3864 3804 3915 carne,

2159 3955 2225 4006 ut
2253 3948 2437 4005 solvat
2467 3945 2633 4002 malae
2664 3942 3106 4001 consuetudinis
3129 3940 3297 4013 quasi
3312 3943 3480 4011 pacta
3509 3952 3803 4009 perversa,

2158 4043 2217 4096 et
2244 4040 2348 4094 ﬁat
2378 4053 2487 4110 pax
2517 4032 2962 4091 consuetudinis
2986 4032 3148 4087 bona:
3172 4030 3419 4086 .Tamen
3451 4043 3556 4082 nee
3579 4024 3673 4079 isti
3702 4025 3808 4096 qui

2163 4128 2313 4185 falsa
2335 4125 2610 4199 opinione
2639 4121 2936 4195 depravati
2974 4135 3217 4192 corpora
3262 4133 3372 4173 sua
3417 4116 3809 4179 detestantur,

2161 4215 2351 4291 parati
2379 4218 2578 4270 essent
2609 4228 2792 4268 unum
2819 4209 3056 4267 oculum
3087 4206 3171 4263 vel
3205 4207 3334 4263 sine
3381 4220 3556 4259 sensu
3590 4201 3814 4257 doloris

2161 4306 2446 4371 amittere,
2467 4300 2700 4359 etiamsi
2744 4301 2803 4355 in
2836 4299 3019 4356 altero
3050 4301 3245 4354 tantus
3278 4292 3550 4351 cernendi
3599 4307 3817 4348 sensus

2163 4396 2509 4463 remaneret,
2542 4394 2799 4464 quantus
2830 4394 2954 4445 erat
2980 4388 3040 4443 in
3073 4386 3320 4453 duobus,
3355 4382 3466 4437 nisi
3490 4380 3689 4453 aliqua
3719 4397 3818 4437 res

2163 4500 2289 4557 quae
2313 4481 2697 4555 praeponenda
2728 4482 2901 4545 esset,
2935 4480 3186 4548 urgeret.
3222 4474 3338 4529 lsto
3389 4475 3564 4543 atque
3596 4469 3817 4539 hujus-

2163 4572 2321 4629 modi
2350 4573 2700 4628 documento
2730 4569 2876 4624 satis
2899 4565 3229 4623 ostenditur
3256 4562 3340 4618 eis
3372 4561 3470 4633 qui
3506 4560 3629 4616 sine
3673 4574 3815 4631 per-

2161 4661 2379 4719 tinacia
2411 4676 2610 4717 verum
2643 4658 2969 4730 requirunt,
3005 4669 3181 4726 quam
3223 4657 3383 4706 certa
3412 4649 3701 4706 sententia
3732 4649 3816 4705 sit

2162 4750 2447 4824 Apostoli,
2479 4749 2577 4805 ubi
2608 4747 2723 4804 ait:
2748 4747 2914 4801 Nemo
2934 4743 3081 4800 enim
3103 4757 3349 4812 unquam
3376 4755 3599 4795 carnem
3650 4753 3815 4794 suam

2162 4841 2283 4899 odio
2314 4840 2526 4896 habuit.
2548 4836 2786 4893 Addidit
2811 4834 2989 4890 etiam
3012 4848 3024 4887 :
3060 4831 3167 4889 Sed
3193 4831 3368 4886 nutrit
3413 4837 3465 4885 et
3489 4830 3634 4900 fovet
3662 4843 3815 4900 eam,

2164 4933 2311 4987 sicut
2342 4929 2588 4985 Christus
2607 4925 2920 4981 Ecclesium.

2166 5038 2400 5095 CAPUT
2430 5034 2604 5089 XXV.
2635 5062 2703 5074 -—
2732 5032 2847 5086 Etsi
2865 5026 3083 5101 aliquid
3110 5027 3348 5101 amplius
3360 5024 3620 5101 diligitur
3648 5041 3823 5097 quam

2445 5120 2658 5175 corpus,
2689 5119 2798 5159 non
2829 5098 3007 5157 tamen
3037 5115 3229 5172 corpus
3258 5098 3380 5154 odio
3411 5098 3660 5154 habetur.

2236 5199 2326 5253 26.
2348 5196 2556 5251 Modus
2568 5209 2702 5265 ergo
2717 5191 2994 5262 diligendi
3017 5187 3440 5261 praecipiendus
3462 5191 3549 5243 est
3570 5184 3822 5254 homini,

2237 5305 2253 5337 ι
2291 5302 2415 5350 Bad.
2453 5304 2568 5351 Am.
2603 5304 2653 5347 et
2682 5298 2800 5345 Er.:
2835 5296 2902 5345 Et
2930 5295 3049 5345 hinc
3075 5290 3278 5358 quidem
3308 5306 3420 5341 cum
3450 5288 3649 5355 aliquia
3680 5296 3821 5339 secta

2169 5363 2421 5415 nonnulla
2452 5363 2661 5424 quaestio
2688 5361 2811 5424 fuit.
3034 5423 3037 5424 ν
3248 5415 3284 5424 _
3452 5419 3461 5424 _
3530 5417 3573 5424 __
3694 5413 3705 5424 ,

2236 5430 2257 5463 ³
2285 5427 2407 5500 ῌεᾱ.
2442 5415 2557 5477 Am.
2581 5428 2633 5475 et
2659 5415 2764 5485 En,
2798 5435 2904 5473 uno
2931 5423 3140 5473 tantum
3174 5415 3499 5482 suffragante
3527 5417 3643 5474 Ms.,
3684 5415 3819 5465 inte-

2167 5504 2472 5555 gemmum.

2241 5554 2514 5611 3Quatuor
2547 5548 2796 5612 melioris
2813 5552 2956 5612 notas
2994 5547 3135 5600 Mss.,
3162 5541 3533 5612 ἰῃοιίηᾳιίοηίε..
3642 5602 3652 5611 ο

2236 5619 2256 5653 ³
2274 5601 2739 5666 Ιῖἆὶὶίᾞὰοιοουει
2770 5610 2875 5660 Sed
2901 5616 2955 5658 ut
2985 5605 3443 5668 concupiscentiam
3474 5603 3598 5668 ejus.
3633 5601 3704 5668 id,
3738 5607 3822 5653 est

2172 5664 2587 5730 conﬁtetudinem
2609 5674 2741 5725 mile
2762 5673 3011 5723 domitam
3023 5664 3187 5733 faciat
3212 5666 3450 5738 spirituis
3488 5664 3817 5738 ubjugatam.

2171 5743 2265 5794 Cui
2292 5742 2507 5794 lectioni
2537 5740 2756 5804 prastat
2768 5737 2929 5799 longe
2959 5730 3031 5785 ea'
3051 5745 3212 5797 quam
3236 5743 3301 5781 ex
3331 5730 3437 5780 Mss
3464 5730 3800 5780 restituimus
