  <div class='ocr_page' id='page_1' title='image "/cluster/home/n/w/nwhite01/storage/ocr_20150623/34/umn.31951002477328u/030.png"; bbox 0 0 4026 6364; ppageno 0'>
   <div class='ocr_carea' id='block_1_1' title="bbox 184 288 3623 352">
    <p class='ocr_par' dir='ltr' id='par_1_1' title="bbox 184 288 3623 352">
     <span class='ocr_line' id='line_1_1' title="bbox 184 288 3623 352; baseline 0.001 -3"><span class='ocrx_word' id='word_1_1' title='bbox 184 291 263 350; x_wconf 74' lang='grc'><strong>49</strong></span> <span class='ocrx_word' id='word_1_2' title='bbox 1544 290 1777 350; x_wconf 83' lang='lat' dir='ltr'><strong>LIBER</strong></span> <span class='ocrx_word' id='word_1_3' title='bbox 1822 288 2261 351; x_wconf 85' lang='lat' dir='ltr'><strong>SECUNDUS.</strong></span> <span class='ocrx_word' id='word_1_4' title='bbox 3540 290 3623 352; x_wconf 86' lang='lat'><strong>50</strong></span> 
     </span>
    </p>
   </div>
   <div class='ocr_carea' id='block_1_2' title="bbox 185 423 1848 497">
    <p class='ocr_par' dir='ltr' id='par_1_2' title="bbox 185 423 1848 497">
     <span class='ocr_line' id='line_1_2' title="bbox 185 423 1848 497; baseline 0 -18"><span class='ocrx_word' id='word_1_5' title='bbox 185 423 373 497; x_wconf 87' lang='lat' dir='ltr'><strong>Legis,</strong></span> <span class='ocrx_word' id='word_1_6' title='bbox 408 423 482 479; x_wconf 91' lang='lat' dir='ltr'><strong>de</strong></span> <span class='ocrx_word' id='word_1_7' title='bbox 514 439 636 495; x_wconf 91' lang='lat' dir='ltr'><strong>quo</strong></span> <span class='ocrx_word' id='word_1_8' title='bbox 668 423 804 480; x_wconf 84' lang='lat' dir='ltr'><strong>item</strong></span> <span class='ocrx_word' id='word_1_9' title='bbox 838 439 1082 479; x_wconf 90' lang='lat' dir='ltr'><strong>numero</strong></span> <span class='ocrx_word' id='word_1_10' title='bbox 1115 424 1164 479; x_wconf 92' lang='lat' dir='ltr'><strong>si</strong></span> <span class='ocrx_word' id='word_1_11' title='bbox 1197 426 1511 496; x_wconf 65' lang='lat' dir='ltr'><strong>quaeratur,</strong></span> <span class='ocrx_word' id='word_1_12' title='bbox 1546 424 1740 480; x_wconf 90' lang='lat' dir='ltr'><strong>nonisi</strong></span> <span class='ocrx_word' id='word_1_13' title='bbox 1773 423 1848 480; x_wconf 88' lang='lat' dir='ltr'><strong>ad</strong></span> 
     </span>
    </p>
   </div>
   <div class='ocr_carea' id='block_1_3' title="bbox 185 513 1850 586">
    <p class='ocr_par' dir='ltr' id='par_1_3' title="bbox 185 513 1850 586">
     <span class='ocr_line' id='line_1_3' title="bbox 185 513 1850 586; baseline 0.001 -18"><span class='ocrx_word' id='word_1_14' title='bbox 185 513 521 569; x_wconf 80' lang='lat' dir='ltr'><strong>Creatorem</strong></span> <span class='ocrx_word' id='word_1_15' title='bbox 546 518 996 585; x_wconf 84' lang='lat' dir='ltr'><strong>creaturamque</strong></span> <span class='ocrx_word' id='word_1_16' title='bbox 1020 514 1358 570; x_wconf 86' lang='lat' dir='ltr'><strong>referendus</strong></span> <span class='ocrx_word' id='word_1_17' title='bbox 1380 518 1486 582; x_wconf 89' lang='lat' dir='ltr'><strong>est,</strong></span> <span class='ocrx_word' id='word_1_18' title='bbox 1502 514 1587 569; x_wconf 88' lang='lat' dir='ltr'><strong>vel</strong></span> <span class='ocrx_word' id='word_1_19' title='bbox 1613 518 1850 586; x_wconf 85' lang='lat' dir='ltr'><strong>propter</strong></span> 
     </span>
    </p>
   </div>
   <div class='ocr_carea' id='block_1_4' title="bbox 185 602 1846 675">
    <p class='ocr_par' dir='ltr' id='par_1_4' title="bbox 185 602 1846 675">
     <span class='ocr_line' id='line_1_4' title="bbox 185 602 1846 675; baseline -0.001 -15"><span class='ocrx_word' id='word_1_20' title='bbox 185 603 464 674; x_wconf 78' lang='lat' dir='ltr'><strong>superius</strong></span> <span class='ocrx_word' id='word_1_21' title='bbox 478 603 812 675; x_wconf 89' lang='lat' dir='ltr'><strong>expositum</strong></span> <span class='ocrx_word' id='word_1_22' title='bbox 826 602 1018 675; x_wconf 88' lang='lat' dir='ltr'><strong>ipsum</strong></span> <span class='ocrx_word' id='word_1_23' title='bbox 1034 603 1339 659; x_wconf 82' lang='lat' dir='ltr'><strong>denarium</strong></span> <span class='ocrx_word' id='word_1_24' title='bbox 1352 602 1549 659; x_wconf 88' lang='lat' dir='ltr'><strong>.Etille</strong></span> <span class='ocrx_word' id='word_1_25' title='bbox 1563 618 1846 659; x_wconf 89' lang='lat' dir='ltr'><strong>numerus</strong></span> 
     </span>
    </p>
   </div>
   <div class='ocr_carea' id='block_1_5' title="bbox 182 692 1842 765">
    <p class='ocr_par' dir='ltr' id='par_1_5' title="bbox 182 692 1842 765">
     <span class='ocr_line' id='line_1_5' title="bbox 182 692 1842 765; baseline 0.001 -18"><span class='ocrx_word' id='word_1_26' title='bbox 182 692 597 748; x_wconf 70' lang='lat' dir='ltr'><strong>azdiﬁcationis</strong></span> <span class='ocrx_word' id='word_1_27' title='bbox 611 692 1496 765; x_wconf 86' lang='lat' dir='ltr'><strong>templi,quicommemoraturin</strong></span> <span class='ocrx_word' id='word_1_28' title='bbox 1510 692 1842 764; x_wconf 87' lang='lat' dir='ltr'><strong>Evangelia,</strong></span> 
     </span>
    </p>
   </div>
   <div class='ocr_carea' id='block_1_6' title="bbox 188 782 1842 854">
    <p class='ocr_par' dir='ltr' id='par_1_6' title="bbox 188 782 1842 854">
     <span class='ocr_line' id='line_1_6' title="bbox 188 782 1842 854; baseline -0.001 -17"><span class='ocrx_word' id='word_1_29' title='bbox 188 782 586 854; x_wconf 87' lang='lat' dir='ltr'><strong>quadraginta</strong></span> <span class='ocrx_word' id='word_1_30' title='bbox 628 782 854 839; x_wconf 79' lang='lat' dir='ltr'><strong>scilicet</strong></span> <span class='ocrx_word' id='word_1_31' title='bbox 885 788 942 838; x_wconf 90' lang='lat' dir='ltr'><strong>et</strong></span> <span class='ocrx_word' id='word_1_32' title='bbox 965 800 1064 838; x_wconf 88' lang='lat' dir='ltr'><strong>sex</strong></span> <span class='ocrx_word' id='word_1_33' title='bbox 1099 800 1387 839; x_wconf 90' lang='lat' dir='ltr'><strong>annorum</strong></span> <span class='ocrx_word' id='word_1_34' title='bbox 1430 784 1607 854; x_wconf 85' lang='lat' dir='ltr'><strong>(Joan.</strong></span> <span class='ocrx_word' id='word_1_35' title='bbox 1636 799 1698 847; x_wconf 83' lang='grc' dir='ltr'><strong>ιι,</strong></span> <span class='ocrx_word' id='word_1_36' title='bbox 1729 782 1842 851; x_wconf 84' lang='lat'><strong>29),</strong></span> 
     </span>
    </p>
   </div>
   <div class='ocr_carea' id='block_1_7' title="bbox 186 871 1843 943">
    <p class='ocr_par' dir='ltr' id='par_1_7' title="bbox 186 871 1843 943">
     <span class='ocr_line' id='line_1_7' title="bbox 186 871 1843 943; baseline 0 -17"><span class='ocrx_word' id='word_1_37' title='bbox 186 874 381 927; x_wconf 86' lang='lat' dir='ltr'><strong>nescio</strong></span> <span class='ocrx_word' id='word_1_38' title='bbox 399 872 545 943; x_wconf 91' lang='lat' dir='ltr'><strong>quid</strong></span> <span class='ocrx_word' id='word_1_39' title='bbox 570 872 868 927; x_wconf 90' lang='lat' dir='ltr'><strong>musicum</strong></span> <span class='ocrx_word' id='word_1_40' title='bbox 895 878 1064 927; x_wconf 88' lang='lat' dir='ltr'><strong>sonat</strong></span> <span class='ocrx_word' id='word_1_41' title='bbox 1091 897 1105 940; x_wconf 83' lang='lat'><strong>;</strong></span> <span class='ocrx_word' id='word_1_42' title='bbox 1137 877 1194 927; x_wconf 91' lang='lat' dir='ltr'><strong>et</strong></span> <span class='ocrx_word' id='word_1_43' title='bbox 1218 871 1434 928; x_wconf 90' lang='lat' dir='ltr'><strong>relatus</strong></span> <span class='ocrx_word' id='word_1_44' title='bbox 1454 872 1526 926; x_wconf 91' lang='lat' dir='ltr'><strong>ad</strong></span> <span class='ocrx_word' id='word_1_45' title='bbox 1562 871 1843 927; x_wconf 82' lang='lat' dir='ltr'><strong>fabricam</strong></span> 
     </span>
    </p>
   </div>
   <div class='ocr_carea' id='block_1_8' title="bbox 190 960 1846 1034">
    <p class='ocr_par' dir='ltr' id='par_1_8' title="bbox 190 960 1846 1034">
     <span class='ocr_line' id='line_1_8' title="bbox 190 960 1846 1034; baseline 0 -18"><span class='ocrx_word' id='word_1_46' title='bbox 190 960 473 1017; x_wconf 90' lang='lat' dir='ltr'><strong>Dominici</strong></span> <span class='ocrx_word' id='word_1_47' title='bbox 492 961 774 1034; x_wconf 88' lang='lat' dir='ltr'><strong>corporis,</strong></span> <span class='ocrx_word' id='word_1_48' title='bbox 784 966 1019 1034; x_wconf 90' lang='lat' dir='ltr'><strong>propter</strong></span> <span class='ocrx_word' id='word_1_49' title='bbox 1031 978 1207 1032; x_wconf 90' lang='lat' dir='ltr'><strong>quam</strong></span> <span class='ocrx_word' id='word_1_50' title='bbox 1224 961 1427 1033; x_wconf 82' lang='lat' dir='ltr'><strong>templi</strong></span> <span class='ocrx_word' id='word_1_51' title='bbox 1452 960 1669 1016; x_wconf 80' lang='lat' dir='ltr'><strong>mentio</strong></span> <span class='ocrx_word' id='word_1_52' title='bbox 1693 960 1846 1016; x_wconf 89' lang='lat' dir='ltr'><strong>facta</strong></span> 
     </span>
    </p>
   </div>
   <div class='ocr_carea' id='block_1_9' title="bbox 186 1048 1841 1123">
    <p class='ocr_par' dir='ltr' id='par_1_9' title="bbox 186 1048 1841 1123">
     <span class='ocr_line' id='line_1_9' title="bbox 186 1048 1841 1123; baseline -0.002 -16"><span class='ocrx_word' id='word_1_53' title='bbox 186 1056 292 1117; x_wconf 86' lang='lat' dir='ltr'><strong>est,</strong></span> <span class='ocrx_word' id='word_1_54' title='bbox 328 1050 484 1123; x_wconf 82' lang='lat' dir='ltr'><strong>cogit</strong></span> <span class='ocrx_word' id='word_1_55' title='bbox 514 1051 831 1107; x_wconf 89' lang='lat' dir='ltr'><strong>nonnullos</strong></span> <span class='ocrx_word' id='word_1_56' title='bbox 864 1050 1165 1106; x_wconf 68' lang='lat' dir='ltr'><strong>haereticos</strong></span> <span class='ocrx_word' id='word_1_57' title='bbox 1196 1050 1458 1106; x_wconf 73' lang='lat' dir='ltr'><strong>confiteri</strong></span> <span class='ocrx_word' id='word_1_58' title='bbox 1491 1048 1698 1104; x_wconf 88' lang='lat' dir='ltr'><strong>Filium</strong></span> <span class='ocrx_word' id='word_1_59' title='bbox 1740 1048 1841 1104; x_wconf 93' lang='lat' dir='ltr'><strong>Dei</strong></span> 
     </span>
    </p>
   </div>
   <div class='ocr_carea' id='block_1_10' title="bbox 182 1138 1845 1212">
    <p class='ocr_par' dir='ltr' id='par_1_10' title="bbox 182 1138 1845 1212">
     <span class='ocr_line' id='line_1_10' title="bbox 182 1138 1845 1212; baseline -0.001 -17"><span class='ocrx_word' id='word_1_60' title='bbox 182 1156 298 1195; x_wconf 91' lang='lat' dir='ltr'><strong>non</strong></span> <span class='ocrx_word' id='word_1_61' title='bbox 332 1140 503 1207; x_wconf 87' lang='lat' dir='ltr'><strong>falso,</strong></span> <span class='ocrx_word' id='word_1_62' title='bbox 528 1141 631 1197; x_wconf 87' lang='lat' dir='ltr'><strong>sed</strong></span> <span class='ocrx_word' id='word_1_63' title='bbox 653 1156 786 1196; x_wconf 88' lang='lat' dir='ltr'><strong>vero</strong></span> <span class='ocrx_word' id='word_1_64' title='bbox 810 1145 867 1196; x_wconf 91' lang='lat' dir='ltr'><strong>et</strong></span> <span class='ocrx_word' id='word_1_65' title='bbox 895 1142 1155 1196; x_wconf 90' lang='lat' dir='ltr'><strong>humano</strong></span> <span class='ocrx_word' id='word_1_66' title='bbox 1177 1156 1417 1212; x_wconf 89' lang='lat' dir='ltr'><strong>corpore</strong></span> <span class='ocrx_word' id='word_1_67' title='bbox 1446 1138 1721 1195; x_wconf 90' lang='lat' dir='ltr'><strong>indutum</strong></span> <span class='ocrx_word' id='word_1_68' title='bbox 1749 1155 1761 1193; x_wconf 90' lang='lat'>:</span> <span class='ocrx_word' id='word_1_69' title='bbox 1787 1142 1845 1194; x_wconf 89' lang='lat' dir='ltr'><strong>et</strong></span> 
     </span>
    </p>
   </div>
   <div class='ocr_carea' id='block_1_11' title="bbox 180 1228 1844 1303">
    <p class='ocr_par' dir='ltr' id='par_1_11' title="bbox 180 1228 1844 1303">
     <span class='ocr_line' id='line_1_11' title="bbox 180 1228 1844 1303; baseline 0 -19"><span class='ocrx_word' id='word_1_70' title='bbox 180 1246 496 1286; x_wconf 81' lang='lat' dir='ltr'><strong>numerum</strong></span> <span class='ocrx_word' id='word_1_71' title='bbox 521 1231 739 1303; x_wconf 85' lang='lat' dir='ltr'><strong>quippe</strong></span> <span class='ocrx_word' id='word_1_72' title='bbox 758 1234 815 1287; x_wconf 89' lang='lat' dir='ltr'><strong>et</strong></span> <span class='ocrx_word' id='word_1_73' title='bbox 839 1230 1125 1286; x_wconf 84' lang='lat' dir='ltr'><strong>musicam</strong></span> <span class='ocrx_word' id='word_1_74' title='bbox 1152 1229 1446 1303; x_wconf 79' lang='lat' dir='ltr'><strong>plerisque</strong></span> <span class='ocrx_word' id='word_1_75' title='bbox 1466 1228 1611 1284; x_wconf 92' lang='lat' dir='ltr'><strong>locis</strong></span> <span class='ocrx_word' id='word_1_76' title='bbox 1629 1228 1688 1283; x_wconf 90' lang='lat' dir='ltr'><strong>in</strong></span> <span class='ocrx_word' id='word_1_77' title='bbox 1710 1244 1844 1284; x_wconf 89' lang='lat' dir='ltr'><strong>san-</strong></span> 
     </span>
    </p>
   </div>
   <div class='ocr_carea' id='block_1_12' title="bbox 185 1319 1730 1392">
    <p class='ocr_par' dir='ltr' id='par_1_12' title="bbox 185 1319 1730 1392">
     <span class='ocr_line' id='line_1_12' title="bbox 185 1319 1730 1392; baseline 0.001 -19"><span class='ocrx_word' id='word_1_78' title='bbox 185 1319 296 1375; x_wconf 88' lang='lat' dir='ltr'><strong>ctis</strong></span> <span class='ocrx_word' id='word_1_79' title='bbox 330 1320 652 1392; x_wconf 89' lang='lat' dir='ltr'><strong>Scripturis</strong></span> <span class='ocrx_word' id='word_1_80' title='bbox 692 1319 1110 1377; x_wconf 76' lang='lat' dir='ltr'><strong>honorabiliter</strong></span> <span class='ocrx_word' id='word_1_81' title='bbox 1156 1319 1347 1392; x_wconf 85' lang='lat' dir='ltr'><strong>posita</strong></span> <span class='ocrx_word' id='word_1_82' title='bbox 1375 1319 1730 1375; x_wconf 90' lang='lat' dir='ltr'><strong>invenimus.</strong></span> 
     </span>
    </p>
   </div>
   <div class='ocr_carea' id='block_1_13' title="bbox 253 1433 1764 1510">
    <p class='ocr_par' dir='ltr' id='par_1_13' title="bbox 253 1433 1764 1510">
     <span class='ocr_line' id='line_1_13' title="bbox 253 1433 1764 1510; baseline 0 -20"><span class='ocrx_word' id='word_1_83' title='bbox 253 1434 490 1491; x_wconf 79' lang='lat' dir='ltr'><strong>CAPUT</strong></span> <span class='ocrx_word' id='word_1_84' title='bbox 517 1433 686 1490; x_wconf 87' lang='lat' dir='ltr'><strong>XVII.</strong></span> <span class='ocrx_word' id='word_1_85' title='bbox 710 1466 779 1475; x_wconf 91' lang='lat'>—</span> <span class='ocrx_word' id='word_1_86' title='bbox 813 1436 982 1510; x_wconf 83' lang='lat' dir='ltr'><strong>Origo</strong></span> <span class='ocrx_word' id='word_1_87' title='bbox 1005 1437 1216 1509; x_wconf 63' lang='lat' dir='ltr'><strong>fabulae</strong></span> <span class='ocrx_word' id='word_1_88' title='bbox 1244 1437 1524 1491; x_wconf 80' lang='lat' dir='ltr'><strong>Musarum</strong></span> <span class='ocrx_word' id='word_1_89' title='bbox 1551 1450 1764 1491; x_wconf 81' lang='lat' dir='ltr'><strong>novem.</strong></span> 
     </span>
    </p>
   </div>
   <div class='ocr_carea' id='block_1_14' title="bbox 256 1539 1840 1614">
    <p class='ocr_par' dir='ltr' id='par_1_14' title="bbox 256 1539 1840 1614">
     <span class='ocr_line' id='line_1_14' title="bbox 256 1539 1840 1614; baseline -0.001 -19"><span class='ocrx_word' id='word_1_90' title='bbox 256 1542 349 1596; x_wconf 83' lang='lat'><strong>29.</strong></span> <span class='ocrx_word' id='word_1_91' title='bbox 381 1541 506 1597; x_wconf 88' lang='lat' dir='ltr'><strong>Non</strong></span> <span class='ocrx_word' id='word_1_92' title='bbox 528 1540 685 1597; x_wconf 91' lang='lat' dir='ltr'><strong>enim</strong></span> <span class='ocrx_word' id='word_1_93' title='bbox 709 1542 984 1598; x_wconf 90' lang='lat' dir='ltr'><strong>audiendi</strong></span> <span class='ocrx_word' id='word_1_94' title='bbox 1009 1547 1150 1598; x_wconf 87' lang='lat' dir='ltr'><strong>sunt</strong></span> <span class='ocrx_word' id='word_1_95' title='bbox 1171 1557 1396 1598; x_wconf 90' lang='lat' dir='ltr'><strong>errores</strong></span> <span class='ocrx_word' id='word_1_96' title='bbox 1416 1539 1725 1614; x_wconf 86' lang='lat' dir='ltr'><strong>gentilium</strong></span> <span class='ocrx_word' id='word_1_97' title='bbox 1744 1555 1840 1595; x_wconf 85' lang='lat' dir='ltr'><strong>su-</strong></span> 
     </span>
    </p>
   </div>
   <div class='ocr_carea' id='block_1_15' title="bbox 182 1629 1834 1703">
    <p class='ocr_par' dir='ltr' id='par_1_15' title="bbox 182 1629 1834 1703">
     <span class='ocr_line' id='line_1_15' title="bbox 182 1629 1834 1703; baseline -0.002 -16"><span class='ocrx_word' id='word_1_98' title='bbox 182 1631 625 1703; x_wconf 86' lang='lat' dir='ltr'><strong>perstitionum,</strong></span> <span class='ocrx_word' id='word_1_99' title='bbox 650 1632 749 1703; x_wconf 91' lang='lat' dir='ltr'><strong>qui</strong></span> <span class='ocrx_word' id='word_1_100' title='bbox 782 1649 987 1689; x_wconf 89' lang='lat' dir='ltr'><strong>novem</strong></span> <span class='ocrx_word' id='word_1_101' title='bbox 1022 1632 1221 1687; x_wconf 84' lang='lat' dir='ltr'><strong>Musas</strong></span> <span class='ocrx_word' id='word_1_102' title='bbox 1242 1631 1400 1687; x_wconf 90' lang='lat' dir='ltr'><strong>Jovis</strong></span> <span class='ocrx_word' id='word_1_103' title='bbox 1432 1634 1488 1686; x_wconf 88' lang='lat' dir='ltr'><strong>et</strong></span> <span class='ocrx_word' id='word_1_104' title='bbox 1506 1629 1793 1686; x_wconf 67' lang='lat' dir='ltr'><strong>Memoriae</strong></span> <span class='ocrx_word' id='word_1_105' title='bbox 1819 1633 1834 1665; x_wconf 89' lang='grc'>¹</span> 
     </span>
    </p>
   </div>
   <div class='ocr_carea' id='block_1_16' title="bbox 186 1717 1835 1791">
    <p class='ocr_par' dir='ltr' id='par_1_16' title="bbox 186 1717 1835 1791">
     <span class='ocr_line' id='line_1_16' title="bbox 186 1717 1835 1791; baseline -0.001 -16"><span class='ocrx_word' id='word_1_106' title='bbox 186 1720 340 1776; x_wconf 81' lang='lat' dir='ltr'><strong>ﬁlias</strong></span> <span class='ocrx_word' id='word_1_107' title='bbox 371 1736 503 1776; x_wconf 89' lang='lat' dir='ltr'><strong>esse</strong></span> <span class='ocrx_word' id='word_1_108' title='bbox 534 1721 846 1777; x_wconf 84' lang='lat' dir='ltr'><strong>ﬁnxerunt.</strong></span> <span class='ocrx_word' id='word_1_109' title='bbox 871 1720 1099 1777; x_wconf 82' lang='lat' dir='ltr'><strong>Refellit</strong></span> <span class='ocrx_word' id='word_1_110' title='bbox 1129 1738 1227 1777; x_wconf 89' lang='lat' dir='ltr'><strong>eos</strong></span> <span class='ocrx_word' id='word_1_111' title='bbox 1257 1720 1461 1785; x_wconf 89' lang='lat' dir='ltr'><strong>Varro,</strong></span> <span class='ocrx_word' id='word_1_112' title='bbox 1494 1735 1607 1791; x_wconf 93' lang='lat' dir='ltr'><strong>quo</strong></span> <span class='ocrx_word' id='word_1_113' title='bbox 1638 1717 1835 1775; x_wconf 89' lang='lat' dir='ltr'><strong>nescio</strong></span> 
     </span>
    </p>
   </div>
   <div class='ocr_carea' id='block_1_17' title="bbox 186 1806 1832 1883">
    <p class='ocr_par' dir='ltr' id='par_1_17' title="bbox 186 1806 1832 1883">
     <span class='ocr_line' id='line_1_17' title="bbox 186 1806 1832 1883; baseline -0.003 -17"><span class='ocrx_word' id='word_1_114' title='bbox 186 1814 385 1866; x_wconf 90' lang='lat' dir='ltr'><strong>utrum</strong></span> <span class='ocrx_word' id='word_1_115' title='bbox 411 1809 567 1883; x_wconf 90' lang='lat' dir='ltr'><strong>apud</strong></span> <span class='ocrx_word' id='word_1_116' title='bbox 587 1826 687 1866; x_wconf 91' lang='lat' dir='ltr'><strong>eos</strong></span> <span class='ocrx_word' id='word_1_117' title='bbox 708 1811 1022 1882; x_wconf 87' lang='lat' dir='ltr'><strong>quisquam</strong></span> <span class='ocrx_word' id='word_1_118' title='bbox 1050 1810 1256 1866; x_wconf 89' lang='lat' dir='ltr'><strong>talium</strong></span> <span class='ocrx_word' id='word_1_119' title='bbox 1281 1826 1477 1865; x_wconf 89' lang='lat' dir='ltr'><strong>rerum</strong></span> <span class='ocrx_word' id='word_1_120' title='bbox 1501 1808 1727 1863; x_wconf 85' lang='lat' dir='ltr'><strong>doctior</strong></span> <span class='ocrx_word' id='word_1_121' title='bbox 1747 1806 1832 1863; x_wconf 92' lang='lat' dir='ltr'><strong>vel</strong></span> 
     </span>
    </p>
   </div>
   <div class='ocr_carea' id='block_1_18' title="bbox 181 1895 1833 1972">
    <p class='ocr_par' dir='ltr' id='par_1_18' title="bbox 181 1895 1833 1972">
     <span class='ocr_line' id='line_1_18' title="bbox 181 1895 1833 1972; baseline -0.002 -17"><span class='ocrx_word' id='word_1_122' title='bbox 181 1898 471 1955; x_wconf 86' lang='lat' dir='ltr'><strong>curiosior</strong></span> <span class='ocrx_word' id='word_1_123' title='bbox 498 1915 627 1955; x_wconf 89' lang='lat' dir='ltr'><strong>esse</strong></span> <span class='ocrx_word' id='word_1_124' title='bbox 656 1900 863 1972; x_wconf 90' lang='lat' dir='ltr'><strong>possit.</strong></span> <span class='ocrx_word' id='word_1_125' title='bbox 897 1899 1048 1954; x_wconf 83' lang='lat' dir='ltr'><strong>Dicit</strong></span> <span class='ocrx_word' id='word_1_126' title='bbox 1098 1898 1254 1954; x_wconf 89' lang='lat' dir='ltr'><strong>enim</strong></span> <span class='ocrx_word' id='word_1_127' title='bbox 1300 1898 1592 1954; x_wconf 86' lang='lat' dir='ltr'><strong>civitatem</strong></span> <span class='ocrx_word' id='word_1_128' title='bbox 1640 1895 1833 1952; x_wconf 89' lang='lat' dir='ltr'><strong>nescio</strong></span> 
     </span>
    </p>
   </div>
   <div class='ocr_carea' id='block_1_19' title="bbox 178 1985 1834 2060">
    <p class='ocr_par' dir='ltr' id='par_1_19' title="bbox 178 1985 1834 2060">
     <span class='ocr_line' id='line_1_19' title="bbox 178 1985 1834 2060; baseline -0.002 -17"><span class='ocrx_word' id='word_1_129' title='bbox 178 2004 505 2060; x_wconf 90' lang='lat' dir='ltr'><strong>quam,nan</strong></span> <span class='ocrx_word' id='word_1_130' title='bbox 525 1988 683 2045; x_wconf 83' lang='lat' dir='ltr'><strong>enim</strong></span> <span class='ocrx_word' id='word_1_131' title='bbox 699 2005 908 2045; x_wconf 89' lang='lat' dir='ltr'><strong>nomen</strong></span> <span class='ocrx_word' id='word_1_132' title='bbox 925 1987 1365 2053; x_wconf 87' lang='lat' dir='ltr'><strong>recolo,locasse</strong></span> <span class='ocrx_word' id='word_1_133' title='bbox 1387 1986 1539 2059; x_wconf 89' lang='lat' dir='ltr'><strong>apud</strong></span> <span class='ocrx_word' id='word_1_134' title='bbox 1557 1990 1676 2042; x_wconf 89' lang='lat' dir='ltr'><strong>tres</strong></span> <span class='ocrx_word' id='word_1_135' title='bbox 1699 1985 1834 2041; x_wconf 90' lang='lat' dir='ltr'><strong>arti-</strong></span> 
     </span>
    </p>
   </div>
   <div class='ocr_carea' id='block_1_20' title="bbox 180 2073 1833 2150">
    <p class='ocr_par' dir='ltr' id='par_1_20' title="bbox 180 2073 1833 2150">
     <span class='ocr_line' id='line_1_20' title="bbox 180 2073 1833 2150; baseline -0.001 -19"><span class='ocrx_word' id='word_1_136' title='bbox 180 2078 316 2132; x_wconf 84' lang='lat' dir='ltr'><strong>ﬁces</strong></span> <span class='ocrx_word' id='word_1_137' title='bbox 330 2082 497 2132; x_wconf 89' lang='lat' dir='ltr'><strong>terna</strong></span> <span class='ocrx_word' id='word_1_138' title='bbox 510 2077 829 2135; x_wconf 89' lang='lat' dir='ltr'><strong>simulacra</strong></span> <span class='ocrx_word' id='word_1_139' title='bbox 842 2078 1333 2150; x_wconf 89' lang='lat' dir='ltr'><strong>Musarum,quod</strong></span> <span class='ocrx_word' id='word_1_140' title='bbox 1348 2077 1407 2132; x_wconf 89' lang='lat' dir='ltr'><strong>in</strong></span> <span class='ocrx_word' id='word_1_141' title='bbox 1426 2075 1641 2148; x_wconf 85' lang='lat' dir='ltr'><strong>templo</strong></span> <span class='ocrx_word' id='word_1_142' title='bbox 1662 2073 1833 2148; x_wconf 83' lang='lat' dir='ltr'><strong>Apol-</strong></span> 
     </span>
    </p>
   </div>
   <div class='ocr_carea' id='block_1_21' title="bbox 176 2163 1833 2240">
    <p class='ocr_par' dir='ltr' id='par_1_21' title="bbox 176 2163 1833 2240">
     <span class='ocr_line' id='line_1_21' title="bbox 176 2163 1833 2240; baseline -0.001 -19"><span class='ocrx_word' id='word_1_143' title='bbox 176 2166 314 2221; x_wconf 84' lang='lat' dir='ltr'><strong>linis</strong></span> <span class='ocrx_word' id='word_1_144' title='bbox 328 2166 548 2221; x_wconf 88' lang='lat' dir='ltr'><strong>donum</strong></span> <span class='ocrx_word' id='word_1_145' title='bbox 567 2171 896 2239; x_wconf 89' lang='lat' dir='ltr'><strong>paneret,ut</strong></span> <span class='ocrx_word' id='word_1_146' title='bbox 909 2167 1179 2240; x_wconf 89' lang='lat' dir='ltr'><strong>quisquis</strong></span> <span class='ocrx_word' id='word_1_147' title='bbox 1192 2166 1482 2222; x_wconf 82' lang='lat' dir='ltr'><strong>artificum</strong></span> <span class='ocrx_word' id='word_1_148' title='bbox 1501 2163 1833 2238; x_wconf 88' lang='lat' dir='ltr'><strong>pulchriora</strong></span> 
     </span>
    </p>
   </div>
   <div class='ocr_carea' id='block_1_22' title="bbox 178 2254 1833 2328">
    <p class='ocr_par' dir='ltr' id='par_1_22' title="bbox 178 2254 1833 2328">
     <span class='ocr_line' id='line_1_22' title="bbox 178 2254 1833 2328; baseline -0.002 -18"><span class='ocrx_word' id='word_1_149' title='bbox 178 2254 509 2320; x_wconf 86' lang='lat' dir='ltr'><strong>formasset,</strong></span> <span class='ocrx_word' id='word_1_150' title='bbox 543 2256 614 2311; x_wconf 90' lang='lat' dir='ltr'><strong>ab</strong></span> <span class='ocrx_word' id='word_1_151' title='bbox 646 2254 746 2311; x_wconf 92' lang='lat' dir='ltr'><strong>illa</strong></span> <span class='ocrx_word' id='word_1_152' title='bbox 774 2255 1150 2328; x_wconf 82' lang='lat' dir='ltr'><strong>potissimum</strong></span> <span class='ocrx_word' id='word_1_153' title='bbox 1173 2254 1355 2311; x_wconf 90' lang='lat' dir='ltr'><strong>electa</strong></span> <span class='ocrx_word' id='word_1_154' title='bbox 1384 2254 1833 2325; x_wconf 89' lang='lat' dir='ltr'><strong>emeret.Itaque</strong></span> 
     </span>
    </p>
   </div>
   <div class='ocr_carea' id='block_1_23' title="bbox 180 2342 1833 2417">
    <p class='ocr_par' dir='ltr' id='par_1_23' title="bbox 180 2342 1833 2417">
     <span class='ocr_line' id='line_1_23' title="bbox 180 2342 1833 2417; baseline -0.002 -17"><span class='ocrx_word' id='word_1_155' title='bbox 180 2344 500 2416; x_wconf 86' lang='lat' dir='ltr'><strong>contigisse</strong></span> <span class='ocrx_word' id='word_1_156' title='bbox 516 2348 764 2417; x_wconf 88' lang='lat' dir='ltr'><strong>utopera</strong></span> <span class='ocrx_word' id='word_1_157' title='bbox 777 2363 883 2402; x_wconf 90' lang='lat' dir='ltr'><strong>sua</strong></span> <span class='ocrx_word' id='word_1_158' title='bbox 897 2362 1130 2417; x_wconf 91' lang='lat' dir='ltr'><strong>quoque</strong></span> <span class='ocrx_word' id='word_1_159' title='bbox 1151 2344 1234 2400; x_wconf 92' lang='lat' dir='ltr'><strong>illi</strong></span> <span class='ocrx_word' id='word_1_160' title='bbox 1253 2344 1505 2400; x_wconf 82' lang='lat' dir='ltr'><strong>artiﬁces</strong></span> <span class='ocrx_word' id='word_1_161' title='bbox 1519 2359 1679 2415; x_wconf 67' lang='lat' dir='ltr'><strong>aeque</strong></span> <span class='ocrx_word' id='word_1_162' title='bbox 1701 2342 1833 2415; x_wconf 88' lang='lat' dir='ltr'><strong>pul-</strong></span> 
     </span>
    </p>
   </div>
   <div class='ocr_carea' id='block_1_24' title="bbox 178 2432 1830 2508">
    <p class='ocr_par' dir='ltr' id='par_1_24' title="bbox 178 2432 1830 2508">
     <span class='ocr_line' id='line_1_24' title="bbox 178 2432 1830 2508; baseline -0.002 -19"><span class='ocrx_word' id='word_1_163' title='bbox 178 2432 321 2489; x_wconf 89' lang='lat' dir='ltr'><strong>chra</strong></span> <span class='ocrx_word' id='word_1_164' title='bbox 342 2432 784 2506; x_wconf 80' lang='lat' dir='ltr'><strong>explicarent,et</strong></span> <span class='ocrx_word' id='word_1_165' title='bbox 804 2433 1096 2508; x_wconf 89' lang='lat' dir='ltr'><strong>placuisse</strong></span> <span class='ocrx_word' id='word_1_166' title='bbox 1126 2433 1344 2489; x_wconf 86' lang='lat' dir='ltr'><strong>civitati</strong></span> <span class='ocrx_word' id='word_1_167' title='bbox 1373 2449 1577 2489; x_wconf 90' lang='lat' dir='ltr'><strong>omnes</strong></span> <span class='ocrx_word' id='word_1_168' title='bbox 1598 2446 1830 2499; x_wconf 89' lang='lat' dir='ltr'><strong>navem,</strong></span> 
     </span>
    </p>
   </div>
   <div class='ocr_carea' id='block_1_25' title="bbox 183 2520 1832 2596">
    <p class='ocr_par' dir='ltr' id='par_1_25' title="bbox 183 2520 1832 2596">
     <span class='ocr_line' id='line_1_25' title="bbox 183 2520 1832 2596; baseline -0.002 -18"><span class='ocrx_word' id='word_1_169' title='bbox 183 2527 360 2594; x_wconf 89' lang='lat' dir='ltr'><strong>atque</strong></span> <span class='ocrx_word' id='word_1_170' title='bbox 376 2539 583 2579; x_wconf 90' lang='lat' dir='ltr'><strong>omnes</strong></span> <span class='ocrx_word' id='word_1_171' title='bbox 607 2539 735 2580; x_wconf 89' lang='lat' dir='ltr'><strong>esse</strong></span> <span class='ocrx_word' id='word_1_172' title='bbox 757 2527 1078 2596; x_wconf 89' lang='lat' dir='ltr'><strong>emptas,ut</strong></span> <span class='ocrx_word' id='word_1_173' title='bbox 1095 2524 1153 2578; x_wconf 93' lang='lat' dir='ltr'><strong>in</strong></span> <span class='ocrx_word' id='word_1_174' title='bbox 1175 2521 1463 2595; x_wconf 88' lang='lat' dir='ltr'><strong>Apollinis</strong></span> <span class='ocrx_word' id='word_1_175' title='bbox 1485 2520 1703 2593; x_wconf 90' lang='lat' dir='ltr'><strong>templo</strong></span> <span class='ocrx_word' id='word_1_176' title='bbox 1726 2520 1832 2575; x_wconf 84' lang='lat' dir='ltr'><strong>de-</strong></span> 
     </span>
    </p>
   </div>
   <div class='ocr_carea' id='block_1_26' title="bbox 183 2608 1833 2685">
    <p class='ocr_par' dir='ltr' id='par_1_26' title="bbox 183 2608 1833 2685">
     <span class='ocr_line' id='line_1_26' title="bbox 183 2608 1833 2685; baseline -0.002 -19"><span class='ocrx_word' id='word_1_177' title='bbox 183 2611 541 2679; x_wconf 86' lang='lat' dir='ltr'><strong>dicarentur;</strong></span> <span class='ocrx_word' id='word_1_178' title='bbox 557 2612 772 2685; x_wconf 90' lang='lat' dir='ltr'><strong>quibus</strong></span> <span class='ocrx_word' id='word_1_179' title='bbox 787 2611 1356 2685; x_wconf 88' lang='lat' dir='ltr'><strong>posteadicitHesiod</strong></span> <span class='ocrx_word' id='word_1_180' title='bbox 1370 2628 1465 2666; x_wconf 91' lang='lat' dir='ltr'><strong>um</strong></span> <span class='ocrx_word' id='word_1_181' title='bbox 1482 2614 1709 2684; x_wconf 89' lang='lat' dir='ltr'><strong>poetam</strong></span> <span class='ocrx_word' id='word_1_182' title='bbox 1725 2608 1833 2664; x_wconf 92' lang='lat' dir='ltr'><strong>im-</strong></span> 
     </span>
    </p>
   </div>
   <div class='ocr_carea' id='block_1_27' title="bbox 182 2700 1834 2774">
    <p class='ocr_par' dir='ltr' id='par_1_27' title="bbox 182 2700 1834 2774">
     <span class='ocr_line' id='line_1_27' title="bbox 182 2700 1834 2774; baseline -0.002 -17"><span class='ocrx_word' id='word_1_183' title='bbox 182 2701 453 2773; x_wconf 86' lang='lat' dir='ltr'><strong>posuisse</strong></span> <span class='ocrx_word' id='word_1_184' title='bbox 471 2702 899 2758; x_wconf 88' lang='lat' dir='ltr'><strong>vocabula.Non</strong></span> <span class='ocrx_word' id='word_1_185' title='bbox 915 2719 1045 2773; x_wconf 85' lang='lat' dir='ltr'><strong>ergo</strong></span> <span class='ocrx_word' id='word_1_186' title='bbox 1058 2702 1290 2774; x_wconf 86' lang='lat' dir='ltr'><strong>Jupiter</strong></span> <span class='ocrx_word' id='word_1_187' title='bbox 1310 2717 1512 2757; x_wconf 91' lang='lat' dir='ltr'><strong>novem</strong></span> <span class='ocrx_word' id='word_1_188' title='bbox 1532 2700 1729 2755; x_wconf 88' lang='lat' dir='ltr'><strong>Musas</strong></span> <span class='ocrx_word' id='word_1_189' title='bbox 1743 2714 1834 2770; x_wconf 86' lang='lat' dir='ltr'><strong>ge-</strong></span> 
     </span>
    </p>
   </div>
   <div class='ocr_carea' id='block_1_28' title="bbox 181 2790 1828 2857">
    <p class='ocr_par' dir='ltr' id='par_1_28' title="bbox 181 2790 1828 2857">
     <span class='ocr_line' id='line_1_28' title="bbox 181 2790 1828 2857; baseline -0.002 -11"><span class='ocrx_word' id='word_1_190' title='bbox 181 2790 332 2857; x_wconf 89' lang='lat' dir='ltr'><strong>nuit,</strong></span> <span class='ocrx_word' id='word_1_191' title='bbox 358 2791 459 2847; x_wconf 89' lang='lat' dir='ltr'><strong>sed</strong></span> <span class='ocrx_word' id='word_1_192' title='bbox 497 2795 612 2846; x_wconf 89' lang='lat' dir='ltr'><strong>tres</strong></span> <span class='ocrx_word' id='word_1_193' title='bbox 646 2791 791 2846; x_wconf 86' lang='lat' dir='ltr'><strong>fabri</strong></span> <span class='ocrx_word' id='word_1_194' title='bbox 826 2796 1021 2847; x_wconf 83' lang='lat' dir='ltr'><strong>ternas</strong></span> <span class='ocrx_word' id='word_1_195' title='bbox 1049 2794 1410 2847; x_wconf 90' lang='lat' dir='ltr'><strong>creaverunt.</strong></span> <span class='ocrx_word' id='word_1_196' title='bbox 1445 2790 1587 2845; x_wconf 89' lang='lat' dir='ltr'><strong>Tres</strong></span> <span class='ocrx_word' id='word_1_197' title='bbox 1630 2792 1828 2844; x_wconf 87' lang='lat' dir='ltr'><strong>autem</strong></span> 
     </span>
    </p>
   </div>
   <div class='ocr_carea' id='block_1_29' title="bbox 181 2877 1829 2953">
    <p class='ocr_par' dir='ltr' id='par_1_29' title="bbox 181 2877 1829 2953">
     <span class='ocr_line' id='line_1_29' title="bbox 181 2877 1829 2953; baseline -0.001 -18"><span class='ocrx_word' id='word_1_198' title='bbox 181 2897 296 2936; x_wconf 89' lang='lat' dir='ltr'><strong>non</strong></span> <span class='ocrx_word' id='word_1_199' title='bbox 330 2884 637 2953; x_wconf 86' lang='lat' dir='ltr'><strong>propterea</strong></span> <span class='ocrx_word' id='word_1_200' title='bbox 658 2880 759 2936; x_wconf 90' lang='lat' dir='ltr'><strong>illa</strong></span> <span class='ocrx_word' id='word_1_201' title='bbox 779 2880 983 2937; x_wconf 85' lang='lat' dir='ltr'><strong>civitas</strong></span> <span class='ocrx_word' id='word_1_202' title='bbox 1006 2880 1314 2945; x_wconf 84' lang='lat' dir='ltr'><strong>locaverat,</strong></span> <span class='ocrx_word' id='word_1_203' title='bbox 1336 2878 1475 2952; x_wconf 91' lang='lat' dir='ltr'><strong>quia</strong></span> <span class='ocrx_word' id='word_1_204' title='bbox 1496 2878 1556 2933; x_wconf 92' lang='lat' dir='ltr'><strong>in</strong></span> <span class='ocrx_word' id='word_1_205' title='bbox 1581 2877 1829 2934; x_wconf 89' lang='lat' dir='ltr'><strong>sommis</strong></span> 
     </span>
    </p>
   </div>
   <div class='ocr_carea' id='block_1_30' title="bbox 178 2968 1830 3043">
    <p class='ocr_par' dir='ltr' id='par_1_30' title="bbox 178 2968 1830 3043">
     <span class='ocr_line' id='line_1_30' title="bbox 178 2968 1830 3043; baseline -0.001 -18"><span class='ocrx_word' id='word_1_206' title='bbox 178 2986 278 3025; x_wconf 89' lang='lat' dir='ltr'><strong>eas</strong></span> <span class='ocrx_word' id='word_1_207' title='bbox 300 2970 656 3035; x_wconf 87' lang='lat' dir='ltr'><strong>viderat,aut</strong></span> <span class='ocrx_word' id='word_1_208' title='bbox 679 2974 756 3026; x_wconf 87' lang='lat' dir='ltr'><strong>tot</strong></span> <span class='ocrx_word' id='word_1_209' title='bbox 791 2986 851 3026; x_wconf 93' lang='lat' dir='ltr'><strong>se</strong></span> <span class='ocrx_word' id='word_1_210' title='bbox 870 2971 1225 3043; x_wconf 89' lang='lat' dir='ltr'><strong>cujusquam</strong></span> <span class='ocrx_word' id='word_1_211' title='bbox 1248 2969 1486 3026; x_wconf 91' lang='lat' dir='ltr'><strong>illorum</strong></span> <span class='ocrx_word' id='word_1_212' title='bbox 1514 2968 1699 3025; x_wconf 91' lang='lat' dir='ltr'><strong>oculis</strong></span> <span class='ocrx_word' id='word_1_213' title='bbox 1723 2968 1830 3023; x_wconf 91' lang='lat' dir='ltr'><strong>de-</strong></span> 
     </span>
    </p>
   </div>
   <div class='ocr_carea' id='block_1_31' title="bbox 176 3059 1827 3133">
    <p class='ocr_par' dir='ltr' id='par_1_31' title="bbox 176 3059 1827 3133">
     <span class='ocr_line' id='line_1_31' title="bbox 176 3059 1827 3133; baseline -0.001 -18"><span class='ocrx_word' id='word_1_214' title='bbox 176 3064 647 3116; x_wconf 85' lang='lat' dir='ltr'><strong>monstraverant</strong></span> <span class='ocrx_word' id='word_1_215' title='bbox 676 3078 688 3128; x_wconf 91' lang='lat'><strong>;</strong></span> <span class='ocrx_word' id='word_1_216' title='bbox 713 3060 812 3116; x_wconf 90' lang='lat' dir='ltr'><strong>sed</strong></span> <span class='ocrx_word' id='word_1_217' title='bbox 847 3060 986 3133; x_wconf 89' lang='lat' dir='ltr'><strong>quia</strong></span> <span class='ocrx_word' id='word_1_218' title='bbox 1019 3059 1183 3116; x_wconf 85' lang='lat' dir='ltr'><strong>facile</strong></span> <span class='ocrx_word' id='word_1_219' title='bbox 1212 3064 1337 3116; x_wconf 92' lang='lat' dir='ltr'><strong>erat</strong></span> <span class='ocrx_word' id='word_1_220' title='bbox 1368 3059 1827 3116; x_wconf 83' lang='lat' dir='ltr'><strong>animadvertere</strong></span> 
     </span>
    </p>
   </div>
   <div class='ocr_carea' id='block_1_32' title="bbox 174 3147 1829 3221">
    <p class='ocr_par' dir='ltr' id='par_1_32' title="bbox 174 3147 1829 3221">
     <span class='ocr_line' id='line_1_32' title="bbox 174 3147 1829 3221; baseline -0.002 -16"><span class='ocrx_word' id='word_1_221' title='bbox 174 3166 413 3205; x_wconf 88' lang='lat' dir='ltr'><strong>omnem</strong></span> <span class='ocrx_word' id='word_1_222' title='bbox 438 3166 673 3216; x_wconf 90' lang='lat' dir='ltr'><strong>sonum,</strong></span> <span class='ocrx_word' id='word_1_223' title='bbox 698 3166 824 3221; x_wconf 66' lang='lat' dir='ltr'><strong>quae</strong></span> <span class='ocrx_word' id='word_1_224' title='bbox 850 3150 1121 3205; x_wconf 87' lang='lat' dir='ltr'><strong>materies</strong></span> <span class='ocrx_word' id='word_1_225' title='bbox 1147 3149 1572 3206; x_wconf 87' lang='lat' dir='ltr'><strong>cantilenarum</strong></span> <span class='ocrx_word' id='word_1_226' title='bbox 1606 3147 1829 3216; x_wconf 87' lang='lat' dir='ltr'><strong>est,tri-</strong></span> 
     </span>
    </p>
   </div>
   <div class='ocr_carea' id='block_1_33' title="bbox 176 3236 1828 3309">
    <p class='ocr_par' dir='ltr' id='par_1_33' title="bbox 176 3236 1828 3309">
     <span class='ocr_line' id='line_1_33' title="bbox 176 3236 1828 3309; baseline -0.002 -14"><span class='ocrx_word' id='word_1_227' title='bbox 176 3240 425 3295; x_wconf 82' lang='lat' dir='ltr'><strong>formem</strong></span> <span class='ocrx_word' id='word_1_228' title='bbox 472 3255 600 3295; x_wconf 91' lang='lat' dir='ltr'><strong>esse</strong></span> <span class='ocrx_word' id='word_1_229' title='bbox 630 3243 857 3294; x_wconf 90' lang='lat' dir='ltr'><strong>natura.</strong></span> <span class='ocrx_word' id='word_1_230' title='bbox 888 3240 1004 3294; x_wconf 88' lang='lat' dir='ltr'><strong>Aut</strong></span> <span class='ocrx_word' id='word_1_231' title='bbox 1033 3238 1190 3295; x_wconf 90' lang='lat' dir='ltr'><strong>enim</strong></span> <span class='ocrx_word' id='word_1_232' title='bbox 1221 3254 1356 3294; x_wconf 91' lang='lat' dir='ltr'><strong>voce</strong></span> <span class='ocrx_word' id='word_1_233' title='bbox 1387 3239 1601 3309; x_wconf 88' lang='lat' dir='ltr'><strong>editur,</strong></span> <span class='ocrx_word' id='word_1_234' title='bbox 1652 3236 1828 3293; x_wconf 89' lang='lat' dir='ltr'><strong>sicuti</strong></span> 
     </span>
    </p>
   </div>
   <div class='ocr_carea' id='block_1_34' title="bbox 173 3327 1828 3401">
    <p class='ocr_par' dir='ltr' id='par_1_34' title="bbox 173 3327 1828 3401">
     <span class='ocr_line' id='line_1_34' title="bbox 173 3327 1828 3401; baseline -0.002 -17"><span class='ocrx_word' id='word_1_235' title='bbox 173 3345 383 3385; x_wconf 88' lang='lat' dir='ltr'><strong>eorum</strong></span> <span class='ocrx_word' id='word_1_236' title='bbox 415 3332 505 3384; x_wconf 89' lang='lat' dir='ltr'><strong>est</strong></span> <span class='ocrx_word' id='word_1_237' title='bbox 561 3328 662 3400; x_wconf 91' lang='lat' dir='ltr'><strong>qui</strong></span> <span class='ocrx_word' id='word_1_238' title='bbox 713 3327 979 3384; x_wconf 80' lang='lat' dir='ltr'><strong>faucibus</strong></span> <span class='ocrx_word' id='word_1_239' title='bbox 1012 3327 1139 3384; x_wconf 89' lang='lat' dir='ltr'><strong>sine</strong></span> <span class='ocrx_word' id='word_1_240' title='bbox 1169 3345 1388 3401; x_wconf 90' lang='lat' dir='ltr'><strong>organo</strong></span> <span class='ocrx_word' id='word_1_241' title='bbox 1432 3332 1690 3394; x_wconf 91' lang='lat' dir='ltr'><strong>canunt;</strong></span> <span class='ocrx_word' id='word_1_242' title='bbox 1725 3330 1828 3382; x_wconf 88' lang='lat' dir='ltr'><strong>aut</strong></span> 
     </span>
    </p>
   </div>
   <div class='ocr_carea' id='block_1_35' title="bbox 175 3415 1830 3489">
    <p class='ocr_par' dir='ltr' id='par_1_35' title="bbox 175 3415 1830 3489">
     <span class='ocr_line' id='line_1_35' title="bbox 175 3415 1830 3489; baseline -0.001 -15"><span class='ocrx_word' id='word_1_243' title='bbox 175 3419 344 3487; x_wconf 82' lang='lat' dir='ltr'><strong>flatu,</strong></span> <span class='ocrx_word' id='word_1_244' title='bbox 379 3418 532 3474; x_wconf 90' lang='lat' dir='ltr'><strong>sicut</strong></span> <span class='ocrx_word' id='word_1_245' title='bbox 560 3418 833 3473; x_wconf 87' lang='lat' dir='ltr'><strong>tubarum</strong></span> <span class='ocrx_word' id='word_1_246' title='bbox 888 3422 943 3473; x_wconf 88' lang='lat' dir='ltr'><strong>et</strong></span> <span class='ocrx_word' id='word_1_247' title='bbox 974 3418 1248 3473; x_wconf 86' lang='lat' dir='ltr'><strong>tibiarum</strong></span> <span class='ocrx_word' id='word_1_248' title='bbox 1279 3422 1418 3487; x_wconf 89' lang='lat' dir='ltr'><strong>;aut</strong></span> <span class='ocrx_word' id='word_1_249' title='bbox 1446 3417 1644 3489; x_wconf 89' lang='lat' dir='ltr'><strong>pulsu,</strong></span> <span class='ocrx_word' id='word_1_250' title='bbox 1675 3415 1830 3472; x_wconf 88' lang='lat' dir='ltr'><strong>sicut</strong></span> 
     </span>
    </p>
   </div>
   <div class='ocr_carea' id='block_1_36' title="bbox 176 3507 1831 3581">
    <p class='ocr_par' dir='ltr' id='par_1_36' title="bbox 176 3507 1831 3581">
     <span class='ocr_line' id='line_1_36' title="bbox 176 3507 1831 3581; baseline -0.001 -18"><span class='ocrx_word' id='word_1_251' title='bbox 176 3509 236 3564; x_wconf 90' lang='lat' dir='ltr'><strong>in</strong></span> <span class='ocrx_word' id='word_1_252' title='bbox 256 3507 501 3564; x_wconf 82' lang='lat' dir='ltr'><strong>citharis</strong></span> <span class='ocrx_word' id='word_1_253' title='bbox 518 3512 575 3563; x_wconf 86' lang='lat' dir='ltr'><strong>et.</strong></span> <span class='ocrx_word' id='word_1_254' title='bbox 601 3507 981 3581; x_wconf 88' lang='lat' dir='ltr'><strong>tympanis,et</strong></span> <span class='ocrx_word' id='word_1_255' title='bbox 1002 3508 1364 3581; x_wconf 89' lang='lat' dir='ltr'><strong>quibuslibet</strong></span> <span class='ocrx_word' id='word_1_256' title='bbox 1386 3507 1516 3564; x_wconf 86' lang='lat' dir='ltr'><strong>aliis</strong></span> <span class='ocrx_word' id='word_1_257' title='bbox 1546 3523 1677 3579; x_wconf 66' lang='lat' dir='ltr'><strong>quae</strong></span> <span class='ocrx_word' id='word_1_258' title='bbox 1706 3521 1831 3579; x_wconf 89' lang='lat' dir='ltr'><strong>per-</strong></span> 
     </span>
    </p>
   </div>
   <div class='ocr_carea' id='block_1_37' title="bbox 178 3597 883 3654">
    <p class='ocr_par' dir='ltr' id='par_1_37' title="bbox 178 3597 883 3654">
     <span class='ocr_line' id='line_1_37' title="bbox 178 3597 883 3654; baseline -0.003 0"><span class='ocrx_word' id='word_1_259' title='bbox 178 3597 455 3654; x_wconf 88' lang='lat' dir='ltr'><strong>cutienda</strong></span> <span class='ocrx_word' id='word_1_260' title='bbox 488 3613 702 3654; x_wconf 89' lang='lat' dir='ltr'><strong>canora</strong></span> <span class='ocrx_word' id='word_1_261' title='bbox 723 3600 883 3653; x_wconf 89' lang='lat' dir='ltr'><strong>sunt.</strong></span> 
     </span>
    </p>
   </div>
   <div class='ocr_carea' id='block_1_38' title="bbox 176 3731 1829 3804">
    <p class='ocr_par' dir='ltr' id='par_1_38' title="bbox 176 3731 1829 3804">
     <span class='ocr_line' id='line_1_38' title="bbox 176 3731 1829 3804; baseline 0 -16"><span class='ocrx_word' id='word_1_262' title='bbox 176 3731 415 3789; x_wconf 82' lang='lat' dir='ltr'><strong>CAPUT</strong></span> <span class='ocrx_word' id='word_1_263' title='bbox 444 3732 646 3789; x_wconf 84' lang='lat' dir='ltr'><strong>XVIII.</strong></span> <span class='ocrx_word' id='word_1_264' title='bbox 678 3763 747 3774; x_wconf 86' lang='lat'><em>--</em></span> <span class='ocrx_word' id='word_1_265' title='bbox 774 3734 1003 3803; x_wconf 83' lang='lat' dir='ltr'><strong>Pro/ani</strong></span> <span class='ocrx_word' id='word_1_266' title='bbox 1030 3734 1080 3787; x_wconf 78' lang='grc' dir='ltr'><strong>,ςί</strong></span> <span class='ocrx_word' id='word_1_267' title='bbox 1108 3732 1238 3804; x_wconf 77' lang='lat' dir='ltr'><strong>quid</strong></span> <span class='ocrx_word' id='word_1_268' title='bbox 1271 3732 1401 3789; x_wconf 82' lang='lat' dir='ltr'><strong>bene</strong></span> <span class='ocrx_word' id='word_1_269' title='bbox 1426 3731 1829 3803; x_wconf 66' lang='lat' dir='ltr'><strong>dz&#39;xemnlmon</strong></span> 
     </span>
    </p>
   </div>
   <div class='ocr_carea' id='block_1_39' title="bbox 782 3805 1220 3877">
    <p class='ocr_par' dir='ltr' id='par_1_39' title="bbox 782 3805 1220 3877">
     <span class='ocr_line' id='line_1_39' title="bbox 782 3805 1220 3877; baseline -0.002 -17"><span class='ocrx_word' id='word_1_270' title='bbox 782 3805 1220 3877; x_wconf 79' lang='lat' dir='ltr'><strong>aspernandum.</strong></span> 
     </span>
    </p>
   </div>
   <div class='ocr_carea' id='block_1_40' title="bbox 246 3910 1828 3983">
    <p class='ocr_par' dir='ltr' id='par_1_40' title="bbox 246 3910 1828 3983">
     <span class='ocr_line' id='line_1_40' title="bbox 246 3910 1828 3983; baseline 0.001 -17"><span class='ocrx_word' id='word_1_271' title='bbox 246 3913 337 3966; x_wconf 82' lang='lat'><strong>28.</strong></span> <span class='ocrx_word' id='word_1_272' title='bbox 372 3912 480 3967; x_wconf 86' lang='lat' dir='ltr'><strong>Sed</strong></span> <span class='ocrx_word' id='word_1_273' title='bbox 505 3911 623 3968; x_wconf 89' lang='lat' dir='ltr'><strong>sive</strong></span> <span class='ocrx_word' id='word_1_274' title='bbox 645 3912 727 3968; x_wconf 89' lang='lat' dir='ltr'><strong>ita</strong></span> <span class='ocrx_word' id='word_1_275' title='bbox 746 3928 808 3968; x_wconf 89' lang='lat' dir='ltr'><strong>se</strong></span> <span class='ocrx_word' id='word_1_276' title='bbox 830 3911 1044 3968; x_wconf 88' lang='lat' dir='ltr'><strong>habeat</strong></span> <span class='ocrx_word' id='word_1_277' title='bbox 1064 3912 1218 3983; x_wconf 90' lang='lat' dir='ltr'><strong>quod</strong></span> <span class='ocrx_word' id='word_1_278' title='bbox 1241 3910 1423 3967; x_wconf 91' lang='lat' dir='ltr'><strong>Varro</strong></span> <span class='ocrx_word' id='word_1_279' title='bbox 1455 3910 1672 3980; x_wconf 90' lang='lat' dir='ltr'><strong>retulit,</strong></span> <span class='ocrx_word' id='word_1_280' title='bbox 1708 3911 1828 3968; x_wconf 89' lang='lat' dir='ltr'><strong>sive</strong></span> 
     </span>
    </p>
   </div>
   <div class='ocr_carea' id='block_1_41' title="bbox 176 4001 1828 4073">
    <p class='ocr_par' dir='ltr' id='par_1_41' title="bbox 176 4001 1828 4073">
     <span class='ocr_line' id='line_1_41' title="bbox 176 4001 1828 4073; baseline 0.001 -16"><span class='ocrx_word' id='word_1_281' title='bbox 176 4019 295 4057; x_wconf 90' lang='lat' dir='ltr'><strong>non</strong></span> <span class='ocrx_word' id='word_1_282' title='bbox 330 4002 439 4069; x_wconf 84' lang='lat' dir='ltr'><strong>ita;</strong></span> <span class='ocrx_word' id='word_1_283' title='bbox 481 4018 587 4057; x_wconf 89' lang='lat' dir='ltr'><strong>nos</strong></span> <span class='ocrx_word' id='word_1_284' title='bbox 636 4006 834 4057; x_wconf 88' lang='lat' dir='ltr'><strong>tamen</strong></span> <span class='ocrx_word' id='word_1_285' title='bbox 878 4004 1115 4073; x_wconf 89' lang='lat' dir='ltr'><strong>propter</strong></span> <span class='ocrx_word' id='word_1_286' title='bbox 1160 4001 1641 4072; x_wconf 87' lang='lat' dir='ltr'><strong>superstitionem</strong></span> <span class='ocrx_word' id='word_1_287' title='bbox 1689 4018 1828 4073; x_wconf 88' lang='lat' dir='ltr'><strong>pra-</strong></span> 
     </span>
    </p>
   </div>
   <div class='ocr_carea' id='block_1_42' title="bbox 180 4089 1827 4163">
    <p class='ocr_par' dir='ltr' id='par_1_42' title="bbox 180 4089 1827 4163">
     <span class='ocr_line' id='line_1_42' title="bbox 180 4089 1827 4163; baseline 0.001 -17"><span class='ocrx_word' id='word_1_288' title='bbox 180 4092 455 4147; x_wconf 71' lang='lat' dir='ltr'><strong>fauorum</strong></span> <span class='ocrx_word' id='word_1_289' title='bbox 473 4091 755 4147; x_wconf 89' lang='lat' dir='ltr'><strong>debemus</strong></span> <span class='ocrx_word' id='word_1_290' title='bbox 769 4089 1051 4146; x_wconf 84' lang='lat' dir='ltr'><strong>musicam</strong></span> <span class='ocrx_word' id='word_1_291' title='bbox 1074 4090 1349 4163; x_wconf 89' lang='lat' dir='ltr'><strong>fugere,si</strong></span> <span class='ocrx_word' id='word_1_292' title='bbox 1372 4090 1509 4163; x_wconf 92' lang='lat' dir='ltr'><strong>quid</strong></span> <span class='ocrx_word' id='word_1_293' title='bbox 1527 4090 1662 4147; x_wconf 91' lang='lat' dir='ltr'><strong>inde</strong></span> <span class='ocrx_word' id='word_1_294' title='bbox 1684 4090 1827 4147; x_wconf 90' lang='lat' dir='ltr'><strong>utile</strong></span> 
     </span>
    </p>
   </div>
   <div class='ocr_carea' id='block_1_43' title="bbox 175 4179 1828 4253">
    <p class='ocr_par' dir='ltr' id='par_1_43' title="bbox 175 4179 1828 4253">
     <span class='ocr_line' id='line_1_43' title="bbox 175 4179 1828 4253; baseline -0.001 -16"><span class='ocrx_word' id='word_1_295' title='bbox 175 4182 251 4237; x_wconf 89' lang='lat' dir='ltr'><strong>ad</strong></span> <span class='ocrx_word' id='word_1_296' title='bbox 289 4179 697 4252; x_wconf 87' lang='lat' dir='ltr'><strong>intelligendas</strong></span> <span class='ocrx_word' id='word_1_297' title='bbox 718 4184 954 4236; x_wconf 88' lang='lat' dir='ltr'><strong>sanctas</strong></span> <span class='ocrx_word' id='word_1_298' title='bbox 976 4180 1311 4252; x_wconf 89' lang='lat' dir='ltr'><strong>Scripturas</strong></span> <span class='ocrx_word' id='word_1_299' title='bbox 1341 4196 1544 4253; x_wconf 90' lang='lat' dir='ltr'><strong>rapere</strong></span> <span class='ocrx_word' id='word_1_300' title='bbox 1567 4181 1828 4253; x_wconf 89' lang='lat' dir='ltr'><strong>potueri-</strong></span> 
     </span>
    </p>
   </div>
   <div class='ocr_carea' id='block_1_44' title="bbox 177 4268 1825 4342">
    <p class='ocr_par' dir='ltr' id='par_1_44' title="bbox 177 4268 1825 4342">
     <span class='ocr_line' id='line_1_44' title="bbox 177 4268 1825 4342; baseline 0 -17"><span class='ocrx_word' id='word_1_301' title='bbox 177 4287 355 4338; x_wconf 87' lang='lat' dir='ltr'><strong>mus;</strong></span> <span class='ocrx_word' id='word_1_302' title='bbox 391 4286 495 4325; x_wconf 88' lang='lat' dir='ltr'><strong>nec</strong></span> <span class='ocrx_word' id='word_1_303' title='bbox 522 4271 593 4325; x_wconf 90' lang='lat' dir='ltr'><strong>ad</strong></span> <span class='ocrx_word' id='word_1_304' title='bbox 626 4268 866 4325; x_wconf 92' lang='lat' dir='ltr'><strong>illorum</strong></span> <span class='ocrx_word' id='word_1_305' title='bbox 900 4269 1217 4325; x_wconf 82' lang='lat' dir='ltr'><strong>theatricas</strong></span> <span class='ocrx_word' id='word_1_306' title='bbox 1250 4286 1437 4342; x_wconf 87' lang='lat' dir='ltr'><strong>nugas</strong></span> <span class='ocrx_word' id='word_1_307' title='bbox 1469 4271 1753 4335; x_wconf 90' lang='lat' dir='ltr'><strong>cnnverti,</strong></span> <span class='ocrx_word' id='word_1_308' title='bbox 1775 4269 1825 4325; x_wconf 91' lang='lat' dir='ltr'><strong>si</strong></span> 
     </span>
    </p>
   </div>
   <div class='ocr_carea' id='block_1_45' title="bbox 175 4360 1828 4434">
    <p class='ocr_par' dir='ltr' id='par_1_45' title="bbox 175 4360 1828 4434">
     <span class='ocr_line' id='line_1_45' title="bbox 175 4360 1828 4434; baseline -0.001 -16"><span class='ocrx_word' id='word_1_309' title='bbox 175 4361 402 4433; x_wconf 89' lang='lat' dir='ltr'><strong>aliquid</strong></span> <span class='ocrx_word' id='word_1_310' title='bbox 426 4363 497 4417; x_wconf 88' lang='lat' dir='ltr'><strong>de</strong></span> <span class='ocrx_word' id='word_1_311' title='bbox 518 4361 761 4417; x_wconf 90' lang='lat' dir='ltr'><strong>citharis</strong></span> <span class='ocrx_word' id='word_1_312' title='bbox 790 4367 844 4417; x_wconf 88' lang='lat' dir='ltr'><strong>et</strong></span> <span class='ocrx_word' id='word_1_313' title='bbox 867 4362 937 4417; x_wconf 89' lang='lat' dir='ltr'><strong>de</strong></span> <span class='ocrx_word' id='word_1_314' title='bbox 967 4360 1225 4432; x_wconf 85' lang='lat' dir='ltr'><strong>organis,</strong></span> <span class='ocrx_word' id='word_1_315' title='bbox 1250 4361 1405 4432; x_wconf 93' lang='lat' dir='ltr'><strong>quod</strong></span> <span class='ocrx_word' id='word_1_316' title='bbox 1430 4362 1503 4415; x_wconf 92' lang='lat' dir='ltr'><strong>ad</strong></span> <span class='ocrx_word' id='word_1_317' title='bbox 1534 4361 1828 4434; x_wconf 83' lang='lat' dir='ltr'><strong>spiritalia</strong></span> 
     </span>
    </p>
   </div>
   <div class='ocr_carea' id='block_1_46' title="bbox 176 4450 1825 4524">
    <p class='ocr_par' dir='ltr' id='par_1_46' title="bbox 176 4450 1825 4524">
     <span class='ocr_line' id='line_1_46' title="bbox 176 4450 1825 4524; baseline 0 -17"><span class='ocrx_word' id='word_1_318' title='bbox 176 4451 463 4524; x_wconf 86' lang='lat' dir='ltr'><strong>capienda</strong></span> <span class='ocrx_word' id='word_1_319' title='bbox 485 4450 1091 4523; x_wconf 77' lang='lat' dir='ltr'><strong>valeat,displtemus.</strong></span> <span class='ocrx_word' id='word_1_320' title='bbox 1117 4450 1310 4521; x_wconf 89' lang='lat' dir='ltr'><strong>Neque</strong></span> <span class='ocrx_word' id='word_1_321' title='bbox 1332 4450 1489 4507; x_wconf 90' lang='lat' dir='ltr'><strong>enim</strong></span> <span class='ocrx_word' id='word_1_322' title='bbox 1521 4458 1578 4507; x_wconf 90' lang='lat' dir='ltr'><strong>et</strong></span> <span class='ocrx_word' id='word_1_323' title='bbox 1600 4451 1825 4507; x_wconf 88' lang='lat' dir='ltr'><strong>litteras</strong></span> 
     </span>
    </p>
   </div>
   <div class='ocr_carea' id='block_1_47' title="bbox 176 4540 1826 4613">
    <p class='ocr_par' dir='ltr' id='par_1_47' title="bbox 176 4540 1826 4613">
     <span class='ocr_line' id='line_1_47' title="bbox 176 4540 1826 4613; baseline -0.001 -16"><span class='ocrx_word' id='word_1_324' title='bbox 176 4542 402 4598; x_wconf 88' lang='lat' dir='ltr'><strong>discere</strong></span> <span class='ocrx_word' id='word_1_325' title='bbox 432 4557 545 4597; x_wconf 92' lang='lat' dir='ltr'><strong>non</strong></span> <span class='ocrx_word' id='word_1_326' title='bbox 577 4541 911 4611; x_wconf 88' lang='lat' dir='ltr'><strong>debuimus,</strong></span> <span class='ocrx_word' id='word_1_327' title='bbox 945 4540 1083 4612; x_wconf 92' lang='lat' dir='ltr'><strong>quia</strong></span> <span class='ocrx_word' id='word_1_328' title='bbox 1106 4557 1308 4596; x_wconf 90' lang='lat' dir='ltr'><strong>earum</strong></span> <span class='ocrx_word' id='word_1_329' title='bbox 1333 4546 1687 4613; x_wconf 90' lang='lat' dir='ltr'><strong>repertorem</strong></span> <span class='ocrx_word' id='word_1_330' title='bbox 1710 4541 1826 4597; x_wconf 73' lang='lat' dir='ltr'><strong>&#39;di—</strong></span> 
     </span>
    </p>
   </div>
   <div class='ocr_carea' id='block_1_48' title="bbox 176 4630 1824 4704">
    <p class='ocr_par' dir='ltr' id='par_1_48' title="bbox 176 4630 1824 4704">
     <span class='ocr_line' id='line_1_48' title="bbox 176 4630 1824 4704; baseline 0 -15"><span class='ocrx_word' id='word_1_331' title='bbox 176 4637 321 4689; x_wconf 89' lang='lat' dir='ltr'><strong>cunt</strong></span> <span class='ocrx_word' id='word_1_332' title='bbox 349 4647 479 4688; x_wconf 88' lang='lat' dir='ltr'><strong>esse</strong></span> <span class='ocrx_word' id='word_1_333' title='bbox 510 4630 861 4687; x_wconf 89' lang='lat' dir='ltr'><strong>Mercurium</strong></span> <span class='ocrx_word' id='word_1_334' title='bbox 889 4648 901 4699; x_wconf 93' lang='lat'><strong>;</strong></span> <span class='ocrx_word' id='word_1_335' title='bbox 944 4634 1046 4685; x_wconf 91' lang='lat' dir='ltr'><strong>aut</strong></span> <span class='ocrx_word' id='word_1_336' title='bbox 1073 4630 1210 4700; x_wconf 87' lang='lat' dir='ltr'><strong>quia</strong></span> <span class='ocrx_word' id='word_1_337' title='bbox 1228 4630 1477 4701; x_wconf 66' lang='lat' dir='ltr'><strong>justitia:</strong></span> <span class='ocrx_word' id='word_1_338' title='bbox 1508 4631 1824 4704; x_wconf 88' lang='lat' dir='ltr'><strong>virtutique</strong></span> 
     </span>
    </p>
   </div>
   <div class='ocr_carea' id='block_1_49' title="bbox 176 4720 1822 4794">
    <p class='ocr_par' dir='ltr' id='par_1_49' title="bbox 176 4720 1822 4794">
     <span class='ocr_line' id='line_1_49' title="bbox 176 4720 1822 4794; baseline -0.001 -15"><span class='ocrx_word' id='word_1_339' title='bbox 176 4721 395 4794; x_wconf 84' lang='lat' dir='ltr'><strong>templa</strong></span> <span class='ocrx_word' id='word_1_340' title='bbox 418 4721 840 4789; x_wconf 88' lang='lat' dir='ltr'><strong>dedicarunt,et</strong></span> <span class='ocrx_word' id='word_1_341' title='bbox 861 4737 986 4792; x_wconf 68' lang='lat' dir='ltr'><strong>quae</strong></span> <span class='ocrx_word' id='word_1_342' title='bbox 1005 4720 1177 4776; x_wconf 90' lang='lat' dir='ltr'><strong>corde</strong></span> <span class='ocrx_word' id='word_1_343' title='bbox 1194 4721 1478 4792; x_wconf 89' lang='lat' dir='ltr'><strong>gestanda</strong></span> <span class='ocrx_word' id='word_1_344' title='bbox 1498 4726 1639 4777; x_wconf 88' lang='lat' dir='ltr'><strong>sunt</strong></span> <span class='ocrx_word' id='word_1_345' title='bbox 1659 4721 1718 4776; x_wconf 92' lang='lat' dir='ltr'><strong>in</strong></span> <span class='ocrx_word' id='word_1_346' title='bbox 1734 4720 1822 4777; x_wconf 82' lang='lat' dir='ltr'><strong>la-</strong></span> 
     </span>
    </p>
   </div>
   <div class='ocr_carea' id='block_1_50' title="bbox 178 4810 1825 4885">
    <p class='ocr_par' dir='ltr' id='par_1_50' title="bbox 178 4810 1825 4885">
     <span class='ocr_line' id='line_1_50' title="bbox 178 4810 1825 4885; baseline 0.001 -18"><span class='ocrx_word' id='word_1_347' title='bbox 178 4812 417 4885; x_wconf 88' lang='lat' dir='ltr'><strong>pidibus</strong></span> <span class='ocrx_word' id='word_1_348' title='bbox 438 4811 680 4867; x_wconf 88' lang='lat' dir='ltr'><strong>adorare</strong></span> <span class='ocrx_word' id='word_1_349' title='bbox 704 4810 1058 4881; x_wconf 90' lang='lat' dir='ltr'><strong>maluerunt,</strong></span> <span class='ocrx_word' id='word_1_350' title='bbox 1077 4814 1383 4881; x_wconf 86' lang='lat' dir='ltr'><strong>prapterea</strong></span> <span class='ocrx_word' id='word_1_351' title='bbox 1406 4810 1576 4867; x_wconf 89' lang='lat' dir='ltr'><strong>nobis</strong></span> <span class='ocrx_word' id='word_1_352' title='bbox 1592 4810 1825 4882; x_wconf 89' lang='lat' dir='ltr'><strong>justitia</strong></span> 
     </span>
    </p>
   </div>
   <div class='ocr_carea' id='block_1_51' title="bbox 174 4899 1824 4973">
    <p class='ocr_par' dir='ltr' id='par_1_51' title="bbox 174 4899 1824 4973">
     <span class='ocr_line' id='line_1_51' title="bbox 174 4899 1824 4973; baseline 0.001 -18"><span class='ocrx_word' id='word_1_353' title='bbox 174 4902 477 4973; x_wconf 87' lang='lat' dir='ltr'><strong>virtusque</strong></span> <span class='ocrx_word' id='word_1_354' title='bbox 489 4900 768 4973; x_wconf 87' lang='lat' dir='ltr'><strong>fugienda</strong></span> <span class='ocrx_word' id='word_1_355' title='bbox 787 4904 875 4955; x_wconf 89' lang='lat' dir='ltr'><strong>est</strong></span> <span class='ocrx_word' id='word_1_356' title='bbox 897 4916 909 4956; x_wconf 88' lang='lat'><strong>:</strong></span> <span class='ocrx_word' id='word_1_357' title='bbox 934 4899 1053 4954; x_wconf 91' lang='lat' dir='ltr'><strong>imo</strong></span> <span class='ocrx_word' id='word_1_358' title='bbox 1068 4915 1203 4957; x_wconf 89' lang='lat' dir='ltr'><strong>vero</strong></span> <span class='ocrx_word' id='word_1_359' title='bbox 1225 4899 1498 4973; x_wconf 90' lang='lat' dir='ltr'><strong>quisquis</strong></span> <span class='ocrx_word' id='word_1_360' title='bbox 1516 4902 1700 4957; x_wconf 83' lang='lat' dir='ltr'><strong>bonus</strong></span> <span class='ocrx_word' id='word_1_361' title='bbox 1725 4918 1824 4957; x_wconf 82' lang='lat' dir='ltr'><strong>ve-</strong></span> 
     </span>
    </p>
   </div>
   <div class='ocr_carea' id='block_1_52' title="bbox 176 4989 1826 5064">
    <p class='ocr_par' dir='ltr' id='par_1_52' title="bbox 176 4989 1826 5064">
     <span class='ocr_line' id='line_1_52' title="bbox 176 4989 1826 5064; baseline 0 -17"><span class='ocrx_word' id='word_1_362' title='bbox 176 5008 397 5063; x_wconf 85' lang='lat' dir='ltr'><strong>rusque</strong></span> <span class='ocrx_word' id='word_1_363' title='bbox 410 4990 1111 5057; x_wconf 86' lang='lat' dir='ltr'><strong>christianusest,Domini</strong></span> <span class='ocrx_word' id='word_1_364' title='bbox 1127 4991 1216 5046; x_wconf 91' lang='lat' dir='ltr'><strong>sui</strong></span> <span class='ocrx_word' id='word_1_365' title='bbox 1233 5006 1362 5047; x_wconf 90' lang='lat' dir='ltr'><strong>esse</strong></span> <span class='ocrx_word' id='word_1_366' title='bbox 1377 4989 1826 5064; x_wconf 87' lang='lat' dir='ltr'><strong>intelligat,ubi-</strong></span> 
     </span>
    </p>
   </div>
   <div class='ocr_carea' id='block_1_53' title="bbox 174 5079 1827 5153">
    <p class='ocr_par' dir='ltr' id='par_1_53' title="bbox 174 5079 1827 5153">
     <span class='ocr_line' id='line_1_53' title="bbox 174 5079 1827 5153; baseline -0.001 -15"><span class='ocrx_word' id='word_1_367' title='bbox 174 5097 428 5153; x_wconf 88' lang='lat' dir='ltr'><strong>cumque</strong></span> <span class='ocrx_word' id='word_1_368' title='bbox 443 5079 1246 5151; x_wconf 88' lang='lat' dir='ltr'><strong>inveneritveritatem,quam</strong></span> <span class='ocrx_word' id='word_1_369' title='bbox 1260 5080 1643 5137; x_wconf 67' lang='lat' dir='ltr'><strong>confitens’et</strong></span> <span class='ocrx_word' id='word_1_370' title='bbox 1655 5098 1827 5152; x_wconf 88' lang='lat' dir='ltr'><strong>agno-</strong></span> 
     </span>
    </p>
   </div>
   <div class='ocr_carea' id='block_1_54' title="bbox 173 5169 1826 5243">
    <p class='ocr_par' dir='ltr' id='par_1_54' title="bbox 173 5169 1826 5243">
     <span class='ocr_line' id='line_1_54' title="bbox 173 5169 1826 5243; baseline -0.002 -14"><span class='ocrx_word' id='word_1_371' title='bbox 173 5171 552 5236; x_wconf 78' lang='lat' dir='ltr'><strong>scens,etiam</strong></span> <span class='ocrx_word' id='word_1_372' title='bbox 579 5171 637 5225; x_wconf 91' lang='lat' dir='ltr'><strong>in</strong></span> <span class='ocrx_word' id='word_1_373' title='bbox 665 5169 897 5225; x_wconf 88' lang='lat' dir='ltr'><strong>Litteris</strong></span> <span class='ocrx_word' id='word_1_374' title='bbox 919 5169 1103 5225; x_wconf 89' lang='lat' dir='ltr'><strong>sacris</strong></span> <span class='ocrx_word' id='word_1_375' title='bbox 1125 5169 1531 5243; x_wconf 85' lang='lat' dir='ltr'><strong>superstitiosa</strong></span> <span class='ocrx_word' id='word_1_376' title='bbox 1546 5171 1826 5242; x_wconf 83' lang='lat' dir='ltr'><strong>ﬁgmenta</strong></span> 
     </span>
    </p>
   </div>
   <div class='ocr_carea' id='block_1_55' title="bbox 173 5258 1825 5333">
    <p class='ocr_par' dir='ltr' id='par_1_55' title="bbox 173 5258 1825 5333">
     <span class='ocr_line' id='line_1_55' title="bbox 173 5258 1825 5333; baseline -0.001 -15"><span class='ocrx_word' id='word_1_377' title='bbox 173 5261 463 5333; x_wconf 84' lang='lat' dir='ltr'><strong>repudiet;</strong></span> <span class='ocrx_word' id='word_1_378' title='bbox 478 5260 789 5331; x_wconf 87' lang='lat' dir='ltr'><strong>doleatque</strong></span> <span class='ocrx_word' id='word_1_379' title='bbox 801 5258 1071 5315; x_wconf 91' lang='lat' dir='ltr'><strong>homines</strong></span> <span class='ocrx_word' id='word_1_380' title='bbox 1085 5264 1260 5331; x_wconf 89' lang='lat' dir='ltr'><strong>atque</strong></span> <span class='ocrx_word' id='word_1_381' title='bbox 1271 5261 1594 5332; x_wconf 89' lang='lat' dir='ltr'><strong>caveat,qui</strong></span> <span class='ocrx_word' id='word_1_382' title='bbox 1611 5276 1825 5333; x_wconf 87' lang='lat' dir='ltr'><strong>cogno-</strong></span> 
     </span>
    </p>
   </div>
   <div class='ocr_carea' id='block_1_56' title="bbox 174 5348 1826 5424">
    <p class='ocr_par' dir='ltr' id='par_1_56' title="bbox 174 5348 1826 5424">
     <span class='ocr_line' id='line_1_56' title="bbox 174 5348 1826 5424; baseline -0.002 -15"><span class='ocrx_word' id='word_1_383' title='bbox 174 5356 407 5409; x_wconf 86' lang='lat' dir='ltr'><strong>scentes</strong></span> <span class='ocrx_word' id='word_1_384' title='bbox 430 5351 758 5418; x_wconf 90' lang='lat' dir='ltr'><strong>Deum,non</strong></span> <span class='ocrx_word' id='word_1_385' title='bbox 782 5353 845 5404; x_wconf 90' lang='lat' dir='ltr'><strong>ut</strong></span> <span class='ocrx_word' id='word_1_386' title='bbox 870 5350 1048 5406; x_wconf 89' lang='lat' dir='ltr'><strong>Deum</strong></span> <span class='ocrx_word' id='word_1_387' title='bbox 1072 5348 1673 5422; x_wconf 83' lang='lat' dir='ltr'><strong>glorificaverunt,aut</strong></span> <span class='ocrx_word' id='word_1_388' title='bbox 1695 5366 1826 5424; x_wconf 86' lang='lat' dir='ltr'><strong>gra-</strong></span> 
     </span>
    </p>
   </div>
   <div class='ocr_carea' id='block_1_57' title="bbox 241 5526 1827 5591">
    <p class='ocr_par' dir='ltr' id='par_1_57' title="bbox 241 5526 1827 5591">
     <span class='ocr_line' id='line_1_57' title="bbox 241 5526 1827 5591; baseline 0.001 -12"><span class='ocrx_word' id='word_1_389' title='bbox 241 5533 255 5566; x_wconf 78' lang='grc' dir='ltr'>ι</span> <span class='ocrx_word' id='word_1_390' title='bbox 292 5530 419 5579; x_wconf 75' lang='lat' dir='ltr'><strong>Mss.</strong></span> <span class='ocrx_word' id='word_1_391' title='bbox 443 5529 550 5579; x_wconf 91' lang='lat' dir='ltr'><strong>duo</strong></span> <span class='ocrx_word' id='word_1_392' title='bbox 582 5542 610 5578; x_wconf 89' lang='lat' dir='ltr'>e</span> <span class='ocrx_word' id='word_1_393' title='bbox 643 5526 1209 5591; x_wconf 56' lang='lat' dir='ltr'><strong>Vaticanis,Minervg,</strong></span> <span class='ocrx_word' id='word_1_394' title='bbox 1232 5526 1347 5585; x_wconf 83' lang='lat' dir='ltr'><strong>Alii,</strong></span> <span class='ocrx_word' id='word_1_395' title='bbox 1380 5542 1569 5579; x_wconf 86' lang='lat' dir='ltr'><strong>omnes</strong></span> <span class='ocrx_word' id='word_1_396' title='bbox 1599 5530 1827 5591; x_wconf 88' lang='lat' dir='ltr'><strong>codices,</strong></span> 
     </span>
    </p>
   </div>
   <div class='ocr_carea' id='block_1_58' title="bbox 179 5590 1827 5657">
    <p class='ocr_par' dir='ltr' id='par_1_58' title="bbox 179 5590 1827 5657">
     <span class='ocr_line' id='line_1_58' title="bbox 179 5590 1827 5657; baseline 0 -13"><span class='ocrx_word' id='word_1_397' title='bbox 179 5592 550 5644; x_wconf 55' lang='lat' dir='ltr'><strong>MemoriaSic</strong></span> <span class='ocrx_word' id='word_1_398' title='bbox 569 5606 701 5641; x_wconf 86' lang='lat' dir='ltr'><strong>vero</strong></span> <span class='ocrx_word' id='word_1_399' title='bbox 724 5590 878 5640; x_wconf 85' lang='lat' dir='ltr'><strong>etiam</strong></span> <span class='ocrx_word' id='word_1_400' title='bbox 904 5592 959 5639; x_wconf 90' lang='lat' dir='ltr'><strong>in</strong></span> <span class='ocrx_word' id='word_1_401' title='bbox 981 5590 1069 5639; x_wconf 90' lang='lat' dir='ltr'><strong>lib.</strong></span> <span class='ocrx_word' id='word_1_402' title='bbox 1094 5590 1203 5657; x_wconf 64' lang='lat' dir='ltr'><strong>gde</strong></span> <span class='ocrx_word' id='word_1_403' title='bbox 1225 5591 1438 5657; x_wconf 80' lang='lat' dir='ltr'><strong>Ordine,</strong></span> <span class='ocrx_word' id='word_1_404' title='bbox 1461 5608 1576 5657; x_wconf 87' lang='lat' dir='ltr'><strong>cap.</strong></span> <span class='ocrx_word' id='word_1_405' title='bbox 1601 5596 1732 5654; x_wconf 65' lang='lat' dir='ltr'><strong>lli,n.</strong></span> <span class='ocrx_word' id='word_1_406' title='bbox 1748 5598 1827 5644; x_wconf 68' lang='grc'><strong>41.</strong></span> 
     </span>
    </p>
   </div>
   <div class='ocr_carea' id='block_1_59' title="bbox 242 5653 1477 5720">
    <p class='ocr_par' dir='ltr' id='par_1_59' title="bbox 242 5653 1477 5720">
     <span class='ocr_line' id='line_1_59' title="bbox 242 5653 1477 5720; baseline -0.001 -14"><span class='ocrx_word' id='word_1_407' title='bbox 242 5660 264 5693; x_wconf 76' lang='grc'>³</span> <span class='ocrx_word' id='word_1_408' title='bbox 294 5658 419 5706; x_wconf 77' lang='lat' dir='ltr'><strong>Mss.</strong></span> <span class='ocrx_word' id='word_1_409' title='bbox 449 5669 620 5720; x_wconf 85' lang='lat' dir='ltr'><strong>prope</strong></span> <span class='ocrx_word' id='word_1_410' title='bbox 650 5667 859 5720; x_wconf 83' lang='lat' dir='ltr'><strong>omnes,</strong></span> <span class='ocrx_word' id='word_1_411' title='bbox 886 5668 1060 5720; x_wconf 75' lang='lat' dir='ltr'><strong>earum</strong></span> <span class='ocrx_word' id='word_1_412' title='bbox 1088 5653 1249 5703; x_wconf 83' lang='lat' dir='ltr'><strong>Deum</strong></span> <span class='ocrx_word' id='word_1_413' title='bbox 1280 5653 1477 5705; x_wconf 77' lang='lat' dir='ltr'><strong>dicunt.</strong></span> 
     </span>
    </p>
   </div>
   <div class='ocr_carea' id='block_1_60' title="bbox 238 5718 1829 5786">
    <p class='ocr_par' dir='ltr' id='par_1_60' title="bbox 238 5718 1829 5786">
     <span class='ocr_line' id='line_1_60' title="bbox 238 5718 1829 5786; baseline 0 -15"><span class='ocrx_word' id='word_1_414' title='bbox 238 5722 261 5758; x_wconf 74' lang='grc'>⁸</span> <span class='ocrx_word' id='word_1_415' title='bbox 281 5718 703 5786; x_wconf 64' lang='grc' dir='ltr'><strong>Μειριυείῇιιαω</strong></span> <span class='ocrx_word' id='word_1_416' title='bbox 722 5718 1234 5783; x_wconf 80' lang='lat' dir='ltr'><strong>vigenti,con/erem:</strong></span> <span class='ocrx_word' id='word_1_417' title='bbox 1255 5720 1524 5771; x_wconf 88' lang='lat' dir='ltr'><strong>consentit</strong></span> <span class='ocrx_word' id='word_1_418' title='bbox 1539 5719 1702 5771; x_wconf 87' lang='lat' dir='ltr'><strong>editio</strong></span> <span class='ocrx_word' id='word_1_419' title='bbox 1712 5719 1829 5773; x_wconf 87' lang='lat' dir='ltr'><strong>Am.</strong></span> 
     </span>
    </p>
   </div>
   <div class='ocr_carea' id='block_1_61' title="bbox 1962 422 3616 497">
    <p class='ocr_par' dir='ltr' id='par_1_61' title="bbox 1962 422 3616 497">
     <span class='ocr_line' id='line_1_61' title="bbox 1962 422 3616 497; baseline 0.002 -18"><span class='ocrx_word' id='word_1_420' title='bbox 1962 422 2075 479; x_wconf 89' lang='lat' dir='ltr'><strong>tias</strong></span> <span class='ocrx_word' id='word_1_421' title='bbox 2105 428 2372 497; x_wconf 82' lang='lat' dir='ltr'><strong>egerunt,</strong></span> <span class='ocrx_word' id='word_1_422' title='bbox 2388 425 2491 481; x_wconf 91' lang='lat' dir='ltr'><strong>sed</strong></span> <span class='ocrx_word' id='word_1_423' title='bbox 2514 427 2877 480; x_wconf 89' lang='lat' dir='ltr'><strong>evanuerunt</strong></span> <span class='ocrx_word' id='word_1_424' title='bbox 2896 423 2957 479; x_wconf 92' lang='lat' dir='ltr'><strong>in</strong></span> <span class='ocrx_word' id='word_1_425' title='bbox 2980 424 3439 497; x_wconf 87' lang='lat' dir='ltr'><strong>cogitationibus</strong></span> <span class='ocrx_word' id='word_1_426' title='bbox 3462 425 3616 495; x_wconf 90' lang='lat' dir='ltr'><strong>suis,</strong></span> 
     </span>
    </p>
   </div>
   <div class='ocr_carea' id='block_1_62' title="bbox 1961 513 3614 587">
    <p class='ocr_par' dir='ltr' id='par_1_62' title="bbox 1961 513 3614 587">
     <span class='ocr_line' id='line_1_62' title="bbox 1961 513 3614 587; baseline 0.001 -17"><span class='ocrx_word' id='word_1_427' title='bbox 1961 517 2019 570; x_wconf 90' lang='lat' dir='ltr'><strong>et</strong></span> <span class='ocrx_word' id='word_1_428' title='bbox 2047 514 2424 570; x_wconf 83' lang='lat' dir='ltr'><strong>obscuratum</strong></span> <span class='ocrx_word' id='word_1_429' title='bbox 2474 517 2565 570; x_wconf 89' lang='lat' dir='ltr'><strong>est</strong></span> <span class='ocrx_word' id='word_1_430' title='bbox 2610 530 2709 569; x_wconf 92' lang='lat' dir='ltr'><strong>cor</strong></span> <span class='ocrx_word' id='word_1_431' title='bbox 2740 513 3026 587; x_wconf 89' lang='lat' dir='ltr'><strong>insipiens</strong></span> <span class='ocrx_word' id='word_1_432' title='bbox 3065 530 3267 571; x_wconf 90' lang='lat' dir='ltr'><strong>eorum</strong></span> <span class='ocrx_word' id='word_1_433' title='bbox 3300 530 3313 569; x_wconf 89' lang='lat'>:</span> <span class='ocrx_word' id='word_1_434' title='bbox 3351 513 3614 571; x_wconf 85' lang='lat' dir='ltr'><strong>dicentes</strong></span> 
     </span>
    </p>
   </div>
   <div class='ocr_carea' id='block_1_63' title="bbox 1960 602 3617 675">
    <p class='ocr_par' dir='ltr' id='par_1_63' title="bbox 1960 602 3617 675">
     <span class='ocr_line' id='line_1_63' title="bbox 1960 602 3617 675; baseline 0.002 -18"><span class='ocrx_word' id='word_1_435' title='bbox 1960 602 2115 658; x_wconf 89' lang='lat' dir='ltr'><strong>enim</strong></span> <span class='ocrx_word' id='word_1_436' title='bbox 2149 620 2211 659; x_wconf 88' lang='lat' dir='ltr'><strong>se</strong></span> <span class='ocrx_word' id='word_1_437' title='bbox 2239 620 2367 659; x_wconf 87' lang='lat' dir='ltr'><strong>esse</strong></span> <span class='ocrx_word' id='word_1_438' title='bbox 2399 603 2740 675; x_wconf 89' lang='lat' dir='ltr'><strong>sapientes.,</strong></span> <span class='ocrx_word' id='word_1_439' title='bbox 2772 602 2909 659; x_wconf 87' lang='lat' dir='ltr'><strong>sulti</strong></span> <span class='ocrx_word' id='word_1_440' title='bbox 2943 602 3082 659; x_wconf 87' lang='lat' dir='ltr'><strong>facti</strong></span> <span class='ocrx_word' id='word_1_441' title='bbox 3111 608 3273 673; x_wconf 88' lang='lat' dir='ltr'><strong>sunt,</strong></span> <span class='ocrx_word' id='word_1_442' title='bbox 3305 607 3362 660; x_wconf 90' lang='lat' dir='ltr'><strong>et</strong></span> <span class='ocrx_word' id='word_1_443' title='bbox 3391 604 3617 661; x_wconf 90' lang='lat' dir='ltr'><strong>immu-</strong></span> 
     </span>
    </p>
   </div>
   <div class='ocr_carea' id='block_1_64' title="bbox 1961 692 3614 765">
    <p class='ocr_par' dir='ltr' id='par_1_64' title="bbox 1961 692 3614 765">
     <span class='ocr_line' id='line_1_64' title="bbox 1961 692 3614 765; baseline 0.001 -17"><span class='ocrx_word' id='word_1_444' title='bbox 1961 695 2234 749; x_wconf 86' lang='lat' dir='ltr'><strong>taverunt</strong></span> <span class='ocrx_word' id='word_1_445' title='bbox 2263 693 2513 765; x_wconf 88' lang='lat' dir='ltr'><strong>gloriam</strong></span> <span class='ocrx_word' id='word_1_446' title='bbox 2548 692 3012 765; x_wconf 90' lang='lat' dir='ltr'><strong>incorruptibilis</strong></span> <span class='ocrx_word' id='word_1_447' title='bbox 3047 693 3144 749; x_wconf 91' lang='lat' dir='ltr'><strong>Dei</strong></span> <span class='ocrx_word' id='word_1_448' title='bbox 3174 693 3233 748; x_wconf 94' lang='lat' dir='ltr'><strong>in</strong></span> <span class='ocrx_word' id='word_1_449' title='bbox 3266 694 3614 750; x_wconf 87' lang='lat' dir='ltr'><strong>similitudi-</strong></span> 
     </span>
    </p>
   </div>
   <div class='ocr_carea' id='block_1_65' title="bbox 1961 781 3610 854">
    <p class='ocr_par' dir='ltr' id='par_1_65' title="bbox 1961 781 3610 854">
     <span class='ocr_line' id='line_1_65' title="bbox 1961 781 3610 854; baseline 0.001 -17"><span class='ocrx_word' id='word_1_450' title='bbox 1961 797 2096 837; x_wconf 91' lang='lat' dir='ltr'><strong>nem</strong></span> <span class='ocrx_word' id='word_1_451' title='bbox 2129 781 2410 854; x_wconf 90' lang='lat' dir='ltr'><strong>imaginis</strong></span> <span class='ocrx_word' id='word_1_452' title='bbox 2463 781 2867 854; x_wconf 89' lang='lat' dir='ltr'><strong>corruptibilis</strong></span> <span class='ocrx_word' id='word_1_453' title='bbox 2906 781 3252 851; x_wconf 85' lang='lat' dir='ltr'><strong>hominis,et</strong></span> <span class='ocrx_word' id='word_1_454' title='bbox 3276 782 3610 853; x_wconf 90' lang='lat' dir='ltr'><strong>volucrum,</strong></span> 
     </span>
    </p>
   </div>
   <div class='ocr_carea' id='block_1_66' title="bbox 1958 871 3573 948">
    <p class='ocr_par' dir='ltr' id='par_1_66' title="bbox 1958 871 3573 948">
     <span class='ocr_line' id='line_1_66' title="bbox 1958 871 3573 948; baseline 0.002 -22"><span class='ocrx_word' id='word_1_455' title='bbox 1958 874 2016 926; x_wconf 90' lang='lat' dir='ltr'><strong>et</strong></span> <span class='ocrx_word' id='word_1_456' title='bbox 2040 871 2520 944; x_wconf 88' lang='lat' dir='ltr'><strong>quadrupedum,</strong></span> <span class='ocrx_word' id='word_1_457' title='bbox 2553 876 2611 927; x_wconf 87' lang='lat' dir='ltr'><strong>et</strong></span> <span class='ocrx_word' id='word_1_458' title='bbox 2641 871 3003 944; x_wconf 87' lang='lat' dir='ltr'><strong>serpentium</strong></span> <span class='ocrx_word' id='word_1_459' title='bbox 3040 873 3211 943; x_wconf 85' lang='lat' dir='ltr'><strong>(Rom.</strong></span> <span class='ocrx_word' id='word_1_460' title='bbox 3245 889 3284 944; x_wconf 81' lang='grc' dir='ltr'><strong>ι,</strong></span> <span class='ocrx_word' id='word_1_461' title='bbox 3311 874 3376 927; x_wconf 85' lang='grc'><strong>21</strong></span> <span class='ocrx_word' id='word_1_462' title='bbox 3410 873 3573 948; x_wconf 75' lang='lat' dir='ltr'><strong>sqq.).</strong></span> 
     </span>
    </p>
   </div>
   <div class='ocr_carea' id='block_1_67' title="bbox 1956 1006 3615 1082">
    <p class='ocr_par' dir='ltr' id='par_1_67' title="bbox 1956 1006 3615 1082">
     <span class='ocr_line' id='line_1_67' title="bbox 1956 1006 3615 1082; baseline 0.001 -18"><span class='ocrx_word' id='word_1_463' title='bbox 1956 1006 2187 1064; x_wconf 81' lang='lat' dir='ltr'><strong>CAPUT</strong></span> <span class='ocrx_word' id='word_1_464' title='bbox 2219 1007 2359 1064; x_wconf 87' lang='lat' dir='ltr'><strong>XIX.</strong></span> <span class='ocrx_word' id='word_1_465' title='bbox 2383 1040 2452 1049; x_wconf 91' lang='lat'><strong>—-</strong></span> <span class='ocrx_word' id='word_1_466' title='bbox 2470 1009 2854 1065; x_wconf 81' lang='lat' dir='ltr'><strong>Doctrinarum</strong></span> <span class='ocrx_word' id='word_1_467' title='bbox 2877 1024 3078 1078; x_wconf 74' lang='lat' dir='ltr'><strong>genera</strong></span> <span class='ocrx_word' id='word_1_468' title='bbox 3097 1008 3207 1066; x_wconf 88' lang='lat' dir='ltr'><strong>duo</strong></span> <span class='ocrx_word' id='word_1_469' title='bbox 3227 1018 3449 1081; x_wconf 76' lang='lat' dir='ltr'><strong>reperta</strong></span> <span class='ocrx_word' id='word_1_470' title='bbox 3467 1010 3615 1082; x_wconf 84' lang='lat' dir='ltr'><strong>apud</strong></span> 
     </span>
    </p>
   </div>
   <div class='ocr_carea' id='block_1_68' title="bbox 2650 1082 2923 1137">
    <p class='ocr_par' dir='ltr' id='par_1_68' title="bbox 2650 1082 2923 1137">
     <span class='ocr_line' id='line_1_68' title="bbox 2650 1082 2923 1137; baseline 0.004 -2"><span class='ocrx_word' id='word_1_471' title='bbox 2650 1082 2923 1137; x_wconf 81' lang='lat' dir='ltr'><strong>Ethnicos.</strong></span> 
     </span>
    </p>
   </div>
   <div class='ocr_carea' id='block_1_69' title="bbox 2024 1186 3616 1254">
    <p class='ocr_par' dir='ltr' id='par_1_69' title="bbox 2024 1186 3616 1254">
     <span class='ocr_line' id='line_1_69' title="bbox 2024 1186 3616 1254; baseline 0.002 -12"><span class='ocrx_word' id='word_1_472' title='bbox 2024 1186 2115 1242; x_wconf 86' lang='lat'><strong>29.</strong></span> <span class='ocrx_word' id='word_1_473' title='bbox 2148 1187 2259 1243; x_wconf 91' lang='lat' dir='ltr'><strong>Sed</strong></span> <span class='ocrx_word' id='word_1_474' title='bbox 2294 1191 2361 1243; x_wconf 91' lang='lat' dir='ltr'><strong>ut</strong></span> <span class='ocrx_word' id='word_1_475' title='bbox 2389 1191 2577 1243; x_wconf 91' lang='lat' dir='ltr'><strong>totum</strong></span> <span class='ocrx_word' id='word_1_476' title='bbox 2608 1187 2787 1243; x_wconf 91' lang='lat' dir='ltr'><strong>istum</strong></span> <span class='ocrx_word' id='word_1_477' title='bbox 2818 1187 3034 1254; x_wconf 91' lang='lat' dir='ltr'><strong>locum,</strong></span> <span class='ocrx_word' id='word_1_478' title='bbox 3069 1203 3205 1243; x_wconf 90' lang='lat' dir='ltr'><strong>nam</strong></span> <span class='ocrx_word' id='word_1_479' title='bbox 3238 1191 3328 1244; x_wconf 89' lang='lat' dir='ltr'><strong>est</strong></span> <span class='ocrx_word' id='word_1_480' title='bbox 3358 1187 3616 1245; x_wconf 79' lang='lat' dir='ltr'><strong>maxime</strong></span> 
     </span>
    </p>
   </div>
   <div class='ocr_carea' id='block_1_70' title="bbox 1954 1276 3616 1351">
    <p class='ocr_par' dir='ltr' id='par_1_70' title="bbox 1954 1276 3616 1351">
     <span class='ocr_line' id='line_1_70' title="bbox 1954 1276 3616 1351; baseline 0.002 -20"><span class='ocrx_word' id='word_1_481' title='bbox 1954 1277 2345 1345; x_wconf 89' lang='lat' dir='ltr'><strong>necessarius,</strong></span> <span class='ocrx_word' id='word_1_482' title='bbox 2377 1276 2724 1350; x_wconf 88' lang='lat' dir='ltr'><strong>diligentius</strong></span> <span class='ocrx_word' id='word_1_483' title='bbox 2753 1276 3151 1349; x_wconf 85' lang='lat' dir='ltr'><strong>explicemus;</strong></span> <span class='ocrx_word' id='word_1_484' title='bbox 3194 1278 3310 1334; x_wconf 92' lang='lat' dir='ltr'><strong>duo</strong></span> <span class='ocrx_word' id='word_1_485' title='bbox 3343 1281 3483 1334; x_wconf 88' lang='lat' dir='ltr'><strong>sunt</strong></span> <span class='ocrx_word' id='word_1_486' title='bbox 3514 1294 3616 1351; x_wconf 88' lang='lat' dir='ltr'><strong>ge-</strong></span> 
     </span>
    </p>
   </div>
   <div class='ocr_carea' id='block_1_71' title="bbox 1954 1365 3611 1439">
    <p class='ocr_par' dir='ltr' id='par_1_71' title="bbox 1954 1365 3611 1439">
     <span class='ocr_line' id='line_1_71' title="bbox 1954 1365 3611 1439; baseline 0.001 -19"><span class='ocrx_word' id='word_1_487' title='bbox 1954 1381 2095 1420; x_wconf 88' lang='lat' dir='ltr'><strong>nera</strong></span> <span class='ocrx_word' id='word_1_488' title='bbox 2126 1365 2550 1436; x_wconf 90' lang='lat' dir='ltr'><strong>doctrinarum,</strong></span> <span class='ocrx_word' id='word_1_489' title='bbox 2585 1383 2715 1439; x_wconf 80' lang='lat' dir='ltr'><strong>quae</strong></span> <span class='ocrx_word' id='word_1_490' title='bbox 2746 1367 2804 1421; x_wconf 91' lang='lat' dir='ltr'><strong>in</strong></span> <span class='ocrx_word' id='word_1_491' title='bbox 2856 1366 3177 1439; x_wconf 88' lang='lat' dir='ltr'><strong>gentilibus</strong></span> <span class='ocrx_word' id='word_1_492' title='bbox 3221 1367 3400 1423; x_wconf 86' lang='lat' dir='ltr'><strong>etiam</strong></span> <span class='ocrx_word' id='word_1_493' title='bbox 3432 1367 3611 1423; x_wconf 91' lang='lat' dir='ltr'><strong>mari-</strong></span> 
     </span>
    </p>
   </div>
   <div class='ocr_carea' id='block_1_72' title="bbox 1952 1452 3611 1529">
    <p class='ocr_par' dir='ltr' id='par_1_72' title="bbox 1952 1452 3611 1529">
     <span class='ocr_line' id='line_1_72' title="bbox 1952 1452 3611 1529; baseline 0.002 -21"><span class='ocrx_word' id='word_1_494' title='bbox 1952 1452 2117 1510; x_wconf 89' lang='lat' dir='ltr'><strong>ribus</strong></span> <span class='ocrx_word' id='word_1_495' title='bbox 2147 1459 2512 1511; x_wconf 84' lang='lat' dir='ltr'><strong>exercentur.</strong></span> <span class='ocrx_word' id='word_1_496' title='bbox 2548 1456 2737 1512; x_wconf 90' lang='lat' dir='ltr'><strong>Unum</strong></span> <span class='ocrx_word' id='word_1_497' title='bbox 2770 1472 2974 1512; x_wconf 89' lang='lat' dir='ltr'><strong>earum</strong></span> <span class='ocrx_word' id='word_1_498' title='bbox 3024 1473 3216 1513; x_wconf 92' lang='lat' dir='ltr'><strong>rerum</strong></span> <span class='ocrx_word' id='word_1_499' title='bbox 3254 1473 3402 1529; x_wconf 91' lang='lat' dir='ltr'><strong>quas</strong></span> <span class='ocrx_word' id='word_1_500' title='bbox 3433 1457 3611 1513; x_wconf 91' lang='lat' dir='ltr'><strong>insti-</strong></span> 
     </span>
    </p>
   </div>
   <div class='ocr_carea' id='block_1_73' title="bbox 1953 1544 3610 1617">
    <p class='ocr_par' dir='ltr' id='par_1_73' title="bbox 1953 1544 3610 1617">
     <span class='ocr_line' id='line_1_73' title="bbox 1953 1544 3610 1617; baseline 0.002 -19"><span class='ocrx_word' id='word_1_501' title='bbox 1953 1547 2191 1599; x_wconf 91' lang='lat' dir='ltr'><strong>tuerunt</strong></span> <span class='ocrx_word' id='word_1_502' title='bbox 2212 1544 2482 1601; x_wconf 90' lang='lat' dir='ltr'><strong>homines</strong></span> <span class='ocrx_word' id='word_1_503' title='bbox 2509 1562 2522 1613; x_wconf 91' lang='lat'><strong>;</strong></span> <span class='ocrx_word' id='word_1_504' title='bbox 2556 1544 2806 1601; x_wconf 90' lang='lat' dir='ltr'><strong>alterum</strong></span> <span class='ocrx_word' id='word_1_505' title='bbox 2833 1562 3036 1601; x_wconf 90' lang='lat' dir='ltr'><strong>earum</strong></span> <span class='ocrx_word' id='word_1_506' title='bbox 3061 1561 3210 1617; x_wconf 89' lang='lat' dir='ltr'><strong>quas</strong></span> <span class='ocrx_word' id='word_1_507' title='bbox 3241 1545 3610 1603; x_wconf 89' lang='lat' dir='ltr'><strong>animadver-</strong></span> 
     </span>
    </p>
   </div>
   <div class='ocr_carea' id='block_1_74' title="bbox 1949 1634 3608 1707">
    <p class='ocr_par' dir='ltr' id='par_1_74' title="bbox 1949 1634 3608 1707">
     <span class='ocr_line' id='line_1_74' title="bbox 1949 1634 3608 1707; baseline 0.001 -18"><span class='ocrx_word' id='word_1_508' title='bbox 1949 1638 2251 1689; x_wconf 87' lang='lat' dir='ltr'><strong>verterunt</strong></span> <span class='ocrx_word' id='word_1_509' title='bbox 2273 1634 2400 1704; x_wconf 89' lang='lat' dir='ltr'><strong>jam</strong></span> <span class='ocrx_word' id='word_1_510' title='bbox 2434 1640 2701 1707; x_wconf 89' lang='lat' dir='ltr'><strong>peractas</strong></span> <span class='ocrx_word' id='word_1_511' title='bbox 2723 1638 2824 1690; x_wconf 87' lang='lat' dir='ltr'><strong>aut</strong></span> <span class='ocrx_word' id='word_1_512' title='bbox 2846 1634 3130 1691; x_wconf 85' lang='lat' dir='ltr'><strong>divinitus</strong></span> <span class='ocrx_word' id='word_1_513' title='bbox 3149 1634 3608 1691; x_wconf 90' lang='lat' dir='ltr'><strong>institutas.llud</strong></span> 
     </span>
    </p>
   </div>
   <div class='ocr_carea' id='block_1_75' title="bbox 1951 1723 3607 1796">
    <p class='ocr_par' dir='ltr' id='par_1_75' title="bbox 1951 1723 3607 1796">
     <span class='ocr_line' id='line_1_75' title="bbox 1951 1723 3607 1796; baseline 0.001 -18"><span class='ocrx_word' id='word_1_514' title='bbox 1951 1723 2107 1794; x_wconf 92' lang='lat' dir='ltr'><strong>quod</strong></span> <span class='ocrx_word' id='word_1_515' title='bbox 2140 1727 2228 1779; x_wconf 88' lang='lat' dir='ltr'><strong>est</strong></span> <span class='ocrx_word' id='word_1_516' title='bbox 2260 1724 2585 1779; x_wconf 91' lang='lat' dir='ltr'><strong>secundum</strong></span> <span class='ocrx_word' id='word_1_517' title='bbox 2619 1724 3021 1780; x_wconf 88' lang='lat' dir='ltr'><strong>institutiones</strong></span> <span class='ocrx_word' id='word_1_518' title='bbox 3050 1723 3373 1791; x_wconf 88' lang='lat' dir='ltr'><strong>hominum,</strong></span> <span class='ocrx_word' id='word_1_519' title='bbox 3393 1723 3607 1796; x_wconf 86' lang='lat' dir='ltr'><strong>partim</strong></span> 
     </span>
    </p>
   </div>
   <div class='ocr_carea' id='block_1_76' title="bbox 1949 1812 3095 1885">
    <p class='ocr_par' dir='ltr' id='par_1_76' title="bbox 1949 1812 3095 1885">
     <span class='ocr_line' id='line_1_76' title="bbox 1949 1812 3095 1885; baseline 0 -17"><span class='ocrx_word' id='word_1_520' title='bbox 1949 1812 2424 1885; x_wconf 87' lang='lat' dir='ltr'><strong>superstitiosum</strong></span> <span class='ocrx_word' id='word_1_521' title='bbox 2457 1818 2564 1883; x_wconf 90' lang='lat' dir='ltr'><strong>est,</strong></span> <span class='ocrx_word' id='word_1_522' title='bbox 2599 1812 2811 1885; x_wconf 89' lang='lat' dir='ltr'><strong>partim</strong></span> <span class='ocrx_word' id='word_1_523' title='bbox 2846 1829 2961 1870; x_wconf 91' lang='lat' dir='ltr'><strong>non</strong></span> <span class='ocrx_word' id='word_1_524' title='bbox 2987 1818 3095 1869; x_wconf 88' lang='lat' dir='ltr'><strong>est.</strong></span> 
     </span>
    </p>
   </div>
   <div class='ocr_carea' id='block_1_77' title="bbox 1947 1945 3604 2018">
    <p class='ocr_par' dir='ltr' id='par_1_77' title="bbox 1947 1945 3604 2018">
     <span class='ocr_line' id='line_1_77' title="bbox 1947 1945 3604 2018; baseline 0.002 -17"><span class='ocrx_word' id='word_1_525' title='bbox 1947 1945 2176 2003; x_wconf 86' lang='lat' dir='ltr'><strong>CAPUT</strong></span> <span class='ocrx_word' id='word_1_526' title='bbox 2206 1945 2661 2003; x_wconf 75' lang='lat' dir='ltr'><strong>XX.-Scientz’ae</strong></span> <span class='ocrx_word' id='word_1_527' title='bbox 2682 1962 2818 2018; x_wconf 76' lang='lat' dir='ltr'><strong>quas</strong></span> <span class='ocrx_word' id='word_1_528' title='bbox 2841 1947 3086 2018; x_wconf 80' lang='lat' dir='ltr'><strong>hommes</strong></span> <span class='ocrx_word' id='word_1_529' title='bbox 3108 1947 3467 2004; x_wconf 75' lang='lat' dir='ltr'><strong>instituerunt</strong></span> <span class='ocrx_word' id='word_1_530' title='bbox 3492 1949 3604 2004; x_wconf 75' lang='lat' dir='ltr'><strong>ali-</strong></span> 
     </span>
    </p>
   </div>
   <div class='ocr_carea' id='block_1_78' title="bbox 1982 2017 3563 2090">
    <p class='ocr_par' dir='ltr' id='par_1_78' title="bbox 1982 2017 3563 2090">
     <span class='ocr_line' id='line_1_78' title="bbox 1982 2017 3563 2090; baseline 0.001 -16"><span class='ocrx_word' id='word_1_531' title='bbox 1982 2033 2101 2089; x_wconf 71' lang='lat' dir='ltr'><strong>qua:</strong></span> <span class='ocrx_word' id='word_1_532' title='bbox 2129 2018 2583 2090; x_wconf 75' lang='lat' dir='ltr'><strong>superstitionum</strong></span> <span class='ocrx_word' id='word_1_533' title='bbox 2600 2017 2798 2090; x_wconf 63' lang='lat' dir='ltr'><strong>plenae.</strong></span> <span class='ocrx_word' id='word_1_534' title='bbox 2829 2017 3046 2075; x_wconf 72' lang='lat' dir='ltr'><strong>Catenis</strong></span> <span class='ocrx_word' id='word_1_535' title='bbox 3071 2018 3280 2075; x_wconf 78' lang='lat' dir='ltr'><strong>dictum</strong></span> <span class='ocrx_word' id='word_1_536' title='bbox 3300 2019 3563 2090; x_wconf 78' lang='lat' dir='ltr'><strong>lepidum.</strong></span> 
     </span>
    </p>
   </div>
   <div class='ocr_carea' id='block_1_79' title="bbox 2016 2126 3604 2200">
    <p class='ocr_par' dir='ltr' id='par_1_79' title="bbox 2016 2126 3604 2200">
     <span class='ocr_line' id='line_1_79' title="bbox 2016 2126 3604 2200; baseline 0.002 -18"><span class='ocrx_word' id='word_1_537' title='bbox 2016 2127 2105 2182; x_wconf 91' lang='lat'><strong>30.</strong></span> <span class='ocrx_word' id='word_1_538' title='bbox 2137 2126 2573 2199; x_wconf 88' lang='lat' dir='ltr'><strong>Superstiosum</strong></span> <span class='ocrx_word' id='word_1_539' title='bbox 2597 2131 2688 2183; x_wconf 88' lang='lat' dir='ltr'><strong>est</strong></span> <span class='ocrx_word' id='word_1_540' title='bbox 2719 2127 3004 2200; x_wconf 90' lang='lat' dir='ltr'><strong>quidquid</strong></span> <span class='ocrx_word' id='word_1_541' title='bbox 3044 2126 3384 2184; x_wconf 90' lang='lat' dir='ltr'><strong>institutum</strong></span> <span class='ocrx_word' id='word_1_542' title='bbox 3417 2131 3508 2185; x_wconf 89' lang='lat' dir='ltr'><strong>est</strong></span> <span class='ocrx_word' id='word_1_543' title='bbox 3530 2128 3604 2185; x_wconf 90' lang='lat' dir='ltr'><strong>ab</strong></span> 
     </span>
    </p>
   </div>
   <div class='ocr_carea' id='block_1_80' title="bbox 1946 2214 3605 2289">
    <p class='ocr_par' dir='ltr' id='par_1_80' title="bbox 1946 2214 3605 2289">
     <span class='ocr_line' id='line_1_80' title="bbox 1946 2214 3605 2289; baseline 0.002 -19"><span class='ocrx_word' id='word_1_544' title='bbox 1946 2214 2287 2272; x_wconf 85' lang='lat' dir='ltr'><strong>hominibus</strong></span> <span class='ocrx_word' id='word_1_545' title='bbox 2307 2217 2379 2271; x_wconf 90' lang='lat' dir='ltr'><strong>ad</strong></span> <span class='ocrx_word' id='word_1_546' title='bbox 2398 2215 2665 2273; x_wconf 87' lang='lat' dir='ltr'><strong>facienda</strong></span> <span class='ocrx_word' id='word_1_547' title='bbox 2681 2219 2737 2272; x_wconf 90' lang='lat' dir='ltr'><strong>et</strong></span> <span class='ocrx_word' id='word_1_548' title='bbox 2756 2215 3000 2278; x_wconf 87' lang='lat' dir='ltr'><strong>colenda</strong></span> <span class='ocrx_word' id='word_1_549' title='bbox 3015 2217 3170 2273; x_wconf 90' lang='lat' dir='ltr'><strong>idola</strong></span> <span class='ocrx_word' id='word_1_550' title='bbox 3187 2216 3605 2289; x_wconf 86' lang='lat' dir='ltr'><strong>pertinens,vel</strong></span> 
     </span>
    </p>
   </div>
   <div class='ocr_carea' id='block_1_81' title="bbox 1945 2303 3600 2378">
    <p class='ocr_par' dir='ltr' id='par_1_81' title="bbox 1945 2303 3600 2378">
     <span class='ocr_line' id='line_1_81' title="bbox 1945 2303 3600 2378; baseline 0.001 -17"><span class='ocrx_word' id='word_1_551' title='bbox 1945 2307 2016 2361; x_wconf 91' lang='lat' dir='ltr'><strong>ad</strong></span> <span class='ocrx_word' id='word_1_552' title='bbox 2041 2303 2344 2362; x_wconf 90' lang='lat' dir='ltr'><strong>colendam</strong></span> <span class='ocrx_word' id='word_1_553' title='bbox 2364 2305 2538 2361; x_wconf 90' lang='lat' dir='ltr'><strong>sicuti</strong></span> <span class='ocrx_word' id='word_1_554' title='bbox 2553 2311 2728 2362; x_wconf 91' lang='lat' dir='ltr'><strong>Deum</strong></span> <span class='ocrx_word' id='word_1_555' title='bbox 2757 2310 3085 2362; x_wconf 89' lang='lat' dir='ltr'><strong>creaturam</strong></span> <span class='ocrx_word' id='word_1_556' title='bbox 3106 2310 3401 2378; x_wconf 89' lang='lat' dir='ltr'><strong>partemve</strong></span> <span class='ocrx_word' id='word_1_557' title='bbox 3418 2305 3600 2363; x_wconf 90' lang='lat' dir='ltr'><strong>ullam</strong></span> 
     </span>
    </p>
   </div>
   <div class='ocr_carea' id='block_1_82' title="bbox 1945 2394 3597 2468">
    <p class='ocr_par' dir='ltr' id='par_1_82' title="bbox 1945 2394 3597 2468">
     <span class='ocr_line' id='line_1_82' title="bbox 1945 2394 3597 2468; baseline 0.001 -18"><span class='ocrx_word' id='word_1_558' title='bbox 1945 2397 2260 2463; x_wconf 65' lang='lat' dir='ltr'><strong>creatura);</strong></span> <span class='ocrx_word' id='word_1_559' title='bbox 2295 2394 2380 2451; x_wconf 89' lang='lat' dir='ltr'><strong>vel</strong></span> <span class='ocrx_word' id='word_1_560' title='bbox 2411 2395 2480 2449; x_wconf 88' lang='lat' dir='ltr'><strong>ad</strong></span> <span class='ocrx_word' id='word_1_561' title='bbox 2516 2394 2978 2451; x_wconf 88' lang='lat' dir='ltr'><strong>consultationes</strong></span> <span class='ocrx_word' id='word_1_562' title='bbox 3011 2399 3067 2451; x_wconf 82' lang='lat' dir='ltr'><strong>et</strong></span> <span class='ocrx_word' id='word_1_563' title='bbox 3116 2399 3286 2468; x_wconf 89' lang='lat' dir='ltr'><strong>pacta</strong></span> <span class='ocrx_word' id='word_1_564' title='bbox 3324 2396 3597 2468; x_wconf 65' lang='lat' dir='ltr'><strong>quaedam</strong></span> 
     </span>
    </p>
   </div>
   <div class='ocr_carea' id='block_1_83' title="bbox 1945 2483 3597 2557">
    <p class='ocr_par' dir='ltr' id='par_1_83' title="bbox 1945 2483 3597 2557">
     <span class='ocr_line' id='line_1_83' title="bbox 1945 2483 3597 2557; baseline 0.001 -18"><span class='ocrx_word' id='word_1_565' title='bbox 1945 2483 2447 2555; x_wconf 81' lang='lat' dir='ltr'><strong>significationum</strong></span> <span class='ocrx_word' id='word_1_566' title='bbox 2462 2501 2595 2540; x_wconf 88' lang='lat' dir='ltr'><strong>cum</strong></span> <span class='ocrx_word' id='word_1_567' title='bbox 2615 2484 2982 2540; x_wconf 70' lang='lat' dir='ltr'><strong>daemonibus</strong></span> <span class='ocrx_word' id='word_1_568' title='bbox 2999 2483 3213 2557; x_wconf 88' lang='lat' dir='ltr'><strong>placita</strong></span> <span class='ocrx_word' id='word_1_569' title='bbox 3226 2489 3403 2555; x_wconf 88' lang='lat' dir='ltr'><strong>atque</strong></span> <span class='ocrx_word' id='word_1_570' title='bbox 3420 2484 3597 2541; x_wconf 81' lang='lat' dir='ltr'><strong>fcede-</strong></span> 
     </span>
    </p>
   </div>
   <div class='ocr_carea' id='block_1_84' title="bbox 1945 2572 3599 2647">
    <p class='ocr_par' dir='ltr' id='par_1_84' title="bbox 1945 2572 3599 2647">
     <span class='ocr_line' id='line_1_84' title="bbox 1945 2572 3599 2647; baseline 0.001 -19"><span class='ocrx_word' id='word_1_571' title='bbox 1945 2577 2093 2645; x_wconf 89' lang='lat' dir='ltr'><strong>rata,</strong></span> <span class='ocrx_word' id='word_1_572' title='bbox 2124 2572 2321 2644; x_wconf 87' lang='lat' dir='ltr'><strong>qualia</strong></span> <span class='ocrx_word' id='word_1_573' title='bbox 2350 2577 2453 2628; x_wconf 91' lang='lat' dir='ltr'><strong>aut</strong></span> <span class='ocrx_word' id='word_1_574' title='bbox 2484 2572 2790 2629; x_wconf 89' lang='lat' dir='ltr'><strong>molimina</strong></span> <span class='ocrx_word' id='word_1_575' title='bbox 2820 2572 3174 2647; x_wconf 90' lang='lat' dir='ltr'><strong>magicarum</strong></span> <span class='ocrx_word' id='word_1_576' title='bbox 3208 2573 3445 2644; x_wconf 89' lang='lat' dir='ltr'><strong>artium,</strong></span> <span class='ocrx_word' id='word_1_577' title='bbox 3470 2590 3599 2645; x_wconf 67' lang='lat' dir='ltr'><strong>quas</strong></span> 
     </span>
    </p>
   </div>
   <div class='ocr_carea' id='block_1_85' title="bbox 1945 2661 3603 2736">
    <p class='ocr_par' dir='ltr' id='par_1_85' title="bbox 1945 2661 3603 2736">
     <span class='ocr_line' id='line_1_85' title="bbox 1945 2661 3603 2736; baseline 0.001 -19"><span class='ocrx_word' id='word_1_578' title='bbox 1945 2663 2184 2736; x_wconf 90' lang='lat' dir='ltr'><strong>quidem</strong></span> <span class='ocrx_word' id='word_1_579' title='bbox 2206 2678 2669 2719; x_wconf 89' lang='lat' dir='ltr'><strong>commemorare</strong></span> <span class='ocrx_word' id='word_1_580' title='bbox 2690 2664 2885 2735; x_wconf 87' lang='lat' dir='ltr'><strong>potius</strong></span> <span class='ocrx_word' id='word_1_581' title='bbox 2908 2679 3088 2735; x_wconf 92' lang='lat' dir='ltr'><strong>quam</strong></span> <span class='ocrx_word' id='word_1_582' title='bbox 3110 2662 3319 2719; x_wconf 89' lang='lat' dir='ltr'><strong>docore</strong></span> <span class='ocrx_word' id='word_1_583' title='bbox 3340 2661 3603 2719; x_wconf 85' lang='lat' dir='ltr'><strong>assolent</strong></span> 
     </span>
    </p>
   </div>
   <div class='ocr_carea' id='block_1_86' title="bbox 1944 2750 3597 2825">
    <p class='ocr_par' dir='ltr' id='par_1_86' title="bbox 1944 2750 3597 2825">
     <span class='ocr_line' id='line_1_86' title="bbox 1944 2750 3597 2825; baseline -0.001 -17"><span class='ocrx_word' id='word_1_584' title='bbox 1944 2757 2148 2825; x_wconf 81' lang='lat' dir='ltr'><strong>poetae.</strong></span> <span class='ocrx_word' id='word_1_585' title='bbox 2176 2752 2253 2808; x_wconf 82' lang='lat' dir='ltr'><strong>Ex</strong></span> <span class='ocrx_word' id='word_1_586' title='bbox 2273 2769 2388 2825; x_wconf 93' lang='lat' dir='ltr'><strong>quo</strong></span> <span class='ocrx_word' id='word_1_587' title='bbox 2410 2769 2621 2825; x_wconf 89' lang='lat' dir='ltr'><strong>genere</strong></span> <span class='ocrx_word' id='word_1_588' title='bbox 2643 2754 2909 2823; x_wconf 88' lang='lat' dir='ltr'><strong>sunt,sed</strong></span> <span class='ocrx_word' id='word_1_589' title='bbox 2931 2752 3094 2823; x_wconf 90' lang='lat' dir='ltr'><strong>quasi</strong></span> <span class='ocrx_word' id='word_1_590' title='bbox 3117 2750 3415 2807; x_wconf 88' lang='lat' dir='ltr'><strong>licentiore</strong></span> <span class='ocrx_word' id='word_1_591' title='bbox 3436 2752 3597 2807; x_wconf 88' lang='lat' dir='ltr'><strong>vani-</strong></span> 
     </span>
    </p>
   </div>
   <div class='ocr_carea' id='block_1_87' title="bbox 1943 2840 3597 2915">
    <p class='ocr_par' dir='ltr' id='par_1_87' title="bbox 1943 2840 3597 2915">
     <span class='ocr_line' id='line_1_87' title="bbox 1943 2840 3597 2915; baseline -0.002 -17"><span class='ocrx_word' id='word_1_592' title='bbox 1943 2844 2061 2898; x_wconf 87' lang='lat' dir='ltr'><strong>tate</strong></span> <span class='ocrx_word' id='word_1_593' title='bbox 2091 2844 2431 2914; x_wconf 90' lang='lat' dir='ltr'><strong>aruspicum</strong></span> <span class='ocrx_word' id='word_1_594' title='bbox 2454 2847 2511 2897; x_wconf 90' lang='lat' dir='ltr'><strong>et</strong></span> <span class='ocrx_word' id='word_1_595' title='bbox 2533 2858 2822 2915; x_wconf 90' lang='lat' dir='ltr'><strong>augurum</strong></span> <span class='ocrx_word' id='word_1_596' title='bbox 2848 2841 3094 2897; x_wconf 85' lang='lat' dir='ltr'><strong>libri.Ad</strong></span> <span class='ocrx_word' id='word_1_597' title='bbox 3120 2840 3229 2896; x_wconf 86' lang='lat' dir='ltr'><strong>hoc</strong></span> <span class='ocrx_word' id='word_1_598' title='bbox 3250 2856 3437 2913; x_wconf 88' lang='lat' dir='ltr'><strong>genus</strong></span> <span class='ocrx_word' id='word_1_599' title='bbox 3462 2857 3597 2914; x_wconf 82' lang='lat' dir='ltr'><strong>per-</strong></span> 
     </span>
    </p>
   </div>
   <div class='ocr_carea' id='block_1_88' title="bbox 1946 2929 3592 3003">
    <p class='ocr_par' dir='ltr' id='par_1_88' title="bbox 1946 2929 3592 3003">
     <span class='ocr_line' id='line_1_88' title="bbox 1946 2929 3592 3003; baseline -0.001 -16"><span class='ocrx_word' id='word_1_600' title='bbox 1946 2931 2353 2988; x_wconf 89' lang='lat' dir='ltr'><strong>tinentomnes</strong></span> <span class='ocrx_word' id='word_1_601' title='bbox 2369 2932 2545 2987; x_wconf 89' lang='lat' dir='ltr'><strong>etiam</strong></span> <span class='ocrx_word' id='word_1_602' title='bbox 2559 2930 2824 3003; x_wconf 70' lang='lat' dir='ltr'><strong>ligatum</strong></span> <span class='ocrx_word' id='word_1_603' title='bbox 2845 2935 3020 3003; x_wconf 90' lang='lat' dir='ltr'><strong>atque</strong></span> <span class='ocrx_word' id='word_1_604' title='bbox 3034 2929 3448 2999; x_wconf 68' lang='lat' dir='ltr'><strong>remedia,quae</strong></span> <span class='ocrx_word' id='word_1_605' title='bbox 3470 2946 3592 2987; x_wconf 89' lang='lat' dir='ltr'><strong>me-</strong></span> 
     </span>
    </p>
   </div>
   <div class='ocr_carea' id='block_1_89' title="bbox 1943 3017 3597 3093">
    <p class='ocr_par' dir='ltr' id='par_1_89' title="bbox 1943 3017 3597 3093">
     <span class='ocr_line' id='line_1_89' title="bbox 1943 3017 3597 3093; baseline 0 -18"><span class='ocrx_word' id='word_1_606' title='bbox 1943 3020 2209 3077; x_wconf 89' lang='lat' dir='ltr'><strong>dicorum</strong></span> <span class='ocrx_word' id='word_1_607' title='bbox 2242 3037 2476 3092; x_wconf 91' lang='lat' dir='ltr'><strong>quoque</strong></span> <span class='ocrx_word' id='word_1_608' title='bbox 2506 3020 2818 3093; x_wconf 90' lang='lat' dir='ltr'><strong>disciplina</strong></span> <span class='ocrx_word' id='word_1_609' title='bbox 2848 3017 3349 3085; x_wconf 89' lang='lat' dir='ltr'><strong>condemnat,sive</strong></span> <span class='ocrx_word' id='word_1_610' title='bbox 3371 3018 3427 3072; x_wconf 90' lang='lat' dir='ltr'><strong>in</strong></span> <span class='ocrx_word' id='word_1_611' title='bbox 3454 3034 3597 3090; x_wconf 59' lang='lat' dir='ltr'><strong>prae-</strong></span> 
     </span>
    </p>
   </div>
   <div class='ocr_carea' id='block_1_90' title="bbox 1943 3106 3593 3182">
    <p class='ocr_par' dir='ltr' id='par_1_90' title="bbox 1943 3106 3593 3182">
     <span class='ocr_line' id='line_1_90' title="bbox 1943 3106 3593 3182; baseline -0.003 -16"><span class='ocrx_word' id='word_1_612' title='bbox 1943 3110 2404 3176; x_wconf 88' lang='lat' dir='ltr'><strong>cantationibus,</strong></span> <span class='ocrx_word' id='word_1_613' title='bbox 2437 3110 2555 3165; x_wconf 83' lang='lat' dir='ltr'><strong>sive</strong></span> <span class='ocrx_word' id='word_1_614' title='bbox 2586 3110 2643 3164; x_wconf 89' lang='lat' dir='ltr'><strong>in</strong></span> <span class='ocrx_word' id='word_1_615' title='bbox 2678 3108 3035 3182; x_wconf 88' lang='lat' dir='ltr'><strong>quibusdam</strong></span> <span class='ocrx_word' id='word_1_616' title='bbox 3071 3106 3226 3163; x_wconf 90' lang='lat' dir='ltr'><strong>notis</strong></span> <span class='ocrx_word' id='word_1_617' title='bbox 3264 3124 3413 3179; x_wconf 91' lang='lat' dir='ltr'><strong>quas</strong></span> <span class='ocrx_word' id='word_1_618' title='bbox 3454 3106 3593 3163; x_wconf 87' lang='lat' dir='ltr'><strong>cha-</strong></span> 
     </span>
    </p>
   </div>
   <div class='ocr_carea' id='block_1_91' title="bbox 1943 3197 3598 3270">
    <p class='ocr_par' dir='ltr' id='par_1_91' title="bbox 1943 3197 3598 3270">
     <span class='ocr_line' id='line_1_91' title="bbox 1943 3197 3598 3270; baseline -0.002 -14"><span class='ocrx_word' id='word_1_619' title='bbox 1943 3204 2195 3256; x_wconf 89' lang='lat' dir='ltr'><strong>racteres</strong></span> <span class='ocrx_word' id='word_1_620' title='bbox 2241 3204 2473 3265; x_wconf 88' lang='lat' dir='ltr'><strong>vocant,</strong></span> <span class='ocrx_word' id='word_1_621' title='bbox 2507 3199 2627 3254; x_wconf 90' lang='lat' dir='ltr'><strong>sive</strong></span> <span class='ocrx_word' id='word_1_622' title='bbox 2657 3198 2715 3254; x_wconf 89' lang='lat' dir='ltr'><strong>in</strong></span> <span class='ocrx_word' id='word_1_623' title='bbox 2750 3198 3082 3270; x_wconf 86' lang='lat' dir='ltr'><strong>quibusque</strong></span> <span class='ocrx_word' id='word_1_624' title='bbox 3127 3197 3304 3253; x_wconf 91' lang='lat' dir='ltr'><strong>rebus</strong></span> <span class='ocrx_word' id='word_1_625' title='bbox 3350 3213 3598 3269; x_wconf 83' lang='lat' dir='ltr'><strong>suspen-</strong></span> 
     </span>
    </p>
   </div>
   <div class='ocr_carea' id='block_1_92' title="bbox 1941 3286 3594 3362">
    <p class='ocr_par' dir='ltr' id='par_1_92' title="bbox 1941 3286 3594 3362">
     <span class='ocr_line' id='line_1_92' title="bbox 1941 3286 3594 3362; baseline -0.002 -16"><span class='ocrx_word' id='word_1_626' title='bbox 1941 3290 2150 3346; x_wconf 88' lang='lat' dir='ltr'><strong>dendis</strong></span> <span class='ocrx_word' id='word_1_627' title='bbox 2182 3294 2358 3362; x_wconf 89' lang='lat' dir='ltr'><strong>atque</strong></span> <span class='ocrx_word' id='word_1_628' title='bbox 2409 3288 2731 3361; x_wconf 90' lang='lat' dir='ltr'><strong>illigaudis,</strong></span> <span class='ocrx_word' id='word_1_629' title='bbox 2762 3287 2849 3344; x_wconf 91' lang='lat' dir='ltr'><strong>vel</strong></span> <span class='ocrx_word' id='word_1_630' title='bbox 2892 3287 3067 3343; x_wconf 90' lang='lat' dir='ltr'><strong>etiam</strong></span> <span class='ocrx_word' id='word_1_631' title='bbox 3099 3286 3372 3358; x_wconf 87' lang='lat' dir='ltr'><strong>aptandis</strong></span> <span class='ocrx_word' id='word_1_632' title='bbox 3398 3288 3415 3321; x_wconf 89' lang='grc'>¹</span> <span class='ocrx_word' id='word_1_633' title='bbox 3450 3302 3594 3358; x_wconf 92' lang='lat' dir='ltr'><strong>qua-</strong></span> 
     </span>
    </p>
   </div>
   <div class='ocr_carea' id='block_1_93' title="bbox 1941 3376 3592 3450">
    <p class='ocr_par' dir='ltr' id='par_1_93' title="bbox 1941 3376 3592 3450">
     <span class='ocr_line' id='line_1_93' title="bbox 1941 3376 3592 3450; baseline -0.002 -15"><span class='ocrx_word' id='word_1_634' title='bbox 1941 3381 2136 3449; x_wconf 91' lang='lat' dir='ltr'><strong>modo,</strong></span> <span class='ocrx_word' id='word_1_635' title='bbox 2166 3397 2282 3435; x_wconf 91' lang='lat' dir='ltr'><strong>non</strong></span> <span class='ocrx_word' id='word_1_636' title='bbox 2328 3380 2398 3434; x_wconf 92' lang='lat' dir='ltr'><strong>ad</strong></span> <span class='ocrx_word' id='word_1_637' title='bbox 2452 3378 2935 3450; x_wconf 86' lang='lat' dir='ltr'><strong>temperationem</strong></span> <span class='ocrx_word' id='word_1_638' title='bbox 2984 3393 3318 3449; x_wconf 90' lang='lat' dir='ltr'><strong>corporum,</strong></span> <span class='ocrx_word' id='word_1_639' title='bbox 3366 3376 3468 3432; x_wconf 90' lang='lat' dir='ltr'><strong>sed</strong></span> <span class='ocrx_word' id='word_1_640' title='bbox 3519 3376 3592 3433; x_wconf 89' lang='lat' dir='ltr'><strong>ad</strong></span> 
     </span>
    </p>
   </div>
   <div class='ocr_carea' id='block_1_94' title="bbox 1940 3466 3592 3541">
    <p class='ocr_par' dir='ltr' id='par_1_94' title="bbox 1940 3466 3592 3541">
     <span class='ocr_line' id='line_1_94' title="bbox 1940 3466 3592 3541; baseline -0.003 -16"><span class='ocrx_word' id='word_1_641' title='bbox 1940 3470 2227 3541; x_wconf 89' lang='lat' dir='ltr'><strong>quasdam</strong></span> <span class='ocrx_word' id='word_1_642' title='bbox 2261 3468 2721 3541; x_wconf 80' lang='lat' dir='ltr'><strong>significationes</strong></span> <span class='ocrx_word' id='word_1_643' title='bbox 2742 3472 2844 3523; x_wconf 92' lang='lat' dir='ltr'><strong>aut</strong></span> <span class='ocrx_word' id='word_1_644' title='bbox 2863 3466 3252 3534; x_wconf 75' lang='lat' dir='ltr'><strong>occultas,aut</strong></span> <span class='ocrx_word' id='word_1_645' title='bbox 3272 3466 3448 3522; x_wconf 90' lang='lat' dir='ltr'><strong>etiam</strong></span> <span class='ocrx_word' id='word_1_646' title='bbox 3469 3482 3592 3521; x_wconf 89' lang='lat' dir='ltr'><strong>ma-</strong></span> 
     </span>
    </p>
   </div>
   <div class='ocr_carea' id='block_1_95' title="bbox 1939 3556 3594 3631">
    <p class='ocr_par' dir='ltr' id='par_1_95' title="bbox 1939 3556 3594 3631">
     <span class='ocr_line' id='line_1_95' title="bbox 1939 3556 3594 3631; baseline -0.002 -17"><span class='ocrx_word' id='word_1_647' title='bbox 1939 3558 2221 3628; x_wconf 86' lang='lat' dir='ltr'><strong>nifestas;</strong></span> <span class='ocrx_word' id='word_1_648' title='bbox 2255 3576 2383 3631; x_wconf 82' lang='lat' dir='ltr'><strong>quae</strong></span> <span class='ocrx_word' id='word_1_649' title='bbox 2416 3557 2649 3614; x_wconf 89' lang='lat' dir='ltr'><strong>mitiore</strong></span> <span class='ocrx_word' id='word_1_650' title='bbox 2680 3556 2915 3613; x_wconf 90' lang='lat' dir='ltr'><strong>nomine</strong></span> <span class='ocrx_word' id='word_1_651' title='bbox 2947 3556 3190 3629; x_wconf 83' lang='lat' dir='ltr'><strong>physica</strong></span> <span class='ocrx_word' id='word_1_652' title='bbox 3246 3559 3476 3624; x_wconf 84' lang='lat' dir='ltr'><strong>vacant,</strong></span> <span class='ocrx_word' id='word_1_653' title='bbox 3528 3559 3594 3611; x_wconf 91' lang='lat' dir='ltr'><strong>ut</strong></span> 
     </span>
    </p>
   </div>
   <div class='ocr_carea' id='block_1_96' title="bbox 1938 3645 3590 3721">
    <p class='ocr_par' dir='ltr' id='par_1_96' title="bbox 1938 3645 3590 3721">
     <span class='ocr_line' id='line_1_96' title="bbox 1938 3645 3590 3721; baseline -0.003 -17"><span class='ocrx_word' id='word_1_654' title='bbox 1938 3648 2105 3719; x_wconf 88' lang='lat' dir='ltr'><strong>quasi</strong></span> <span class='ocrx_word' id='word_1_655' title='bbox 2134 3666 2249 3705; x_wconf 88' lang='lat' dir='ltr'><strong>non</strong></span> <span class='ocrx_word' id='word_1_656' title='bbox 2290 3647 2709 3721; x_wconf 88' lang='lat' dir='ltr'><strong>superstitione</strong></span> <span class='ocrx_word' id='word_1_657' title='bbox 2735 3645 3056 3718; x_wconf 88' lang='lat' dir='ltr'><strong>implicare,</strong></span> <span class='ocrx_word' id='word_1_658' title='bbox 3090 3645 3191 3701; x_wconf 89' lang='lat' dir='ltr'><strong>sed</strong></span> <span class='ocrx_word' id='word_1_659' title='bbox 3226 3648 3438 3700; x_wconf 90' lang='lat' dir='ltr'><strong>natura</strong></span> <span class='ocrx_word' id='word_1_660' title='bbox 3458 3661 3590 3717; x_wconf 85' lang='lat' dir='ltr'><strong>pro-</strong></span> 
     </span>
    </p>
   </div>
   <div class='ocr_carea' id='block_1_97' title="bbox 1938 3733 3593 3795">
    <p class='ocr_par' dir='ltr' id='par_1_97' title="bbox 1938 3733 3593 3795">
     <span class='ocr_line' id='line_1_97' title="bbox 1938 3733 3593 3795; baseline -0.001 -3"><span class='ocrx_word' id='word_1_661' title='bbox 1938 3737 2107 3795; x_wconf 91' lang='lat' dir='ltr'><strong>desse</strong></span> <span class='ocrx_word' id='word_1_662' title='bbox 2136 3738 2445 3794; x_wconf 90' lang='lat' dir='ltr'><strong>videantur</strong></span> <span class='ocrx_word' id='word_1_663' title='bbox 2476 3753 2489 3793; x_wconf 87' lang='lat'><strong>:</strong></span> <span class='ocrx_word' id='word_1_664' title='bbox 2524 3736 2678 3793; x_wconf 88' lang='lat' dir='ltr'><strong>sicut</strong></span> <span class='ocrx_word' id='word_1_665' title='bbox 2708 3740 2850 3791; x_wconf 89' lang='lat' dir='ltr'><strong>sunt</strong></span> <span class='ocrx_word' id='word_1_666' title='bbox 2881 3736 3118 3790; x_wconf 90' lang='lat' dir='ltr'><strong>inaures</strong></span> <span class='ocrx_word' id='word_1_667' title='bbox 3150 3733 3205 3789; x_wconf 89' lang='lat' dir='ltr'><strong>in</strong></span> <span class='ocrx_word' id='word_1_668' title='bbox 3242 3750 3475 3790; x_wconf 91' lang='lat' dir='ltr'><strong>summa</strong></span> <span class='ocrx_word' id='word_1_669' title='bbox 3494 3752 3593 3790; x_wconf 89' lang='lat' dir='ltr'><strong>au-</strong></span> 
     </span>
    </p>
   </div>
   <div class='ocr_carea' id='block_1_98' title="bbox 1940 3823 3590 3900">
    <p class='ocr_par' dir='ltr' id='par_1_98' title="bbox 1940 3823 3590 3900">
     <span class='ocr_line' id='line_1_98' title="bbox 1940 3823 3590 3900; baseline -0.001 -19"><span class='ocrx_word' id='word_1_670' title='bbox 1940 3827 2092 3882; x_wconf 90' lang='lat' dir='ltr'><strong>rium</strong></span> <span class='ocrx_word' id='word_1_671' title='bbox 2126 3827 2519 3900; x_wconf 88' lang='lat' dir='ltr'><strong>singularum,</strong></span> <span class='ocrx_word' id='word_1_672' title='bbox 2554 3830 2655 3881; x_wconf 90' lang='lat' dir='ltr'><strong>aut</strong></span> <span class='ocrx_word' id='word_1_673' title='bbox 2686 3825 2755 3880; x_wconf 90' lang='lat' dir='ltr'><strong>de</strong></span> <span class='ocrx_word' id='word_1_674' title='bbox 2787 3823 3163 3880; x_wconf 90' lang='lat' dir='ltr'><strong>stuthionum</strong></span> <span class='ocrx_word' id='word_1_675' title='bbox 3213 3823 3452 3879; x_wconf 91' lang='lat' dir='ltr'><strong>ossibus</strong></span> <span class='ocrx_word' id='word_1_676' title='bbox 3482 3840 3590 3879; x_wconf 88' lang='lat' dir='ltr'><strong>an-</strong></span> 
     </span>
    </p>
   </div>
   <div class='ocr_carea' id='block_1_99' title="bbox 1940 3911 3594 3988">
    <p class='ocr_par' dir='ltr' id='par_1_99' title="bbox 1940 3911 3594 3988">
     <span class='ocr_line' id='line_1_99' title="bbox 1940 3911 3594 3988; baseline -0.002 -16"><span class='ocrx_word' id='word_1_677' title='bbox 1940 3916 2081 3972; x_wconf 64' lang='lat' dir='ltr'><strong>sulae</strong></span> <span class='ocrx_word' id='word_1_678' title='bbox 2114 3916 2172 3971; x_wconf 90' lang='lat' dir='ltr'><strong>in</strong></span> <span class='ocrx_word' id='word_1_679' title='bbox 2203 3915 2425 3988; x_wconf 89' lang='lat' dir='ltr'><strong>digitis,</strong></span> <span class='ocrx_word' id='word_1_680' title='bbox 2456 3920 2557 3970; x_wconf 81' lang='lat' dir='ltr'><strong>aut</strong></span> <span class='ocrx_word' id='word_1_681' title='bbox 2586 3930 2719 3970; x_wconf 92' lang='lat' dir='ltr'><strong>cum</strong></span> <span class='ocrx_word' id='word_1_682' title='bbox 2750 3912 2857 3969; x_wconf 90' lang='lat' dir='ltr'><strong>tibi</strong></span> <span class='ocrx_word' id='word_1_683' title='bbox 2888 3912 3104 3967; x_wconf 90' lang='lat' dir='ltr'><strong>dicitur</strong></span> <span class='ocrx_word' id='word_1_684' title='bbox 3133 3911 3594 3983; x_wconf 87' lang='lat' dir='ltr'><strong>singultienti,ut</strong></span> 
     </span>
    </p>
   </div>
   <div class='ocr_carea' id='block_1_100' title="bbox 1939 4002 3285 4076">
    <p class='ocr_par' dir='ltr' id='par_1_100' title="bbox 1939 4002 3285 4076">
     <span class='ocr_line' id='line_1_100' title="bbox 1939 4002 3285 4076; baseline -0.003 -15"><span class='ocrx_word' id='word_1_685' title='bbox 1939 4006 2176 4061; x_wconf 85' lang='lat' dir='ltr'><strong>dextera</strong></span> <span class='ocrx_word' id='word_1_686' title='bbox 2209 4021 2387 4060; x_wconf 88' lang='lat' dir='ltr'><strong>manu</strong></span> <span class='ocrx_word' id='word_1_687' title='bbox 2420 4004 2726 4061; x_wconf 87' lang='lat' dir='ltr'><strong>sinistrum</strong></span> <span class='ocrx_word' id='word_1_688' title='bbox 2762 4002 3033 4076; x_wconf 89' lang='lat' dir='ltr'><strong>pollicem</strong></span> <span class='ocrx_word' id='word_1_689' title='bbox 3066 4007 3285 4058; x_wconf 89' lang='lat' dir='ltr'><strong>teneas.</strong></span> 
     </span>
    </p>
   </div>
   <div class='ocr_carea' id='block_1_101' title="bbox 2009 4090 3591 4167">
    <p class='ocr_par' dir='ltr' id='par_1_101' title="bbox 2009 4090 3591 4167">
     <span class='ocr_line' id='line_1_101' title="bbox 2009 4090 3591 4167; baseline -0.002 -17"><span class='ocrx_word' id='word_1_690' title='bbox 2009 4095 2208 4152; x_wconf 86' lang='lat' dir='ltr'><strong>3l.His</strong></span> <span class='ocrx_word' id='word_1_691' title='bbox 2240 4096 2649 4167; x_wconf 84' lang='lat' dir='ltr'><strong>adjunguntur</strong></span> <span class='ocrx_word' id='word_1_692' title='bbox 2675 4092 2858 4148; x_wconf 89' lang='lat' dir='ltr'><strong>millia</strong></span> <span class='ocrx_word' id='word_1_693' title='bbox 2878 4092 3363 4148; x_wconf 85' lang='lat' dir='ltr'><strong>inanissimarum</strong></span> <span class='ocrx_word' id='word_1_694' title='bbox 3391 4090 3591 4147; x_wconf 87' lang='lat' dir='ltr'><strong>obser-</strong></span> 
     </span>
    </p>
   </div>
   <div class='ocr_carea' id='block_1_102' title="bbox 1938 4180 3589 4252">
    <p class='ocr_par' dir='ltr' id='par_1_102' title="bbox 1938 4180 3589 4252">
     <span class='ocr_line' id='line_1_102' title="bbox 1938 4180 3589 4252; baseline -0.001 -15"><span class='ocrx_word' id='word_1_695' title='bbox 1938 4184 2263 4252; x_wconf 92' lang='lat' dir='ltr'><strong>vationum,</strong></span> <span class='ocrx_word' id='word_1_696' title='bbox 2287 4185 2337 4240; x_wconf 89' lang='lat' dir='ltr'><strong>si</strong></span> <span class='ocrx_word' id='word_1_697' title='bbox 2369 4185 2704 4240; x_wconf 90' lang='lat' dir='ltr'><strong>membrum</strong></span> <span class='ocrx_word' id='word_1_698' title='bbox 2733 4181 2970 4252; x_wconf 90' lang='lat' dir='ltr'><strong>aliquoh</strong></span> <span class='ocrx_word' id='word_1_699' title='bbox 3002 4180 3244 4249; x_wconf 89' lang='lat' dir='ltr'><strong>salierit,</strong></span> <span class='ocrx_word' id='word_1_700' title='bbox 3270 4180 3589 4251; x_wconf 88' lang='lat' dir='ltr'><strong>sijunctim</strong></span> 
     </span>
    </p>
   </div>
   <div class='ocr_carea' id='block_1_103' title="bbox 1938 4269 3591 4344">
    <p class='ocr_par' dir='ltr' id='par_1_103' title="bbox 1938 4269 3591 4344">
     <span class='ocr_line' id='line_1_103' title="bbox 1938 4269 3591 4344; baseline -0.004 -13"><span class='ocrx_word' id='word_1_701' title='bbox 1938 4274 2385 4331; x_wconf 85' lang='lat' dir='ltr'><strong>ambulantibus</strong></span> <span class='ocrx_word' id='word_1_702' title='bbox 2426 4273 2633 4330; x_wconf 89' lang='lat' dir='ltr'><strong>amicis</strong></span> <span class='ocrx_word' id='word_1_703' title='bbox 2663 4271 2868 4344; x_wconf 90' lang='lat' dir='ltr'><strong>lapsis,</strong></span> <span class='ocrx_word' id='word_1_704' title='bbox 2915 4276 3017 4326; x_wconf 90' lang='lat' dir='ltr'><strong>aut</strong></span> <span class='ocrx_word' id='word_1_705' title='bbox 3064 4269 3249 4337; x_wconf 91' lang='lat' dir='ltr'><strong>canis,</strong></span> <span class='ocrx_word' id='word_1_706' title='bbox 3292 4274 3395 4325; x_wconf 90' lang='lat' dir='ltr'><strong>aut</strong></span> <span class='ocrx_word' id='word_1_707' title='bbox 3446 4285 3591 4342; x_wconf 89' lang='lat' dir='ltr'><strong>puer</strong></span> 
     </span>
    </p>
   </div>
   <div class='ocr_carea' id='block_1_104' title="bbox 1941 4358 3587 4433">
    <p class='ocr_par' dir='ltr' id='par_1_104' title="bbox 1941 4358 3587 4433">
     <span class='ocr_line' id='line_1_104' title="bbox 1941 4358 3587 4433; baseline -0.004 -14"><span class='ocrx_word' id='word_1_708' title='bbox 1941 4364 2173 4420; x_wconf 90' lang='lat' dir='ltr'><strong>medius</strong></span> <span class='ocrx_word' id='word_1_709' title='bbox 2204 4362 2578 4419; x_wconf 87' lang='lat' dir='ltr'><strong>intervenerit</strong></span> <span class='ocrx_word' id='word_1_710' title='bbox 2605 4378 2616 4417; x_wconf 90' lang='lat'>:</span> <span class='ocrx_word' id='word_1_711' title='bbox 2641 4367 2816 4433; x_wconf 87' lang='lat' dir='ltr'><strong>atque</strong></span> <span class='ocrx_word' id='word_1_712' title='bbox 2838 4359 2982 4416; x_wconf 94' lang='lat' dir='ltr'><strong>illud</strong></span> <span class='ocrx_word' id='word_1_713' title='bbox 3017 4360 3175 4432; x_wconf 91' lang='lat' dir='ltr'><strong>quod</strong></span> <span class='ocrx_word' id='word_1_714' title='bbox 3192 4358 3446 4431; x_wconf 90' lang='lat' dir='ltr'><strong>lapidem</strong></span> <span class='ocrx_word' id='word_1_715' title='bbox 3470 4358 3587 4414; x_wconf 90' lang='lat' dir='ltr'><strong>cal-</strong></span> 
     </span>
    </p>
   </div>
   <div class='ocr_carea' id='block_1_105' title="bbox 1938 4448 3587 4526">
    <p class='ocr_par' dir='ltr' id='par_1_105' title="bbox 1938 4448 3587 4526">
     <span class='ocr_line' id='line_1_105' title="bbox 1938 4448 3587 4526; baseline -0.004 -17"><span class='ocrx_word' id='word_1_716' title='bbox 1938 4457 2095 4520; x_wconf 91' lang='lat' dir='ltr'><strong>cant,</strong></span> <span class='ocrx_word' id='word_1_717' title='bbox 2126 4458 2406 4526; x_wconf 88' lang='lat' dir='ltr'><strong>tanquam</strong></span> <span class='ocrx_word' id='word_1_718' title='bbox 2440 4453 2857 4524; x_wconf 84' lang='lat' dir='ltr'><strong>diremptarem</strong></span> <span class='ocrx_word' id='word_1_719' title='bbox 2906 4449 3191 4515; x_wconf 66' lang='lat' dir='ltr'><strong>amicitias,</strong></span> <span class='ocrx_word' id='word_1_720' title='bbox 3233 4448 3431 4505; x_wconf 91' lang='lat' dir='ltr'><strong>minus</strong></span> <span class='ocrx_word' id='word_1_721' title='bbox 3456 4463 3587 4504; x_wconf 85' lang='lat' dir='ltr'><strong>mo-</strong></span> 
     </span>
    </p>
   </div>
   <div class='ocr_carea' id='block_1_106' title="bbox 1936 4536 3589 4615">
    <p class='ocr_par' dir='ltr' id='par_1_106' title="bbox 1936 4536 3589 4615">
     <span class='ocr_line' id='line_1_106' title="bbox 1936 4536 3589 4615; baseline -0.002 -18"><span class='ocrx_word' id='word_1_722' title='bbox 1936 4542 2153 4599; x_wconf 89' lang='lat' dir='ltr'><strong>lestum</strong></span> <span class='ocrx_word' id='word_1_723' title='bbox 2184 4548 2296 4611; x_wconf 88' lang='lat' dir='ltr'><strong>est,</strong></span> <span class='ocrx_word' id='word_1_724' title='bbox 2341 4558 2518 4615; x_wconf 87' lang='lat' dir='ltr'><strong>quam</strong></span> <span class='ocrx_word' id='word_1_725' title='bbox 2552 4541 2706 4612; x_wconf 82' lang='lat' dir='ltr'><strong>quod</strong></span> <span class='ocrx_word' id='word_1_726' title='bbox 2755 4540 3124 4597; x_wconf 90' lang='lat' dir='ltr'><strong>innocentem</strong></span> <span class='ocrx_word' id='word_1_727' title='bbox 3158 4554 3407 4611; x_wconf 89' lang='lat' dir='ltr'><strong>puerum</strong></span> <span class='ocrx_word' id='word_1_728' title='bbox 3439 4536 3589 4594; x_wconf 87' lang='lat' dir='ltr'><strong>cola-</strong></span> 
     </span>
    </p>
   </div>
   <div class='ocr_carea' id='block_1_107' title="bbox 1939 4627 3587 4705">
    <p class='ocr_par' dir='ltr' id='par_1_107' title="bbox 1939 4627 3587 4705">
     <span class='ocr_line' id='line_1_107' title="bbox 1939 4627 3587 4705; baseline -0.004 -18"><span class='ocrx_word' id='word_1_729' title='bbox 1939 4632 2054 4705; x_wconf 89' lang='lat' dir='ltr'><strong>pho</strong></span> <span class='ocrx_word' id='word_1_730' title='bbox 2082 4633 2439 4703; x_wconf 89' lang='lat' dir='ltr'><strong>percutiunt,</strong></span> <span class='ocrx_word' id='word_1_731' title='bbox 2466 4631 2514 4685; x_wconf 91' lang='lat' dir='ltr'><strong>si</strong></span> <span class='ocrx_word' id='word_1_732' title='bbox 2566 4629 2784 4703; x_wconf 89' lang='lat' dir='ltr'><strong>pariter</strong></span> <span class='ocrx_word' id='word_1_733' title='bbox 2823 4627 3267 4686; x_wconf 89' lang='lat' dir='ltr'><strong>ambulantibus</strong></span> <span class='ocrx_word' id='word_1_734' title='bbox 3305 4628 3587 4683; x_wconf 89' lang='lat' dir='ltr'><strong>intercur-</strong></span> 
     </span>
    </p>
   </div>
   <div class='ocr_carea' id='block_1_108' title="bbox 1938 4716 3587 4791">
    <p class='ocr_par' dir='ltr' id='par_1_108' title="bbox 1938 4716 3587 4791">
     <span class='ocr_line' id='line_1_108' title="bbox 1938 4716 3587 4791; baseline -0.004 -14"><span class='ocrx_word' id='word_1_735' title='bbox 1938 4723 2032 4778; x_wconf 91' lang='lat' dir='ltr'><strong>rit.</strong></span> <span class='ocrx_word' id='word_1_736' title='bbox 2066 4722 2175 4778; x_wconf 90' lang='lat' dir='ltr'><strong>Sed</strong></span> <span class='ocrx_word' id='word_1_737' title='bbox 2211 4721 2430 4778; x_wconf 91' lang='lat' dir='ltr'><strong>bellum</strong></span> <span class='ocrx_word' id='word_1_738' title='bbox 2454 4726 2545 4777; x_wconf 88' lang='lat' dir='ltr'><strong>est</strong></span> <span class='ocrx_word' id='word_1_739' title='bbox 2574 4719 2728 4791; x_wconf 86' lang='lat' dir='ltr'><strong>quod</strong></span> <span class='ocrx_word' id='word_1_740' title='bbox 2752 4718 3067 4790; x_wconf 89' lang='lat' dir='ltr'><strong>aliquando</strong></span> <span class='ocrx_word' id='word_1_741' title='bbox 3099 4718 3260 4791; x_wconf 91' lang='lat' dir='ltr'><strong>pueri</strong></span> <span class='ocrx_word' id='word_1_742' title='bbox 3283 4716 3587 4773; x_wconf 90' lang='lat' dir='ltr'><strong>vindican-</strong></span> 
     </span>
    </p>
   </div>
   <div class='ocr_carea' id='block_1_109' title="bbox 1938 4804 3588 4881">
    <p class='ocr_par' dir='ltr' id='par_1_109' title="bbox 1938 4804 3588 4881">
     <span class='ocr_line' id='line_1_109' title="bbox 1938 4804 3588 4881; baseline -0.004 -14"><span class='ocrx_word' id='word_1_743' title='bbox 1938 4816 2031 4868; x_wconf 90' lang='lat' dir='ltr'><strong>tur</strong></span> <span class='ocrx_word' id='word_1_744' title='bbox 2062 4829 2096 4867; x_wconf 88' lang='lat' dir='ltr'><strong>a</strong></span> <span class='ocrx_word' id='word_1_745' title='bbox 2125 4811 2371 4867; x_wconf 91' lang='lat' dir='ltr'><strong>canibus</strong></span> <span class='ocrx_word' id='word_1_746' title='bbox 2405 4827 2417 4864; x_wconf 74' lang='grc' dir='ltr'>ε</span> <span class='ocrx_word' id='word_1_747' title='bbox 2460 4826 2593 4864; x_wconf 88' lang='lat' dir='ltr'><strong>nam</strong></span> <span class='ocrx_word' id='word_1_748' title='bbox 2629 4808 2976 4881; x_wconf 89' lang='lat' dir='ltr'><strong>plerumque</strong></span> <span class='ocrx_word' id='word_1_749' title='bbox 3022 4812 3144 4863; x_wconf 90' lang='lat' dir='ltr'><strong>tam</strong></span> <span class='ocrx_word' id='word_1_750' title='bbox 3191 4804 3588 4880; x_wconf 89' lang='lat' dir='ltr'><strong>superstitiosi</strong></span> 
     </span>
    </p>
   </div>
   <div class='ocr_carea' id='block_1_110' title="bbox 1938 4896 3588 4975">
    <p class='ocr_par' dir='ltr' id='par_1_110' title="bbox 1938 4896 3588 4975">
     <span class='ocr_line' id='line_1_110' title="bbox 1938 4896 3588 4975; baseline -0.002 -19"><span class='ocrx_word' id='word_1_751' title='bbox 1938 4904 2079 4957; x_wconf 91' lang='lat' dir='ltr'><strong>sunt</strong></span> <span class='ocrx_word' id='word_1_752' title='bbox 2109 4900 2369 4975; x_wconf 89' lang='lat' dir='ltr'><strong>quidam,</strong></span> <span class='ocrx_word' id='word_1_753' title='bbox 2402 4906 2469 4955; x_wconf 90' lang='lat' dir='ltr'><strong>ut</strong></span> <span class='ocrx_word' id='word_1_754' title='bbox 2499 4898 2673 4954; x_wconf 89' lang='lat' dir='ltr'><strong>etiam</strong></span> <span class='ocrx_word' id='word_1_755' title='bbox 2708 4913 2913 4953; x_wconf 88' lang='lat' dir='ltr'><strong>canem</strong></span> <span class='ocrx_word' id='word_1_756' title='bbox 2945 4897 3041 4969; x_wconf 92' lang='lat' dir='ltr'><strong>qui</strong></span> <span class='ocrx_word' id='word_1_757' title='bbox 3076 4897 3310 4957; x_wconf 86' lang='lat' dir='ltr'><strong>medius</strong></span> <span class='ocrx_word' id='word_1_758' title='bbox 3341 4896 3588 4952; x_wconf 91' lang='lat' dir='ltr'><strong>interve-</strong></span> 
     </span>
    </p>
   </div>
   <div class='ocr_carea' id='block_1_111' title="bbox 1939 4988 3600 5059">
    <p class='ocr_par' dir='ltr' id='par_1_111' title="bbox 1939 4988 3600 5059">
     <span class='ocr_line' id='line_1_111' title="bbox 1939 4988 3600 5059; baseline -0.001 -13"><span class='ocrx_word' id='word_1_759' title='bbox 1939 4990 2115 5059; x_wconf 91' lang='lat' dir='ltr'><strong>nerit,</strong></span> <span class='ocrx_word' id='word_1_760' title='bbox 2144 4989 2313 5046; x_wconf 88' lang='lat' dir='ltr'><strong>ferire</strong></span> <span class='ocrx_word' id='word_1_761' title='bbox 2344 4989 2618 5056; x_wconf 86' lang='lat' dir='ltr'><strong>audeant,</strong></span> <span class='ocrx_word' id='word_1_762' title='bbox 2644 5003 2758 5043; x_wconf 91' lang='lat' dir='ltr'><strong>non</strong></span> <span class='ocrx_word' id='word_1_763' title='bbox 2792 4988 3069 5058; x_wconf 88' lang='lat' dir='ltr'><strong>impune;</strong></span> <span class='ocrx_word' id='word_1_764' title='bbox 3103 5001 3360 5058; x_wconf 88' lang='lat' dir='ltr'><strong>namque</strong></span> <span class='ocrx_word' id='word_1_765' title='bbox 3383 5002 3417 5041; x_wconf 90' lang='lat' dir='ltr'><strong>a</strong></span> <span class='ocrx_word' id='word_1_766' title='bbox 3444 5001 3600 5044; x_wconf 88' lang='lat' dir='ltr'><strong>vano.</strong></span> 
     </span>
    </p>
   </div>
   <div class='ocr_carea' id='block_1_112' title="bbox 1939 5074 3594 5148">
    <p class='ocr_par' dir='ltr' id='par_1_112' title="bbox 1939 5074 3594 5148">
     <span class='ocr_line' id='line_1_112' title="bbox 1939 5074 3594 5148; baseline -0.005 -11"><span class='ocrx_word' id='word_1_767' title='bbox 1939 5079 2198 5137; x_wconf 90' lang='lat' dir='ltr'><strong>remedio</strong></span> <span class='ocrx_word' id='word_1_768' title='bbox 2238 5082 2353 5136; x_wconf 90' lang='lat' dir='ltr'><strong>cito</strong></span> <span class='ocrx_word' id='word_1_769' title='bbox 2401 5078 2499 5134; x_wconf 89' lang='lat' dir='ltr'><strong>ille</strong></span> <span class='ocrx_word' id='word_1_770' title='bbox 2532 5076 2829 5134; x_wconf 89' lang='lat' dir='ltr'><strong>interdum</strong></span> <span class='ocrx_word' id='word_1_771' title='bbox 2880 5091 3286 5148; x_wconf 88' lang='lat' dir='ltr'><strong>percussorem</strong></span> <span class='ocrx_word' id='word_1_772' title='bbox 3312 5090 3489 5131; x_wconf 86' lang='lat' dir='ltr'><strong>suum</strong></span> <span class='ocrx_word' id='word_1_773' title='bbox 3521 5074 3594 5130; x_wconf 89' lang='lat' dir='ltr'><strong>ad</strong></span> 
     </span>
    </p>
   </div>
   <div class='ocr_carea' id='block_1_113' title="bbox 1938 5162 3596 5230">
    <p class='ocr_par' dir='ltr' id='par_1_113' title="bbox 1938 5162 3596 5230">
     <span class='ocr_line' id='line_1_113' title="bbox 1938 5162 3596 5230; baseline -0.003 -4"><span class='ocrx_word' id='word_1_774' title='bbox 1938 5187 2141 5227; x_wconf 90' lang='lat' dir='ltr'><strong>verum</strong></span> <span class='ocrx_word' id='word_1_775' title='bbox 2168 5170 2460 5226; x_wconf 87' lang='lat' dir='ltr'><strong>medicum</strong></span> <span class='ocrx_word' id='word_1_776' title='bbox 2490 5166 2690 5223; x_wconf 89' lang='lat' dir='ltr'><strong>mittit.</strong></span> <span class='ocrx_word' id='word_1_777' title='bbox 2722 5166 2861 5221; x_wconf 91' lang='lat' dir='ltr'><strong>llinc</strong></span> <span class='ocrx_word' id='word_1_778' title='bbox 2896 5168 3036 5221; x_wconf 91' lang='lat' dir='ltr'><strong>sunt</strong></span> <span class='ocrx_word' id='word_1_779' title='bbox 3064 5164 3239 5220; x_wconf 85' lang='lat' dir='ltr'><strong>etiam</strong></span> <span class='ocrx_word' id='word_1_780' title='bbox 3270 5163 3391 5230; x_wconf 92' lang='lat' dir='ltr'><strong>illa,</strong></span> <span class='ocrx_word' id='word_1_781' title='bbox 3414 5162 3596 5221; x_wconf 90' lang='lat' dir='ltr'><strong>limen</strong></span> 
     </span>
    </p>
   </div>
   <div class='ocr_carea' id='block_1_114' title="bbox 1940 5253 3596 5323">
    <p class='ocr_par' dir='ltr' id='par_1_114' title="bbox 1940 5253 3596 5323">
     <span class='ocr_line' id='line_1_114' title="bbox 1940 5253 3596 5323; baseline -0.004 -7"><span class='ocrx_word' id='word_1_782' title='bbox 1940 5258 2162 5316; x_wconf 82' lang='lat' dir='ltr'><strong>calcare</strong></span> <span class='ocrx_word' id='word_1_783' title='bbox 2194 5276 2326 5315; x_wconf 91' lang='lat' dir='ltr'><strong>cum</strong></span> <span class='ocrx_word' id='word_1_784' title='bbox 2354 5263 2488 5315; x_wconf 87' lang='lat' dir='ltr'><strong>ante</strong></span> <span class='ocrx_word' id='word_1_785' title='bbox 2525 5258 2764 5313; x_wconf 90' lang='lat' dir='ltr'><strong>domum</strong></span> <span class='ocrx_word' id='word_1_786' title='bbox 2807 5270 2975 5310; x_wconf 90' lang='lat' dir='ltr'><strong>suam</strong></span> <span class='ocrx_word' id='word_1_787' title='bbox 3009 5254 3261 5323; x_wconf 81' lang='lat' dir='ltr'><strong>transit;</strong></span> <span class='ocrx_word' id='word_1_788' title='bbox 3304 5253 3493 5310; x_wconf 91' lang='lat' dir='ltr'><strong>redire</strong></span> <span class='ocrx_word' id='word_1_789' title='bbox 3525 5253 3596 5310; x_wconf 90' lang='lat' dir='ltr'><strong>ad</strong></span> 
     </span>
    </p>
   </div>
   <div class='ocr_carea' id='block_1_115' title="bbox 1940 5343 3599 5419">
    <p class='ocr_par' dir='ltr' id='par_1_115' title="bbox 1940 5343 3599 5419">
     <span class='ocr_line' id='line_1_115' title="bbox 1940 5343 3599 5419; baseline -0.004 -13"><span class='ocrx_word' id='word_1_790' title='bbox 1940 5349 2179 5417; x_wconf 86' lang='lat' dir='ltr'><strong>lectum,</strong></span> <span class='ocrx_word' id='word_1_791' title='bbox 2204 5349 2253 5405; x_wconf 91' lang='lat' dir='ltr'><strong>si</strong></span> <span class='ocrx_word' id='word_1_792' title='bbox 2285 5348 2415 5419; x_wconf 84' lang='lat' dir='ltr'><strong>quis</strong></span> <span class='ocrx_word' id='word_1_793' title='bbox 2446 5349 2587 5403; x_wconf 91' lang='lat' dir='ltr'><strong>dum</strong></span> <span class='ocrx_word' id='word_1_794' title='bbox 2614 5363 2675 5403; x_wconf 90' lang='lat' dir='ltr'><strong>se</strong></span> <span class='ocrx_word' id='word_1_795' title='bbox 2706 5344 2926 5401; x_wconf 89' lang='lat' dir='ltr'><strong>calceat</strong></span> <span class='ocrx_word' id='word_1_796' title='bbox 2948 5343 3404 5412; x_wconf 86' lang='lat' dir='ltr'><strong>sternutaverit;</strong></span> <span class='ocrx_word' id='word_1_797' title='bbox 3445 5343 3599 5400; x_wconf 90' lang='lat' dir='ltr'><strong>redi-</strong></span> 
     </span>
    </p>
   </div>
   <div class='ocr_carea' id='block_1_116' title="bbox 1942 5433 3600 5511">
    <p class='ocr_par' dir='ltr' id='par_1_116' title="bbox 1942 5433 3600 5511">
     <span class='ocr_line' id='line_1_116' title="bbox 1942 5433 3600 5511; baseline -0.004 -15"><span class='ocrx_word' id='word_1_798' title='bbox 1942 5455 2003 5496; x_wconf 91' lang='lat' dir='ltr'><strong>re</strong></span> <span class='ocrx_word' id='word_1_799' title='bbox 2060 5439 2327 5508; x_wconf 89' lang='lat' dir='ltr'><strong>domum,</strong></span> <span class='ocrx_word' id='word_1_800' title='bbox 2387 5438 2436 5494; x_wconf 91' lang='lat' dir='ltr'><strong>si</strong></span> <span class='ocrx_word' id='word_1_801' title='bbox 2487 5436 2805 5511; x_wconf 90' lang='lat' dir='ltr'><strong>procedens</strong></span> <span class='ocrx_word' id='word_1_802' title='bbox 2856 5433 3208 5503; x_wconf 72' lang='lat' dir='ltr'><strong>offenderit;</strong></span> <span class='ocrx_word' id='word_1_803' title='bbox 3278 5450 3412 5490; x_wconf 92' lang='lat' dir='ltr'><strong>cum</strong></span> <span class='ocrx_word' id='word_1_804' title='bbox 3469 5448 3600 5490; x_wconf 90' lang='lat' dir='ltr'><strong>ves-</strong></span> 
     </span>
    </p>
   </div>
   <div class='ocr_carea' id='block_1_117' title="bbox 1942 5522 3597 5597">
    <p class='ocr_par' dir='ltr' id='par_1_117' title="bbox 1942 5522 3597 5597">
     <span class='ocr_line' id='line_1_117' title="bbox 1942 5522 3597 5597; baseline -0.004 -12"><span class='ocrx_word' id='word_1_805' title='bbox 1942 5530 2019 5585; x_wconf 90' lang='lat' dir='ltr'><strong>tis</strong></span> <span class='ocrx_word' id='word_1_806' title='bbox 2069 5547 2103 5585; x_wconf 89' lang='lat' dir='ltr'><strong>a</strong></span> <span class='ocrx_word' id='word_1_807' title='bbox 2160 5528 2449 5585; x_wconf 89' lang='lat' dir='ltr'><strong>soricibus</strong></span> <span class='ocrx_word' id='word_1_808' title='bbox 2495 5526 2740 5594; x_wconf 87' lang='lat' dir='ltr'><strong>roditur,</strong></span> <span class='ocrx_word' id='word_1_809' title='bbox 2815 5523 2949 5597; x_wconf 91' lang='lat' dir='ltr'><strong>plus</strong></span> <span class='ocrx_word' id='word_1_810' title='bbox 3015 5529 3266 5582; x_wconf 90' lang='lat' dir='ltr'><strong>tremere</strong></span> <span class='ocrx_word' id='word_1_811' title='bbox 3338 5522 3597 5595; x_wconf 89' lang='lat' dir='ltr'><strong>suspicio</strong></span> 
     </span>
    </p>
   </div>
   <div class='ocr_carea' id='block_1_118' title="bbox 2009 5649 3597 5716">
    <p class='ocr_par' dir='ltr' id='par_1_118' title="bbox 2009 5649 3597 5716">
     <span class='ocr_line' id='line_1_118' title="bbox 2009 5649 3597 5716; baseline -0.004 -11"><span class='ocrx_word' id='word_1_812' title='bbox 2009 5658 2025 5690; x_wconf 79' lang='grc' dir='ltr'>ί</span> <span class='ocrx_word' id='word_1_813' title='bbox 2059 5654 2279 5705; x_wconf 87' lang='lat' dir='ltr'><strong>Codices</strong></span> <span class='ocrx_word' id='word_1_814' title='bbox 2309 5654 2436 5704; x_wconf 86' lang='lat' dir='ltr'><strong>editi</strong></span> <span class='ocrx_word' id='word_1_815' title='bbox 2459 5650 2935 5716; x_wconf 73' lang='lat' dir='ltr'><strong>etMss.,sallqndis</strong></span> <span class='ocrx_word' id='word_1_816' title='bbox 2952 5649 3597 5716; x_wconf 75' lang='lat' dir='ltr'><strong>quodammodozexcepto</strong></span> 
     </span>
    </p>
   </div>
   <div class='ocr_carea' id='block_1_119' title="bbox 1946 5714 3593 5782">
    <p class='ocr_par' dir='ltr' id='par_1_119' title="bbox 1946 5714 3593 5782">
     <span class='ocr_line' id='line_1_119' title="bbox 1946 5714 3593 5782; baseline -0.005 -12"><span class='ocrx_word' id='word_1_817' title='bbox 1946 5732 2055 5770; x_wconf 90' lang='lat' dir='ltr'><strong>uno</strong></span> <span class='ocrx_word' id='word_1_818' title='bbox 2085 5718 2413 5782; x_wconf 81' lang='lat' dir='ltr'><strong>Remigiauo,</strong></span> <span class='ocrx_word' id='word_1_819' title='bbox 2436 5715 2590 5779; x_wconf 86' lang='lat' dir='ltr'><strong>cujus</strong></span> <span class='ocrx_word' id='word_1_820' title='bbox 2610 5715 2924 5767; x_wconf 79' lang='lat' dir='ltr'><strong>auctoritate</strong></span> <span class='ocrx_word' id='word_1_821' title='bbox 2952 5714 3302 5777; x_wconf 80' lang='lat' dir='ltr'><strong>restituimus,</strong></span> <span class='ocrx_word' id='word_1_822' title='bbox 3331 5714 3593 5777; x_wconf 74' lang='lat' dir='ltr'><strong>aptandis.</strong></span> 
     </span>
    </p>
   </div>
  </div>
