4026 6356
206 273 284 331 69
1602 262 1836 323 LIBER
1880 261 2243 325 TERTIUS.
3558 280 3632 339 7ο

214 404 472 459 vendum
497 406 588 459 est
610 420 684 459 ne
707 403 1015 475 figuratam
1034 399 1386 455 locutionem
1407 398 1478 453 ad
1497 396 1750 452 litteram
1776 412 1867 451 ac—

217 494 421 565 cipias.
446 494 519 549 Et
539 493 611 548 ad
634 493 745 549 hoc
766 493 921 548 enim
945 490 1197 563 pertinet
1222 490 1377 561 quod
1411 484 1823 558 aitApostolus
1851 503 1863 540 :

207 586 419 641 Littera
447 583 667 650 occidit,
692 584 923 654 spiritus
952 590 1132 637 autem
1158 580 1401 649 vivi/icui
1422 576 1495 649 (II
1530 576 1653 631 Cor.
1680 592 1766 641 ui,
1786 576 1861 645 6).

211 677 353 729 Cum
387 671 545 728 enim
580 673 826 744 ﬁgurate
856 672 1077 726 dictum
1125 670 1210 725 sic
1243 668 1548 740 accipitur,
1581 670 1865 736 tanquam

217 763 453 837 proprie
485 762 709 817 dictum
742 762 839 829 sit,
864 758 1174 816 carnaliter
1203 757 1453 830 sapitur.
1503 756 1701 826 Neque
1746 751 1868 807 ulla

211 870 370 908 mors
406 852 617 907 animas
650 849 1070 923 congruentius
1116 846 1463 919 appellatur,
1513 860 1687 915 quam
1731 858 1864 897 cum

212 942 268 996 id
293 940 469 997 etiam
503 941 659 1011 quod
693 940 751 994 in
783 956 851 995 ea
885 937 1087 994 bestiis
1133 935 1447 1002 antecellit,
1483 934 1591 989 hoc
1634 938 1744 998 est,
1776 932 1864 985 in-

210 1030 535 1103 telligentia
566 1030 728 1086 carni
769 1027 1084 1099 subjicitur
1111 1027 1413 1099 sequendo
1442 1024 1725 1079 litteram.
1760 1021 1869 1085 Qui

212 1121 373 1178 enim
409 1121 676 1191 sequitur
706 1119 985 1184 litteram,
1019 1117 1309 1173 translata
1338 1115 1515 1171 verba
1546 1114 1699 1169 sicut
1732 1128 1868 1184 pro—

213 1210 342 1283 pria
372 1215 549 1279 tenet,
580 1226 767 1281 neque
799 1207 940 1263 illud
974 1208 1128 1280 quod
1162 1206 1397 1279 proprio
1434 1205 1605 1260 verbo
1639 1201 1867 1274 signiti-

211 1305 400 1368 catur,
434 1299 608 1355 refert
638 1300 708 1354 ad
742 1298 917 1355 aliam
943 1297 1434 1370 signiﬁcationem
1467 1313 1481 1351 :
1516 1295 1616 1351 sed
1650 1293 1698 1349 si
1731 1291 1870 1347 Sab-

212 1391 419 1445 batum
442 1389 693 1444 audierit
712 1387 870 1444 verbi
891 1387 1226 1459 gratia,non
1244 1384 1522 1457 intelligit
1543 1383 1656 1439 nisi
1680 1396 1865 1437 unum

212 1480 371 1535 diem
404 1479 475 1534 de
506 1483 752 1550 septem,
804 1478 902 1549 qui
949 1477 1231 1532 continuo
1262 1474 1560 1531 volumine
1592 1476 1867 1544 repetun-

214 1574 347 1637 tur;
380 1574 439 1623 et
468 1584 602 1623 cum
647 1566 902 1622 audierit
932 1564 1319 1635 Sacrificium,
1354 1581 1470 1619 non
1517 1561 1743 1618 excedit
1774 1576 1868 1615 co-

216 1657 498 1731 gitatione
520 1656 667 1712 illud
690 1657 847 1728 quod
871 1656 993 1711 ﬁeri
1014 1656 1085 1711 de
1105 1654 1361 1710 victimis
1386 1669 1659 1727 pecorum
1694 1656 1871 1707 terre-

218 1748 430 1818 nisque
463 1746 745 1802 fructibus
776 1745 942 1801 solet.
978 1746 1058 1800 Ea
1091 1746 1333 1799 demum
1384 1747 1472 1798 est
1515 1738 1870 1797 miserabilis

219 1834 428 1891 animae
459 1834 731 1902 servitus,
755 1834 927 1905 signa
948 1850 1051 1905 pro
1075 1833 1251 1888 rebus
1282 1832 1573 1903 accipere;
1607 1834 1662 1885 et
1693 1844 1873 1900 supra

218 1930 548 1981 creaturam
579 1939 918 1995 corpoream
949 1922 1184 1979 oculum
1218 1923 1432 1977 mentis
1472 1921 1544 1976 ad
1596 1919 1869 1975 haurien-

221 2015 365 2068 dum
396 2017 678 2068 mternum
713 2011 910 2067 lumen
942 2011 1130 2067 levare
1163 2028 1275 2066 non
1310 2026 1499 2083 posse.

222 2156 457 2213 CAPUT
485 2156 579 2212 VI.
613 2188 671 2197 —
692 2155 1011 2213 Iudaeorum
1032 2156 1268 2211 servitus
1290 2153 1388 2208 sub
1416 2153 1587 2225 signis
1613 2150 1868 2208 utilibus.

302 2265 384 2318 10.
418 2265 553 2330 Quae
585 2270 781 2319 tamen
812 2264 1063 2319 servitus
1094 2264 1151 2318 in
1182 2262 1383 2317 Judaao
1416 2259 1631 2333 populo
1653 2259 1875 2332 longea

221 2357 564 2408 caeterarum
588 2352 849 2424 gentium
871 2368 1029 2407 more
1056 2354 1068 2386 '
1093 2352 1370 2419 distabat;
1395 2350 1872 2422 quandoquidem

221 2442 399 2497 rebus
430 2441 851 2513 temporalibus
880 2441 965 2495 ita
996 2440 1296 2513 subjugati
1319 2444 1505 2505 erant,
1529 2444 1594 2494 ut
1618 2456 1770 2495 unus
1789 2438 1875 2495 eis

222 2531 281 2586 in
314 2532 591 2587 omnibus
610 2531 1121 2587 commendaretur
1141 2530 1315 2585 Deus.
1346 2530 1415 2586 Et
1436 2545 1770 2599 quanquam
1795 2528 1874 2582 si-

221 2638 337 2693 gna
359 2638 551 2677 rerum
570 2620 967 2692 spiritualium
990 2636 1093 2691 pro
1116 2618 1261 2690 ipsis
1282 2620 1456 2675 rebus
1477 2620 1874 2685 observarent,

222 2711 552 2766 nescientes
572 2726 688 2781 quo
713 2710 1088 2775 referrentur,
1108 2708 1166 2763 id
1191 2713 1385 2764 tamen
1422 2708 1666 2763 insitum
1700 2707 1874 2763 habe-

225 2802 387 2866 bant,
420 2800 568 2869 quod
604 2798 702 2853 tali
758 2798 1034 2854 servitute
1066 2798 1166 2852 uni
1216 2798 1504 2866 omnium,
1553 2812 1727 2868 quem
1762 2813 1875 2851 non

224 2890 499 2944 videbant
531 2888 823 2959 placerent
856 2894 987 2942 Deo.
1013 2890 1196 2952 Quam
1231 2887 1557 2942 custodiam
1589 2890 1875 2957 tanquam

227 2980 341 3033 sub
373 2979 685 3049 paedagogo
720 2977 1089 3047 parvulorum
1124 2977 1305 3031 luisse
1334 2976 1541 3031 scribit
1567 2974 1880 3047 Apostolus

229 3069 433 3139 (Galat.
468 3084 552 3136 ιη,
583 3068 694 3137 24).
729 3067 797 3121 Et
824 3067 949 3121 ideo
976 3066 1075 3137 qui
1109 3064 1325 3121 talibus
1356 3065 1543 3137 signis
1575 3063 1881 3136 pertinaci-

230 3164 320 3213 ter
351 3156 729 3223 inhzeserunt,
760 3158 1227 3211 contemnentem
1264 3154 1376 3210 ista
1396 3154 1878 3217 Dominum,oum

219 3248 351 3317 jam
380 3251 616 3317 tempus
648 3244 1017 3301 revelationis
1047 3260 1248 3300 eorum
1282 3243 1556 3310 venisset;
1582 3243 1730 3298 ferre
1760 3260 1877 3299 non

230 3340 546 3408 potuerunt
578 3335 790 3405 (Matth.
824 3350 925 3398 xu,
969 3334 1067 3404 2):
1111 3340 1286 3404 atque
1338 3333 1475 3388 inde
1524 3331 1874 3404 calumnias,

226 3425 381 3495 quod
418 3424 661 3479 sabbato
693 3428 944 3493 curaret,
971 3421 1159 3477 moliti
1186 3425 1326 3477 sunt
1348 3421 1640 3493 principes
1672 3438 1874 3477 eorum

220 3514 379 3583 (Luc.
402 3530 480 3581 vr,
502 3514 561 3579 7)
592 3530 604 3580 ;
638 3511 1009 3583 populusque
1040 3510 1365 3582 signisillis
1385 3515 1663 3581 tanquam
1698 3512 1875 3567 rebus

218 3603 561 3669 adstrictus,
586 3618 698 3657 non
718 3601 993 3657 credebat
1010 3606 1188 3655 Deum
1211 3616 1359 3667 esse,
1385 3598 1473 3654 vel
1500 3617 1532 3654 a
1548 3600 1662 3655 Deo
1685 3600 1873 3657 venis-

219 3709 302 3759 se,
334 3690 432 3763 qui
463 3708 530 3746 ea
563 3690 716 3747 sicut
745 3707 778 3745 a
805 3690 1023 3746 Iudaeis
1055 3690 1539 3754 observabantur,
1577 3688 1759 3744 nollet
1786 3694 1871 3744 at-

215 3782 475 3836 tendere.
509 3781 619 3836 Sed
654 3780 753 3851 qui
785 3779 1179 3848 crediderunt,
1212 3794 1282 3833 ex
1333 3778 1550 3849 quibus
1593 3780 1746 3833 facta
1783 3782 1874 3835 est

216 3872 409 3942 prima
458 3869 710 3925 Ecclesia
759 3867 1273 3940 Jerosolymitana,
1308 3868 1455 3923 satis
1487 3869 1873 3924 ostenderunt

214 3964 438 4031 quanta
469 3958 693 4013 utilitas
725 3958 897 4013 fuerit
926 3974 993 4014 eo
1024 3959 1198 4013 modo
1238 3958 1348 4012 sub
1391 3957 1704 4029 paedagogo
1738 3974 1871 4012 cus-

215 4048 413 4115 todiri,
453 4052 521 4102 ut
556 4048 727 4119 signa
765 4063 893 4118 quas
940 4045 1341 4118 temporaliter
1384 4045 1661 4117 imposita
1706 4050 1874 4102 erant

218 4137 630 4204 servientibus,
664 4136 737 4191 ad
769 4135 945 4191 unius
978 4136 1073 4190 Dei
1108 4134 1458 4206 cultum,qui
1496 4134 1634 4189 fecit
1663 4134 1869 4190 coelum

213 4232 275 4282 et
293 4225 869 4298 terram,opinionem
890 4224 1327 4281 observantium
1352 4223 1867 4295 religarent.Nam-

212 4332 329 4387 que
354 4315 433 4371 .lli
465 4316 605 4388 quia
630 4316 878 4389 proximi
911 4314 1318 4388 spiritualibus
1354 4316 1591 4371 fuerunt
1611 4316 1692 4385 (in
1722 4315 1867 4388 ipsis

210 4406 371 4461 enim
401 4404 820 4477 temporalibus
851 4410 909 4460 et
960 4404 1297 4461 carnalibus
1345 4405 1495 4460 votis
1527 4404 1549 4438 ²
1580 4409 1755 4476 atque
1788 4405 1865 4462 si-

209 4495 367 4565 gnis,
393 4494 659 4566 quamvis
684 4495 979 4566 quomodo
1009 4492 1397 4567 spiritualiter
1426 4498 1623 4549 essent
1654 4492 1866 4549 intelli-

207 4584 399 4656 genda
428 4585 739 4653 nescirent,
773 4600 959 4639 unum
992 4588 1187 4639 tamen
1231 4583 1558 4637 didicerant
1602 4583 1864 4639 venerari

208 4678 490 4728 aeternum
521 4673 751 4745 Deum),
784 4677 906 4728 tam
950 4689 1195 4745 capaces
1225 4672 1576 4727 exstiterunt
1608 4672 1864 4744 Spiritus

212 4762 421 4829 sancti,
446 4766 512 4817 ut
528 4761 725 4817 omnia
750 4779 859 4817 sua
887 4763 1225 4829 venderent,
1253 4776 1576 4832 eorumque
1606 4762 1860 4831 pretium

214 4851 616 4922 indigentibus
648 4850 1147 4918 distribuendum,
1172 4856 1304 4905 ante
1328 4850 1737 4922 Apostolorum
1763 4868 1859 4923 pe-

211 4940 314 4995 des
345 4944 625 5013 ponerent
654 4940 788 5009 (Act.
822 4956 899 5007 ιν,
933 4942 1054 5013 34),
1099 4956 1278 5011 seque
1336 4943 1490 4995 totos
1523 4941 1861 4997 dedicarent

217 5032 327 5085 Deo
358 5035 636 5101 tanquam
664 5028 947 5102 templum
979 5046 1217 5095 novum,
1249 5031 1420 5100 cujus
1451 5034 1616 5085 terrae
1648 5031 1858 5103 imagi-

211 5119 294 5182 ni,
326 5118 435 5173 hoc
465 5123 571 5186 est;
606 5117 824 5191 templo
856 5120 1050 5185 veteri,
1084 5119 1434 5175 serviebant.

284 5209 498 5263 tt.Non
521 5209 678 5262 enim
711 5207 821 5263 hoc
851 5206 1004 5263 ullas
1036 5206 1313 5263 ecclesias
1345 5206 1618 5263 Gentium
1655 5208 1860 5266 fecisse

206 5297 493 5369 scriptum
526 5302 634 5363 est,
669 5296 811 5367 quia
858 5314 971 5351 non
1017 5302 1135 5353 tam
1191 5312 1369 5368 prope
1421 5296 1641 5353 inventi
1672 5302 1857 5370 erant,

207 5386 300 5456 qui
334 5384 655 5442 simulacra
685 5387 1019 5442 manufacta
1042 5387 1182 5443 deos
1214 5386 1527 5443 habebant.

266 5527 279 5561 ι
316 5526 472 5573 Vetas
504 5524 671 5573 codex
710 5522 883 5583 Corb.,
916 5528 1096 5574 morte.

266 5589 286 5622 ³
316 5588 454 5645 Αω.,
487 5588 624 5636 vocis
655 5600 667 5634 :
702 5599 797 5649 pro
826 5600 932 5649 quo
960 5588 1209 5637 Erasmus
1239 5587 1381 5636 haud
1415 5585 1637 5636 feliciter
1666 5588 1861 5638 substi-

205 5652 319 5707 tuit,
353 5649 580 5715 vocibus.
614 5650 702 5698 Sic
734 5650 885 5715 etiam
923 5650 1045 5715 Lov.
1101 5651 1185 5715 At;
1211 5651 1340 5715 Bad.
1389 5656 1443 5715 et
1487 5652 1613 5701 Mss.
1664 5665 1861 5715 magno

206 5728 473 5764 consensu
506 5714 708 5773 ferunt,
738 5712 883 5774 votis,
920 5713 972 5762 id
1003 5716 1102 5773 est,
1139 5712 1523 5765 oblationibus.

2083 396 2314 452 CAPUT
2346 398 2463 453 VII.
2500 431 2566 438 ——
2596 399 2861 480 Servitus
2892 405 3145 471 gentium
3188 408 3287 463 sub
3347 411 3523 480 signis

2642 473 2961 530 inutilibus.

2049 578 2115 630 Et
2146 575 2192 629 si
2226 578 2461 646 quando
2480 577 2659 649 aliqui
2684 596 2883 636 eorum
2912 582 3011 638 illa
3034 587 3312 657 tanquam
3339 588 3506 661 signa
3540 591 3629 647 in-

1976 664 2283 735 terpretari
2306 668 2769 735 conabantur,ad
2795 676 3119 728 creaturam
3143 675 3444 733 colendam
3463 697 3631 737 vene-

1977 755 2342 826 randamque
2386 757 2731 813 referebant.
2755 760 2902 824 Quid
2935 762 3089 817 enim
3126 764 3268 818 mihi
3292 768 3628 838 prodestsi-

1979 842 2329 913 mulacrum,
2356 847 2508 901 verbi
2536 848 2743 919 gratia,
2768 849 3023 921 Neptuni
3052 870 3162 907 non
3190 853 3381 925 ipsum
3410 857 3625 913 haben-

1980 932 2121 986 dum
2157 938 2355 1002 Deum,
2391 936 2486 990 sed
2523 953 2587 991 eo
2620 937 2937 1009 signiﬁcari
2974 942 3309 999 universum
3343 949 3627 1015 mare,vel

1980 1020 2155 1075 etiam
2190 1038 2393 1078 omnes
2424 1041 2607 1096 aquas
2641 1032 2899 1096 caeteras,
2934 1046 3061 1101 quas
3109 1032 3369 1090 fontibus
3416 1052 3625 1107 proru-

1981 1110 2136 1165 unt?
2167 1111 2319 1167 sicut
2350 1130 2383 1167 a
2417 1116 2669 1185 quodam
2706 1122 2875 1188 poeta
2905 1119 3139 1176 illorum
3173 1123 3544 1195 describitur,
3578 1125 3627 1183 si

1977 1199 2126 1255 bene
2156 1202 2365 1267 recolo,
2401 1204 2481 1258 ita
2512 1204 2738 1261 dicente
2776 1224 2786 1263 :

2101 1345 2194 1419 Tu,
2226 1347 2472 1419 lfleptune
2504 1353 2672 1410 pater,
2700 1353 2791 1419 cui
2829 1354 3069 1414 tempora
3096 1368 3234 1419 cana
3264 1358 3501 1419 crepanti

2104 1410 2430 1481 Cingta‘salo
2459 1418 2731 1481 resonant,
2764 1410 2992 1481 magnus
3020 1418 3105 1481 cui
3138 1410 3565 1481 perpete'meuto

2108 1470 2317 1520 l’roiluit
2347 1487 2597 1533 oceanus,
2628 1480 2679 1525 et
2702 1470 2924 1527 ﬂumina
2958 1470 3194 1528 crinibus
3226 1470 3422 1533 érraut.

1981 1636 2113 1686 Haec
2145 1632 2360 1704 siliqua
2391 1634 2542 1689 intra
2575 1637 2743 1691 dulce
2768 1640 3069 1695 tectorium
3098 1651 3375 1701 sonantes
3404 1646 3635 1719 lapillos

1984 1719 2218 1791 quatit:
2253 1738 2366 1776 non
2401 1728 2490 1777 est
2537 1731 2729 1780 autem
2784 1727 3117 1797 hominum,
3171 1734 3270 1788 sed
3324 1752 3631 1806 porcorum

1984 1810 2349 1866 cibus.Novit
2370 1813 2508 1883 quid
2532 1814 2747 1884 dicam,
2771 1818 2866 1887 qui
2890 1819 3269 1891 Evangelium
3300 1826 3457 1882 novit
3477 1828 3634 1898 (Luc.

1982 1915 2073 1968 xv,
2108 1900 2216 1971 16).
2242 1901 2389 1965 Quid
2416 1918 2551 1973 ergo
2576 1904 2719 1958 mihi
2746 1907 2984 1976 prodest
3006 1912 3160 1978 quod
3188 1916 3429 1984 Neptuni
3452 1917 3633 1973 simu-

1983 1986 2207 2043 lacrum
2239 1990 2310 2043 ad
2345 1988 2506 2045 illam
2540 1991 3028 2064 significationem
3052 2000 3319 2069 refertur,
3349 2004 3459 2058 nisi
3488 2005 3635 2062 forte

1986 2082 2051 2132 ut
2081 2083 2355 2133 neutrum
2389 2078 2574 2136 colam
2598 2081 2626 2134 ‘I
2657 2086 2774 2137 tam
2809 2084 2963 2139 enim
3000 2087 3144 2142 mihi
3195 2095 3390 2147 statua
3427 2094 3632 2164 quaeli-

1984 2166 2103 2237 bet,
2135 2183 2309 2237 quam
2359 2185 2519 2225 mare
2565 2171 2928 2244 universum,
2963 2192 3077 2230 non
3109 2182 3197 2233 est
3228 2184 3397 2236 Deus.
3430 2182 3637 2239 Fateor

1985 2260 2178 2311 tamen
2214 2256 2390 2313 altius
2423 2259 2722 2315 demersos
2762 2278 2910 2331 esse,
2960 2263 3056 2334 qui
3099 2282 3271 2337 opera
3322 2269 3632 2328 hominum

1987 2346 2124 2400 deos
2157 2350 2384 2416 putant,
2418 2364 2590 2416 quam
2633 2351 2730 2421 qui
2764 2367 2939 2422 Opera
2973 2353 3112 2421 Dei;
3146 2357 3245 2411 sed
3283 2360 3451 2413 nobis
3481 2378 3637 2417 unus

1987 2434 2325 2507 diligendus
2354 2442 2410 2491 et
2439 2438 2720 2494 colendus
2752 2440 2907 2497 Deus
2956 2445 3291 2516 praecipitur
3321 2450 3507 2519 (Deut.
3558 2468 3638 2519 vr,

1986 2525 2064 2593 5),
2082 2524 2182 2595 qui
2206 2525 2470 2581 fecithoc
2503 2529 2722 2596 omnia,
2746 2548 2998 2600 quorum
3023 2533 3104 2588 illi
3131 2535 3450 2593 simulacra
3472 2557 3640 2597 vene-

1987 2619 2215 2679 rantur,
2231 2615 2315 2670 vel
2340 2620 2620 2687 tanquam
2645 2620 2894 2683 deos,vel
2924 2626 3201 2694 tanquam
3227 2626 3396 2698 signa
3418 2633 3475 2683 et
3498 2629 3641 2686 ima-

1989 2703 2155 2775 gines
2174 2704 2499 2759 deorum.Si
2519 2722 2655 2778 ergo
2674 2707 2907 2779 signum
2930 2711 3154 2767 utiliter
3174 2714 3510 2782 institugum
3537 2735 3639 2789 pro

1988 2792 2116 2862 ipsa
2138 2809 2197 2847 re
2218 2794 2503 2863 sequi,cui
2528 2796 2927 2867 significandae
2943 2798 3280 2877 institutum
3304 2810 3413 2869 est,
3433 2822 3636 2862 carna-

1992 2880 2063 2935 lis
2094 2886 2184 2935 est
2213 2882 2501 2951 servitus;
2538 2890 2755 2955 quanto
2787 2888 2975 2958 magis
3004 2889 3305 2947 inutilium
3339 2911 3533 2949 rerum
3567 2897 3641 2950 si-

1991 2986 2106 3041 gna
2137 2971 2402 3026 instituta
2440 2990 2541 3044 pro
2575 2975 2748 3030 rebus
2778 2976 3036 3047 accipere
3060 2980 3088 3033 Ὺ
3118 2981 3256 3045 Quae
3286 2982 3334 3036 si
3367 2984 3636 3041 retuleris

1992 3060 2061 3114 ad
2098 3077 2163 3115 ea
2198 3061 2321 3133 ipsa
2345 3078 2470 3133 quae
2494 3062 2587 3118 his
2608 3064 3213 3139 signifiantur,eisque
3236 3070 3497 3128 colendis
3518 3074 3639 3129 ani-

1992 3165 2154 3204 mum
2206 3149 2572 3221 obligaveris,
2620 3153 3004 3211 nihilominus
3061 3159 3254 3213 servili
3302 3161 3639 3234 carnalique

1991 3254 2162 3294 onere
2194 3244 2371 3309 atque
2402 3240 2689 3297 velamine
2720 3260 2833 3299 non
2858 3245 3102 3302 carebis.

1988 3390 2217 3447 CAPUT
2252 3393 2391 3449 VIII.
2422 3423 2493 3469 -;_-
2523 3395 2699 3450 Aliter
2726 3398 2915 3454 Judaei
2962 3417 2996 3453 a
3035 3402 3324 3469 signorum
3371 3407 3637 3463 servitute

2443 3467 2694 3537 liberati,
2726 3471 2893 3524 aliter
2923 3467 3177 3527 Gentiles.

2059 3581 2144 3633 12.
2178 3581 2567 3644 Quamobrem
2601 3583 2924 3640 christiana
2954 3585 3193 3643 libertas
3226 3606 3325 3646 eos
3356 3608 3505 3663 quos
3542 3595 3633 3651 in-

1983 3669 2142 3723 venit
2172 3672 2282 3725 sub
2314 3670 2499 3741 signis
2533 3671 2799 3742 utilibus,
2823 3678 3101 3745 tanquam
3140 3696 3315 3750 prope
3348 3681 3634 3753 inventos,

1983 3758 2382 3829 interpretatis
2414 3760 2601 3831 signis
2632 3761 2844 3831 quibus
2876 3764 3094 3819 subditi
3146 3773 3331 3835 erant,
3381 3770 3637 3829 elevatos

1985 3849 2053 3902 ad
2087 3863 2185 3901 eas
2218 3864 2310 3903 res
2334 3865 2583 3919 quarum
2610 3849 2708 3904 illa
2738 3852 2907 3922 signa
2940 3858 3099 3920 sunt,
3126 3854 3427 3914 liberavit:
3454 3876 3522 3915 ex
3544 3861 3635 3917 his

1986 3935 2153 3991 factas
2185 3942 2323 3992 sunt
2354 3937 2625 3994 Ecclesiae
2655 3946 2991 3996 sanctorum
3022 3942 3442 4004 Israelitarum.
3477 3951 3634 4015 Quos

1985 4030 2180 4080 autem
2209 4026 2747 4098 invenitsubsignis
2774 4030 3224 4103 inutilibus,non
3240 4035 3431 4091 solum
3457 4041 3633 4093 servi-

1980 4113 2093 4168 lem
2128 4115 2520 4185 operationem
2556 4118 2665 4172 sub
2701 4118 2912 4173 talibus
2946 4120 3144 4189 signis,
3166 4124 3266 4177 sed
3293 4127 3469 4181 etiam
3503 4129 3632 4199 ipsa

1981 4203 2150 4274 signa
2182 4205 2483 4260 frustravit
2513 4209 2873 4280 removitque
2919 4211 3117 4265 omnia
3151 4229 3162 4267 ε
3199 4217 3264 4268 ut
3308 4232 3341 4269 a
3389 4232 3631 4290 corrup-

1979 4293 2133 4348 tione
2157 4295 2551 4351 multitudinis
2572 4296 2982 4353 simulatorum
3006 4301 3456 4374 deorum,quam
3481 4323 3633 4380 saepe

1979 4398 2045 4436 ac
2079 4384 2311 4454 pr0prie
2332 4386 2633 4457 Scriptura
2669 4387 3109 4444 tornicationem
3144 4399 3329 4462 vocat,
3354 4396 3423 4449 ad
3456 4398 3632 4452 unius

1978 4471 2077 4526 Dei
2109 4472 2334 4528 cultum
2385 4477 2597 4529 Gentes
2647 4481 3158 4546 converterentur;
3207 4498 3310 4537 nec
3342 4484 3454 4539 sub
3486 4484 3631 4557 ipsis

1970 4561 2091 4629 jam
2132 4562 2320 4632 signis
2362 4563 2609 4620 utilibus
2656 4568 2979 4633 servitura,
3014 4569 3113 4623 sed
3159 4571 3491 4629 excitaturus
3526 4591 3633 4646 po-

1976 4650 2093 4704 tius
2124 4652 2391 4705 animum
2430 4653 2485 4706 in
2521 4669 2721 4709 eorum
2757 4654 3144 4727 intelligentia
3172 4660 3486 4731 spirituali.

2046 4812 2275 4867 CAPUT
2312 4812 2396 4893 IX.
2421 4846 2477 4851 —
2509 4814 2641 4893 Quis
2663 4816 2946 4893 signorum
2975 4821 3233 4893 seruitute
3260 4825 3551 4893 premitur,
3646 4824 3653 4835 '

2257 4886 2378 4955 quis
2428 4902 2555 4940 non.
2593 4887 2927 4957 Baptismus.
2968 4886 3337 4948 Eucharistia.

2046 4992 2259 5045 13.8ub
2285 4991 2452 5061 signo
2477 4993 2630 5047 enim
2658 4993 2835 5047 servit
2858 4996 2956 5064 qui
2982 5003 3255 5065 operatur
3276 5005 3374 5054 aut
3397 5018 3629 5060 venera-

1974 5084 2071 5135 tur
2102 5080 2357 5152 aliquem
2381 5099 2498 5137 rem
2523 5082 3254 5153 signiticantem,nesciens
3273 5090 3413 5159 quid
3438 5091 3625 5163 signi-

1972 5178 2061 5223 cet
2093 5180 2105 5222 :
2142 5171 2240 5240 qui
2274 5187 2407 5225 vero
2441 5178 2545 5225 aut
2574 5178 2867 5243 operatur,
2904 5179 3005 5227 aut
3036 5182 3344 5232 veneratur
3377 5180 3516 5235 utile
3545 5181 3628 5237 si-

1971 5274 2152 5329 gnum
2174 5260 2455 5315 divinitus
2494 5261 2852 5331 institutum,
2878 5263 3047 5332 cujus
3085 5265 3200 5320 vim
3251 5267 3627 5339 significatio-

1972 5365 2226 5419 nemque
2249 5349 2539 5422 intelligit,
2561 5368 2674 5406 non
2693 5351 2801 5406 hoc
2820 5358 3129 5407 veneratur
3146 5357 3301 5425 quod
3326 5358 3552 5415 videtur
3569 5365 3627 5416 et

1972 5440 2319 5504 transit,sed
2354 5439 2494 5495 illud
2536 5441 2729 5511 potius
2760 5457 2874 5511 quo
2908 5441 3048 5497 talia
3077 5451 3287 5501 cuncta
3323 5450 3623 5506 referenda

1972 5533 2129 5583 sunt.
2154 5528 2311 5584 Talis
2333 5534 2525 5585 autem
2546 5530 3130 5601 ὺοιηοερὶτίῐυαίἰδρὶ
3152 5533 3298 5591 liber
3314 5545 3422 5607 est,
3445 5541 3621 5595 etiam
3668 5548 3673 5549 “

1972 5622 2235 5689 tempore
2271 5619 2590 5683 servitutis,
2618 5636 2734 5689 quo
2756 5620 3094 5678 carnalibus
3125 5626 3340 5681 animis
3366 5630 3624 5684 nondum

1968 5706 2722 5779 oportetsignaillarevelari
2738 5712 3137 5785 quorumjugo
3151 5714 3450 5773 edomandi
3464 5724 3622 5775 sunt.
