4026 6374
77 304 162 363 77

82 439 371 491 cerentur
390 436 465 491 ab
487 434 851 504 hominibus,
869 434 1104 490 inﬂatos
1125 434 1305 490 fuisse
1328 451 1342 501 ;
1369 448 1473 489 nec
1492 450 1625 489 cum
1649 434 1753 489 de-

82 525 482 595 spicerentur,
510 524 707 581 elisos.
727 525 947 580 Neutra
969 523 1188 597 quippe
1205 523 1449 579 tentatio
1473 522 1659 578 defuit
1678 521 1752 576 il—

80 612 161 669 lis
192 613 377 669 viris:
413 630 551 669 nam
582 619 639 669 et
665 613 1029 670 credentium
1063 612 1514 669 celebrabantur
1546 628 1755 681 praeco-

82 702 212 772 nio,
256 707 316 758 et
370 703 853 774 persequentium
909 701 1239 758 maledictis
1288 701 1749 755 infamabantur.

79 791 256 847 Sicut
282 806 422 863 ergo
457 792 552 847 isti
577 808 679 864 pro
700 796 965 863 tempore
991 792 1313 847 utebantur
1335 790 1427 845 bis
1448 790 1749 857 omnibus,

79 886 144 935 et
175 897 296 935 non
320 882 890 953 corrumpebantur;
924 882 1011 935 sic
1039 879 1125 934 illi
1158 882 1404 944 veteres,
1438 895 1612 933 usum
1670 878 1750 933 fe-

78 970 393 1025 minarum
424 970 497 1025 ad
530 970 621 1026 sui
657 970 941 1042 temporis
972 967 1440 1024 convenientiam
1497 968 1752 1023 referen-

76 1064 197 1129 tes,
229 1075 346 1114 non
380 1058 754 1131 patiebantur
782 1074 911 1113 eam
944 1057 1409 1113 dominationem
1465 1054 1749 1123 libidinis,

76 1148 182 1202 cui
216 1148 483 1203 serviunt
511 1147 758 1221 quijsta
788 1164 903 1203 non
938 1147 1209 1202 credunt.

160 1237 256 1291 30.
293 1236 359 1291 Et
388 1237 517 1291 ideo
548 1236 642 1291 isti
674 1253 806 1292 sese
856 1235 1019 1291 nullo
1071 1235 1244 1289 modo
1292 1232 1632 1288 cohiberent
1678 1232 1751 1287 ab

80 1325 441 1397 inexpiabili
485 1325 617 1381 odio
657 1325 935 1393 ﬁliorum,
960 1342 993 1379 a
1033 1324 1251 1396 quibus
1294 1322 1380 1378 vel
1416 1338 1624 1377 uxores
1663 1321 1753 1377 vel

85 1415 465 1470 concubinas
487 1430 627 1470 suas
643 1418 979 1485 attentatas,
1005 1418 1105 1469 aut
1128 1416 1471 1468 attrectatas
1492 1426 1621 1467 esse
1653 1426 1750 1466 co-

80 1508 470 1577 gnoscerent,
500 1505 551 1559 si
580 1505 665 1559 eis
696 1504 843 1559 forte
872 1502 987 1560 tale
1020 1501 1244 1574 aliquid
1279 1499 1607 1557 accidisset.

78 1657 325 1713 CAPUT
391 1656 531 1712 XXI.
585 1686 669 1741 -χ
702 1656 1255 1783 Davidjqumquam
1300 1655 1362 1709 in
1410 1654 1753 1737 adulterium

149 1731 369 1783 laneus.
402 1730 558 1783 lanae
583 1731 691 1783 luit
725 1745 758 1783 a
785 1729 885 1783 libi
928 1743 1205 1783 inosorum
1234 1727 1682 1783 intemperantia.

149 1731 369 1801 lapsus,
402 1730 558 1800 longe
580 1730 691 1798 [uit
725 1745 758 1783 a
785 1727 1205 1784 libidinosorum
1234 1727 1682 1799 intemperantia.

170 1866 293 1919 Rex
322 1868 520 1920 autem
552 1863 733 1919 David
766 1879 897 1919 cum
931 1864 1037 1918 hoc
1067 1864 1138 1917 ab
1179 1862 1361 1933 impio
1419 1866 1593 1933 atque
1641 1860 1752 1915 im-

91 1955 264 2010 mani
299 1954 420 2009 ﬁlio
450 1969 661 2026 passus
692 1958 866 2020 esset,
901 1969 1016 2007 non
1049 1951 1239 2006 solum
1273 1951 1644 2005 ferocientem
1670 1953 1753 2005 to-

88 2043 331 2109 leravit,
352 2044 453 2099 sed
487 2043 663 2098 etiam
695 2042 920 2114 planxit
947 2040 1301 2096 exstinctum
1329 2039 1399 2111 (ΙΙ
1436 2041 1560 2110 Reg.
1583 2055 1746 2106 xvm,

86 2135 209 2203 33).
264 2132 389 2189 Non
435 2132 594 2188 enim
643 2131 863 2187 carnali
910 2130 1033 2185 zelo
1079 2130 1346 2185 irretitus
1414 2129 1749 2195 tenebatur,

90 2239 279 2295 quem
329 2220 490 2277 nullo
545 2222 718 2276 modo
766 2220 995 2292 injurias
1032 2237 1172 2286 suae,
1207 2219 1310 2274 sed
1361 2222 1599 2290 peccata
1648 2217 1751 2272 ﬁlii

88 2312 569 2368 commovebant.
600 2310 745 2365 Nam
770 2310 920 2381 ideo,
952 2310 1002 2365 si
1031 2309 1380 2376 vinceretur,
1407 2324 1541 2363 eum
1568 2306 1752 2363 occidi

86 2400 501 2472 prohibuerat,
536 2404 603 2454 ut
632 2398 887 2455 edomito
919 2402 1248 2455 servaretur
1297 2396 1614 2469 paenitendi
1664 2396 1753 2451 lo-

89 2508 207 2545 cus
234 2506 248 2544 ε
280 2496 339 2545 et
368 2489 509 2561 quia
538 2505 652 2544 non
684 2487 895 2559 potuit,
930 2504 1045 2543 non
1088 2486 1402 2542 orbitatem
1452 2484 1643 2540 doluit
1691 2484 1750 2539 in

87 2581 230 2650 ejus
260 2578 522 2644 interitu,
556 2577 656 2633 sed
689 2580 925 2633 noverat
953 2575 1013 2630 in
1044 2591 1191 2646 quas
1222 2590 1423 2647 pinnas
1470 2580 1591 2629 tam
1640 2573 1752 2628 im-

89 2669 194 2740 pie
248 2666 553 2723 adultera‘
605 2673 663 2722 et
727 2663 1095 2738 parricidalis
1161 2666 1359 2719 anima
1429 2667 1747 2733 raperetur.

84 2758 366 2829 Namque
398 2756 511 2812 alio
539 2754 704 2827 prius
737 2754 857 2810 ﬁlio
889 2754 990 2825 qui
1023 2752 1308 2809 innocens
1337 2757 1481 2819 erat,
1511 2768 1613 2823 pro
1636 2768 1752 2822 quo

86 2850 417 2919 aegrotante
448 2844 839 2917 afﬂigebatur,
873 2843 1155 2899 moriente
1187 2842 1421 2897 laetatus
1452 2845 1560 2897 est.

164 2936 263 2989 31.
296 2935 377 2989 Ex
405 2933 515 2989 hoc
548 2931 797 2987 maxime
827 2936 1069 3003 apparet
1099 2946 1217 3001 qua
1246 2929 1643 2985 moderatione
1688 2945 1753 2983 ac

84 3023 491 3096 temperantia
523 3022 607 3078 illi
668 3021 900 3078 feminis
938 3022 1273 3089 utebantur,
1311 3019 1468 3091 quod
1508 3036 1641 3074 cum
1692 3019 1751 3074 in

88 3131 283 3171 unam
306 3112 503 3168 illicita
526 3112 798 3167 irruisset
819 3126 919 3166 rex
938 3110 1266 3177 idem,eestu
1288 3110 1543 3181 quodam
1568 3108 1755 3163 aetatis

88 3211 155 3261 et
172 3200 588 3273 temporalium
614 3216 807 3255 rerum
828 3199 1316 3272 prosperitatibus
1330 3198 1627 3270 abreptus,
1652 3213 1752 3251 cu-

80 3296 194 3366 jus
219 3292 400 3349 etiam
419 3291 701 3347 maritum
725 3288 1110 3345 occidendum
1132 3292 1753 3361 praeceperanaccusa-

88 3389 198 3439 tus
222 3390 309 3438 est
323 3398 425 3454 per
438 3379 783 3452 prophetam
808 3396 820 3433 :
842 3377 1086 3449 quicum
1112 3377 1183 3432 ad
1198 3393 1332 3432 eum
1349 3376 1606 3432 venisset
1618 3392 1754 3431 con-

86 3472 455 3527 vincendum
479 3470 550 3524 de
568 3466 1199 3541 peccato,proposuitei
1214 3464 1665 3520 similitudinem
1685 3465 1755 3520 de

90 3576 363 3635 paupere
384 3558 480 3630 qui
506 3557 758 3613 habebat
782 3573 945 3613 ovem
968 3556 1347 3626 unam,cujus
1369 3555 1753 3610 vicinus'cum

91 3652 349 3705 haberet
366 3646 680 3717 multas,ad
696 3646 1009 3701 adventum
1025 3645 1277 3716 hospitis
1296 3644 1385 3700 sui
1404 3642 1635 3698 unicam
1654 3658 1755 3714 po-

91 3742 220 3795 tius
234 3737 409 3793 vicini
423 3736 512 3792 sui
528 3734 799 3808 pauperis
812 3732 1097 3789 oviculam
1112 3730 1755 3804 exhibuitepulandam.

102 3832 166 3885 In
194 3842 376 3900 quem
399 3830 726 3881 commotus
746 3824 930 3879 David
954 3821 1134 3878 occidi
1159 3838 1291 3877 eum
1308 3821 1512 3892 jussit,
1530 3826 1585 3875 et
1608 3836 1757 3893 qua-

100 3921 213 3973 dru
226 3915 431 3989 plicari
454 3932 615 3971 ovem
641 3912 883 3986 pauperi
910 3938 924 3981 ;
945 3916 1009 3967 ut
1036 3928 1099 3967 se
1120 3911 1387 3967 nesciens
1409 3911 1760 3966 condemna-

101 4006 326 4079 ret,qui
343 4009 677 4077 peccaverat
692 4002 1075 4069 sciens.Quod
1094 4018 1227 4057 eum
1247 4002 1297 4056 ei
1318 4000 1761 4056 manifestatum

102 4103 286 4162 esset,
311 4100 367 4150 et
389 4094 673 4149 divinitus
695 4092 1041 4149 denuntiata
1065 4090 1340 4155 vindicta,
1376 4089 1547 4144 diluit
1578 4090 1762 4161 poeni-

103 4188 285 4242 tendo
317 4188 620 4257 peccatum
643 4183 718 4253 (ΙΙ
744 4184 875 4250 Reg.
901 4198 1004 4248 xu,
1032 4181 1207 4251 1-14).
1232 4180 1342 4236 Sed
1364 4184 1557 4235 tamen
1575 4178 1632 4233 in
1656 4178 1765 4234 hac

109 4279 151 4332 si
165 4276 289 4330 mili
302 4273 604 4329 tudinestu
615 4288 781 4344 prum
800 4270 1197 4326 tantummodo
1210 4269 1514 4341 designata
1527 4285 1577 4323 ιιι
1595 4268 1766 4323 estde

110 4383 215 4421 ove
239 4363 414 4419 vicini
438 4361 711 4435 pauperis
732 4361 835 4429 ;de
858 4360 1067 4415 marito
1090 4364 1285 4415 autem
1312 4357 1571 4416 mulieris
1593 4358 1768 4413 inter-

112 4462 335 4527 empto,
361 4452 468 4507 hoc
493 4457 603 4518 est,
627 4451 696 4507 de
716 4451 845 4523 ipso
867 4465 1142 4522 paupere,
1174 4448 1274 4520 qui
1299 4464 1478 4503 unam
1516 4447 1771 4502 habebat

116 4542 650 4611 ovem,occiso,non
674 4544 763 4596 est
786 4538 1348 4611 persimilitudinem
1373 4537 1769 4609 interrogatus

122 4633 319 4696 David,
350 4637 414 4686 ut
438 4628 496 4685 in
523 4629 715 4686 solum
751 4628 1106 4685 adulterium
1140 4627 1393 4683 diceret”
1413 4626 1768 4681 sententiam

122 4720 516 4779 damnationis
538 4736 677 4776 sua.
703 4719 781 4774 Ex
800 4735 914 4790 quo
937 4716 1288 4790 intelligitur
1304 4722 1528 4789 quanta
1553 4721 1772 4787 tempe-

126 4813 309 4869 rantia
340 4809 562 4865 multas
585 4808 862 4864 mulieres
885 4806 1177 4875 habuerit,
1202 4806 1437 4878 quando
1465 4806 1535 4861 de
1565 4822 1685 4859 una
1711 4805 1770 4859 in

129 4922 232 4973 qua
252 4900 501 4958 excessit
523 4898 829 4968 modum,a
847 4897 1040 4968 seipse
1065 4895 1266 4969 puniri
1288 4900 1523 4950 coactus
1544 4895 1772 4950 est.Sed

134 4996 181 5048 in
202 4994 309 5047 isto
332 4991 457 5045 viro
482 4984 1348 5057 immoderatehujuslibidinis
1371 5002 1487 5040 non
1503 5001 1772 5056 perman-

136 5086 236 5145 sio,
260 5080 359 5136 scd
386 5076 676 5133 transitus
699 5075 810 5130 fuit
831 5093 844 5130 :
871 5080 1179 5147 propterea
1204 5074 1379 5129 etiam
1398 5075 1469 5129 ab
1493 5078 1775 5145 arguente

140 5170 411 5242 Propheta
444 5167 543 5222 ille
573 5163 816 5220 illicitus
846 5164 1139 5236 appetitus
1157 5163 1375 5235 hospes
1394 5172 1629 5219 vocatus
1662 5166 1770 5218 est.

142 5261 249 5315 Non
273 5260 428 5316 enim
456 5256 601 5311 dixit
620 5272 754 5310 eum
779 5256 899 5325 regi
922 5271 1048 5320 suo,
1074 5253 1172 5307 sed
1199 5252 1413 5323 liOSpiti
1452 5270 1558 5307 suo
1598 5252 1773 5307 vicini

145 5348 397 5421 pauperis
420 5361 588 5401 ovem
612 5345 682 5399 ad
708 5342 1067 5415 epulandum
1090 5341 1444 5396 exhibuisse.
1473 5344 1541 5395 At
1561 5358 1693 5396 vero
1714 5341 1772 5396 in

146 5441 255 5509 ejus
277 5438 393 5493 ﬁlio
417 5434 873 5503 Salomone,non
896 5431 1061 5502 quasi
1084 5432 1293 5503 hospes
1330 5433 1642 5486 transitum
1666 5430 1774 5486 ha-

206 5586 218 5619 ι
249 5586 354 5632 Αω.
385 5581 472 5630 Er.
506 5584 559 5628 et
587 5578 711 5627 Mss.
737 5637 743 5638 γ
771 5579 988 5637 septem,
1050 5578 1154 5623 tam
1210 5572 1374 5638 impia
1429 5577 1480 5623 et
1515 5571 1773 5624 adultera.

157 5646 275 5703 Bad.,
295 5650 396 5695 tam
427 5642 585 5706 impii
597 5705 601 5706 ν
612 5637 875 5706 adultera.

207 5697 312 5761 ἐἰς
338 5710 462 5760 Mss.
484 5697 648 5767 {editi
679 5715 827 5764 vero,
860 5702 913 5750 in
939 5698 1043 5750 toto
1071 5698 1326 5749 adulterio
1355 5697 1588 5751 disceret.

1477 300 1709 363 LIBER
1748 302 2115 368 TERTIUS.

3434 307 3514 368 78

1856 434 2005 505 buit,
2033 437 2133 491 sed
2167 452 2412 507 regnum
2438 437 2551 493 ista
2573 438 2755 495 libido
2781 440 3080 512 possedit:
3106 439 3177 494 de
3211 455 3326 510 quo
3359 438 3512 494 Scri—

1858 528 2032 595 ptura
2053 541 2167 580 non
2191 527 2394 594 tacuit,
2428 526 2674 597 culpane
2690 544 2825 583 eum
2841 527 3025 583 fuisse
3039 531 3360 582 amatorem
3386 544 3514 581 mu-

1856 612 2068 669 lierum
2090 614 2188 685 (III
2207 616 2484 686 Reg,x11).
2511 617 2693 687 Cujus
2709 622 2906 673 tamen
2925 617 3093 673 initia
3110 615 3399 672 desiderio
3420 632 3513 671 sa-

1858 701 2087 774 pientiai
2113 702 2499 774 ﬂagraverant
2520 704 2592 777 (ΙΙ
2612 706 2859 777 Paratip.
2884 722 2922 769 1,
2947 704 3101 775 7-12)
3127 722 3139 773 ;
3174 720 3351 776 quam
3376 721 3511 759 cum

1857 807 2054 847 amore
2078 791 2373 863 spirituali
2390 793 2640 867 adeptus
2656 798 3037 861 esset,amore
3050 792 3268 848 carnali
3290 792 3509 848 amisit.

1928 932 2161 989 CAPUT
2184 933 2351 989 XXII.
2378 965 2445 975 —-
2471 936 2675 1005 Regula
2698 935 2762 991 de
2778 935 3243 1005 Seripturaelocis,
3276 934 3372 989 ubi
3387 936 3510 990 lau-

1856 1004 2070 1061 dantur
2080 1010 2227 1076 /acta
2242 1006 2490 1077 quaedam
2503 1004 2770 1063 bonorum
2787 1004 2945 1064 hodie
2956 1007 3197 1062 moribus
3207 1009 3486 1062 contraria
3496 1047 3509 1062 .

1926 1114 2016 1167 32.
2041 1113 2211 1185 Ergo,
2244 1130 2586 1186 quanquam
2611 1115 2810 1170 omnia
2833 1116 2919 1170 vel
2965 1130 3116 1187 pene
3145 1114 3345 1170 omnia
3383 1131 3511 1186 quas

1855 1201 1915 1257 in
1938 1202 2158 1258 Veteris
2183 1202 2541 1259 Testamenti
2564 1203 2731 1259 libris
2753 1208 2919 1276 gesta
2967 1204 3361 1269 continentur,
3397 1221 3510 1259 non

1857 1289 2049 1347 solum
2078 1292 2331 1364 pr0prie,
2364 1293 2464 1348 sed
2496 1293 2676 1347 etiam
2708 1293 2955 1364 ﬁgurate
2986 1292 3332 1364 accipienda
3362 1292 3509 1348 sint:

1854 1383 2050 1435 tamen
2074 1380 2251 1436 etiam
2280 1380 2380 1437 illa
2404 1398 2531 1452 qua:
2554 1382 2786 1453 proprie
2807 1380 2988 1437 lector
3004 1380 3364 1453 acceperit,si
3385 1381 3515 1436 lau-

1857 1469 1978 1524 dati
2001 1473 2141 1524 sunt
2162 1469 2246 1524 illi
2269 1469 2370 1542 qui
2391 1487 2458 1525 ea
2480 1470 2870 1539 fecerunt,sed
2896 1486 2965 1526 ea
2983 1475 3184 1525 tamen
3199 1470 3516 1526 abhorrent

1857 1575 1891 1613 a
1911 1558 2338 1614 consuetudine
2350 1560 2572 1615 bonoru
2584 1560 2769 1631 m,qui
2786 1563 2920 1631 post
2939 1558 3256 1615 adventum
3283 1558 3511 1615 Domini

1858 1646 2057 1703 divina
2080 1652 2366 1720 praecepta
2385 1648 2764 1716 custodiunt;
2783 1649 3034 1721 ﬁguram
3074 1648 3148 1703 ad
3178 1647 3511 1719 intelligen-

1858 1736 2003 1791 tiam
2030 1737 2489 1804 relerat,factum
2513 1754 2642 1794 vero
2660 1738 2855 1809 ipsum
2879 1738 2951 1795 ad
2968 1754 3161 1795 mores
3177 1755 3292 1794 non
3316 1742 3511 1793 trans-

1857 1823 2026 1880 ferat.
2064 1825 2249 1881 Multa
2277 1825 2436 1881 enim
2467 1832 2609 1883 sunt
2637 1844 2765 1897 quae
2796 1826 2896 1882 illo
2942 1831 3207 1898 tempore
3252 1826 3510 1882 ofﬁciose

1860 1913 2011 1969 facta
2024 1919 2318 1986 sunt,quas
2337 1915 2511 1972 modo
2526 1914 2637 1971 nisi
2654 1915 2966 1972 libidinose
2979 1915 3102 1972 ﬁeri
3117 1932 3227 1971 non
3241 1919 3507 1988 possunt.

1928 2037 2165 2095 CAPUT
2194 2038 2390 2094 XXIII.
2422 2070 2493 2079 -—
2524 2040 2729 2111 Regula
2755 2039 2820 2095 de
2851 2041 2982 2095 locis
3019 2040 3119 2095 ubi
3159 2056 3507 2111 magnorum,

2239 2113 2487 2167 virorum
2512 2120 2733 2183 peccata
2781 2115 3123 2183 referuntur.

1929 2220 1989 2275 Si
2023 2237 2141 2291 qua
2160 2237 2293 2276 vero
2324 2224 2559 2291 peccata
2591 2236 2938 2292 magnorum
2978 2220 3236 2276 virorum
3284 2219 3509 2293 legerit,

1856 2310 2090 2365 tametsi
2115 2309 2367 2380 aliquam
2384 2310 2442 2364 in
2466 2309 2550 2365 eis
2574 2310 2825 2381 ﬁguram
2840 2325 3033 2364 rerum
3050 2310 3382 2365 futurarum
3396 2308 3515 2364 ani-

1858 2400 2220 2454 madvertere
2271 2404 2447 2470 atque
2516 2399 2797 2471 indagare
2847 2400 3131 2471 potuerit;
3169 2399 3250 2455 rei
3308 2404 3509 2455 tamen

1857 2493 2033 2560 gestae
2068 2488 2479 2560 pr0prietatem
2511 2488 2579 2543 ad
2615 2487 2771 2543 hunc
2803 2505 2977 2543 usum
3020 2492 3306 2558 assumat,
3341 2493 3407 2543 ut
3451 2505 3513 2544 se

1858 2593 2234 2648 nequaquam
2267 2581 2417 2632 recte
2448 2576 2615 2632 factis
2648 2577 2771 2633 suis
2796 2578 3022 2649 jactare
3054 2578 3286 2645 audeat,
3320 2582 3376 2632 et
3396 2595 3511 2650 pra:

1859 2684 1969 2722 sua
1992 2666 2228 2737 justitia
2258 2671 2495 2722 caeteros
2520 2670 2806 2739 tanquam
2862 2670 3196 2739 peccatores
3244 2670 3506 2723 contem-

1858 2760 1982 2821 nat,
2026 2772 2161 2811 cum
2210 2755 2404 2811 videat
2450 2759 2753 2811 tantorum
2804 2755 3066 2811 virorum
3112 2760 3169 2811 et
3221 2757 3510 2812 cavendas

1857 2850 2261 2917 tempestates,
2322 2848 2379 2899 et
2420 2844 2614 2900 ﬂenda
2661 2844 2988 2917 naufragia.
3042 2845 3129 2900 Ad
3180 2844 3289 2901 hoc
3355 2845 3512 2901 enim

1857 2934 2033 2990 etiam
2066 2938 2302 3006 peccata
2332 2932 2567 2988 illorum
2618 2932 2924 2988 hominum
2976 2934 3198 3005 scripta
3244 2938 3402 3002 sunt,
3449 2938 3517 2988 ut

1858 3023 2191 3096 Apostolica
2220 3022 2323 3077 illa
2349 3022 2643 3078 sententia
2675 3022 2893 3093 ubique
2923 3023 3227 3077 tremenda
3257 3024 3353 3090 sit,
3397 3039 3514 3093 qua

1859 3114 1979 3179 ait;
2012 3114 2353 3184 Quapropter
2398 3114 2495 3185 qui
2542 3111 2761 3167 videtur
2797 3120 2967 3179 stare,
3010 3111 3211 3179 videat,
3246 3126 3318 3166 ne
3354 3112 3513 3167 cadat

1857 3206 1904 3276 (Ι
1937 3204 2058 3259 Cor.
2090 3220 2147 3270 x,
2173 3204 2280 3272 12).
2314 3201 2487 3259 Nulla
2512 3201 2669 3257 enim
2703 3201 2819 3257 fere
2880 3200 3095 3274 pagina
3140 3206 3230 3256 est
3277 3205 3514 3256 sancto-

1858 3310 1993 3351 rum
2054 3292 2383 3361 Librorum,
2443 3290 2502 3345 in
2563 3308 2679 3362 qua
2740 3306 2855 3346 non
2915 3295 3083 3347 sonet
3146 3290 3297 3361 quod
3364 3295 3515 3347 Deus

1859 3382 2129 3456 superbis
2159 3381 2400 3449 resistit,
2432 3381 2763 3437 humilibus
2793 3386 2987 3436 autem
3020 3381 3122 3436 dat
3171 3380 3440 3453 gratiam.

1930 3507 2164 3564 CAPUT
2194 3506 2387 3563 XXIV.
2412 3536 2481 3547 —
2501 3506 2639 3561 Ante
2652 3506 2844 3561 omnia
2863 3504 3318 3562 considerandum
3340 3522 3514 3575 genus

2528 3579 2836 3634 locutionis.

1932 3689 2019 3744 34.
2054 3689 2303 3743 Maxime
2330 3685 2528 3757 itaque
2551 3684 3025 3757 investigandum
3046 3688 3136 3741 est
3162 3690 3359 3740 utrum
3385 3701 3513 3756 pro-

1862 3780 1991 3853 pria
2019 3779 2118 3846 sit,
2153 3793 2224 3831 an
2257 3777 2509 3849 ﬁgurata
2529 3774 2765 3839 locutio,
2790 3791 2966 3846 quam
2992 3774 3316 3847 intelligere
3337 3791 3511 3830 cona-

1866 3886 2018 3925 mur.
2052 3867 2198 3922 Nam
2230 3869 2525 3935 comperto
2557 3865 2711 3935 quod
2737 3864 2987 3935 ﬁgurata
3006 3864 3104 3929 sit,
3128 3864 3407 3919 adhibitis
3430 3881 3516 3919 rc-

1866 3957 2020 4031 gulis
2053 3972 2246 4011 rerum
2280 3971 2427 4025 quas
2459 3954 2514 4007 in
2549 3953 2738 4025 primo
2769 3952 2919 4009 libro
2949 3953 3328 4025 digessimus,
3353 3952 3517 4009 facile

1868 4052 1960 4103 est
1988 4061 2117 4100 eam
2149 4060 2381 4099 versare
2410 4042 2686 4096 omnibus
2720 4041 2931 4103 modis,
2990 4041 3174 4096 donec
3219 4040 3519 4111 pervenia-

1870 4152 2004 4190 mus
2031 4134 2100 4189 ad
2134 4131 2484 4188 sententiam
2516 4129 2798 4197 veritatis,
2835 4130 3155 4201 prmsertim
3187 4147 3322 4185 cum
3374 4148 3519 4185 usus

1873 4223 2183 4280 accesserit
2216 4220 2450 4293 pietatis
2479 4218 2891 4275 exercitatione
2921 4220 3250 4276 roboratus.
3296 4219 3522 4275 Inveni-

1872 4331 2007 4369 mus
2040 4318 2236 4367 autem
2270 4315 2468 4364 utrum
2504 4308 2740 4380 propria
2765 4308 2861 4377 sit,
2896 4324 2970 4362 an
3006 4308 3250 4379 ﬁgurata
3282 4307 3519 4375 locutio,

1873 4402 1974 4458 illa
2004 4402 2303 4456 intuentes
2336 4415 2464 4470 quae
2494 4414 2675 4469 supra
2706 4397 2863 4453 dicta
2896 4402 3055 4453 sunt.

1945 4526 2175 4584 CAPUT
2206 4523 2371 4580 XXV.
2405 4555 2469 4565 —
2500 4523 2659 4649 Iden;
2672 4522 2903 4607 perbum
2932 4538 3043 4579 non
3073 4523 3225 4579 idem
3243 4524 3526 4595 signiﬁcat

2589 4612 2627 4649 α
2665 4610 2808 4649 naue.

2589 4610 2808 4664 umque.

1949 4706 2111 4774 Quod
2135 4721 2269 4761 cum
2302 4701 2659 4777 apparuerit,
2691 4701 2865 4757 verba
2908 4701 3124 4773 quibus
3172 4702 3525 4774 continetur,

1877 4801 1981 4854 aut
2009 4814 2043 4852 a
2073 4793 2368 4850 similibus
2400 4792 2574 4847 rebus
2632 4790 2809 4845 ducta
2855 4791 3246 4859 invenientur,
3296 4796 3399 4847 aut
3456 4792 3528 4848 ab

1878 4886 2074 4956 aliqua
2102 4883 2401 4939 vicinitate
2429 4880 2882 4953 attingentibus.

1948 4977 2039 5031 35.
2072 4974 2182 5030 Sed
2214 4972 2492 5044 quoniam
2526 4968 2729 5026 multis
2762 4968 2948 5027 modis
2980 4987 3071 5025 res
3101 4970 3324 5026 similes
3353 4971 3527 5027 rebus

1880 5068 2307 5137 apparent,non
2333 5065 2606 5133 putemus
2622 5076 2753 5115 esse
2776 5058 3174 5131 praescriptum
3198 5064 3263 5115 ut
3283 5061 3439 5131 quod
3467 5061 3525 5117 in

1882 5154 2079 5225 aliquo
2098 5151 2220 5208 loco
2244 5166 2338 5205 res
2360 5149 2555 5221 aliqua
2580 5166 2681 5220 per
2701 5147 3146 5203 similitudinem
3172 5149 3530 5221 signiﬁcave-

1882 5246 1977 5309 rit,
2003 5245 2110 5298 hoc
2135 5258 2261 5297 eam
2287 5256 2517 5310 semper
2535 5238 2868 5310 signiﬁcare
2889 5237 3371 5295 credamus.Nam
3394 5240 3529 5296 etin

1880 5330 2307 5404 vituperatione
2329 5329 2677 5385 fermentum
2702 5326 3353 5396 posuitDominus,cum
3375 5329 3533 5386 dicc-

1882 5427 1990 5487 ret,
2016 5422 2210 5476 Cavete
2246 5437 2286 5475 α
2312 5420 2583 5491 fermento
2612 5416 3019 5471 Pharisaeorum
3050 5419 3257 5485 (Matth.
3277 5435 3392 5485 XVI,
3420 5422 3535 5490 Il);

1884 5517 1941 5569 et
1970 5512 2027 5566 in
2060 5510 2253 5575 laude,
2287 5524 2419 5563 cum
2451 5506 2904 5571 diccret,Simile
2923 5514 3000 5561 est
3024 5523 3257 5577 regnum
3278 5508 3538 5565 caelorum

1882 5602 2113 5658 mulieri
2141 5616 2257 5669 qua
2300 5597 2585 5655 abscondit
2611 5591 2946 5668 fermentum
2966 5598 3027 5651 in
3054 5599 3239 5654 tribus
3269 5602 3541 5655 mensuris

1888 5694 2109 5765 farinae,
2144 5689 2311 5745 donec
2337 5690 2771 5761 fermentaretur
2800 5688 2970 5742 totum
2988 5686 3142 5760 (Luc.
3174 5706 3297 5758 xm,
3318 5690 3431 5763 2t).
