4026 6354
162 342 231 402 93
1533 340 1764 401 LIBER
1809 340 2199 411 QUARTUS.
3493 344 3576 404 94

167 474 257 529 ubi
290 490 394 529 eos
427 473 710 544 intelligo,
734 489 847 530 non
873 471 1061 528 solum
1096 472 1241 528 nihil
1264 473 1348 529 eis
1370 474 1813 543 sapicntius,ve-

169 581 291 619 rum
325 564 507 618 etiam
545 563 688 618 mbil
723 562 1092 635 eloquentius
1124 563 1267 617 mihi
1291 563 1469 617 videri
1504 567 1710 633 potest.
1746 564 1813 617 Et

166 653 347 707 audeo
380 652 595 717 dicere,
627 668 829 708 omnes
861 651 962 724 qui
994 656 1145 708 recte
1176 650 1513 724 intelligunt
1546 652 1701 723 quod
1728 651 1813 706 illi

167 740 696 813 loqunntur,simul
722 740 1045 813 intelligere
1068 757 1182 796 non
1214 757 1314 796 eos
1330 741 1498 796 aliter
1525 741 1683 811 loqui
1716 741 1812 795 de-

168 832 386 887 buisse.
402 831 833 886 Sicutestenim
850 832 1117 901 quaedam
1135 830 1470 901 eloquentia
1482 847 1613 902 quae
1629 832 1814 899 magis

170 924 398 976 atatem
423 920 744 990 juvenilem
772 920 956 985 decet,
987 924 1076 975 est
1107 936 1234 991 qua:
1255 920 1537 985 senilem;
1572 920 1816 989 necjam

169 1008 415 1064 dicenda
446 1014 536 1064 est
587 1008 940 1080 eloquentia,
994 1008 1043 1063 si
1079 1025 1337 1080 personas
1388 1026 1503 1064 non
1535 1011 1819 1081 congruat

171 1097 536 1169 eloquentis:
571 1098 655 1153 ita
683 1104 774 1153 est
803 1099 1090 1169 quaedam,
1117 1114 1243 1169 quae
1276 1098 1430 1153 viros
1460 1115 1692 1153 summa
1714 1115 1815 1151 au-

170 1188 440 1242 ctoritate
471 1187 852 1259 dignissimos
894 1187 1178 1258 planeque
1224 1187 1454 1242 divinos
1485 1189 1668 1242 decet.
1705 1188 1818 1241 Hac

170 1275 253 1330 illi
284 1275 463 1330 locuti
497 1282 656 1345 sunt,
681 1292 786 1332 nec
815 1277 975 1347 ipsos
996 1277 1159 1331 decet
1190 1276 1323 1345 alia,
1351 1293 1454 1331 nec
1479 1276 1624 1331 alios
1656 1276 1814 1345 ipsa:

170 1365 312 1436 ipsis
333 1365 492 1421 enim
516 1366 817 1436 congruit;
840 1365 987 1421 alios
1011 1365 1700 1437 autem,quantovidetur
1717 1363 1821 1418 hu-

173 1454 382 1520 milior,
415 1459 578 1510 tanto
618 1454 790 1511 altius
819 1472 935 1511 non
968 1456 1336 1520 ventositate,
1371 1454 1471 1509 sed
1523 1453 1823 1509 soliditate

173 1544 554 1599 transcendit.
588 1543 693 1599 Ubi
718 1561 848 1600 vero
872 1561 986 1599 non
1016 1560 1116 1599 eos
1141 1543 1426 1613 intelligo,
1461 1543 1660 1598 minus
1691 1542 1820 1614 qui-

176 1632 305 1687 dem
340 1631 488 1686 mibi
518 1639 759 1705 apparet
788 1649 991 1688 eorum
1040 1633 1393 1704 eloquentia,
1423 1632 1524 1688 sed
1574 1649 1701 1687 eam
1732 1636 1825 1686 ta-

179 1738 309 1777 men
345 1738 460 1776 non
490 1722 693 1778 dubito
715 1739 843 1778 esse
862 1722 1062 1791 talem,
1092 1721 1283 1793 qualis
1304 1730 1391 1777 est
1417 1721 1515 1777 ubi
1539 1720 1821 1793 intelligo.

179 1812 307 1883 Ipsa
336 1828 569 1883 quoque
613 1813 945 1867 obscuritas
994 1812 1325 1867 divinorum
1377 1810 1827 1881 salubriumque

177 1901 466 1956 dictorum
500 1902 600 1957 tali
654 1902 993 1973 eloquentia:
1044 1902 1345 1957 miscenda
1378 1902 1586 1965 fuerat,
1621 1901 1679 1955 in
1710 1917 1829 1972 qua

183 1991 462 2061 prolicere
494 1997 693 2047 noster
722 1991 1072 2057 intellectus,
1098 2008 1212 2045 non
1247 1990 1438 2045 solum
1472 1990 1825 2061 inventione,

180 2097 384 2141 verum
415 2082 593 2136 etiam
624 2080 1032 2137 exercitatione
1060 2080 1318 2135 deberet.

252 2176 339 2229 10.
378 2174 612 2229 Possem
638 2171 897 2241 quidem,
917 2170 966 2225 si
988 2174 1236 2235 vacaret,
1271 2185 1477 2224 omnes
1507 2169 1752 2224 virtutes
1775 2174 1832 2225 et

177 2266 524 2320 ornamenta
555 2259 919 2331 eloquentize,
945 2261 1014 2315 de
1045 2261 1263 2331 quibus
1295 2259 1580 2313 inflantur
1608 2258 1704 2313 isti
1732 2259 1830 2329 qui

176 2354 440 2425 linguam
462 2366 631 2407 suam
654 2353 986 2404 nostrorum
1009 2352 1313 2403 auctorum
1332 2347 1687 2419 lingummon
1714 2364 1826 2402 ma-

180 2439 619 2516 gnitudine,sed
640 2443 868 2493 tumore
886 2437 1573 2509 priaponuntmstendere
1605 2437 1661 2492 in
1696 2436 1832 2491 isto-

181 2547 311 2585 rum
339 2528 570 2585 Litteris
593 2527 949 2597 sacris,quos
971 2527 1140 2581 nobis
1168 2524 1526 2591 erudiendis,
1550 2530 1608 2581 et
1629 2525 1700 2580 ab
1721 2525 1831 2579 hoc

180 2622 394 2675 saeculo
419 2635 594 2690 pravo
612 2617 670 2671 in
699 2618 933 2671 beatum
951 2616 1226 2670 saeculum
1249 2615 1831 2687 transferendis,pro-

178 2708 438 2763 videntia
460 2706 658 2761 divina
679 2704 1062 2776 providit.Sed
1090 2721 1204 2759 non
1226 2704 1357 2775 ipsa
1384 2720 1475 2758 me
1500 2703 1628 2774 plus
1650 2721 1828 2775 quam

178 2797 293 2852 dici
326 2800 519 2868 potest
547 2796 606 2849 in
630 2794 736 2868 illa
751 2793 1087 2864 eloquentia
1110 2794 1555 2864 delectant,quaa
1578 2799 1717 2849 sunt
1739 2793 1830 2850 his

179 2866 471 2941 viris—cum
491 2866 822 2939 oratoribus
840 2882 1158 2937 Gentilium
1183 2882 1435 2953 poetisve
1457 2884 1829 2939 communia:

179 2974 326 3029 illud
362 2974 550 3046 magis
581 2973 839 3028 admiror
886 2976 945 3026 et
995 2976 1221 3041 stupeo,
1263 2973 1416 3044 quod
1468 2973 1583 3027 ista
1630 2978 1832 3027 nostra

180 3063 525 3136 eloquentia
559 3062 638 3117 ita
671 3061 759 3116 usi
793 3065 930 3116 sunt
960 3077 1063 3132 per
1093 3060 1334 3116 alteram
1369 3062 1686 3133 quamdam
1711 3061 1828 3117 elo-

181 3153 486 3226 quentiam
520 3169 710 3222 suam,
745 3156 935 3206 utnec
965 3152 1195 3206 deesset
1224 3152 1440 3217 eis,nec
1463 3152 1748 3207 emineret
1770 3152 1830 3207 in

180 3244 269 3299 eis
295 3261 307 3297 :
345 3243 485 3314 quia
516 3258 644 3297 eam
675 3258 779 3296 nec
810 3241 1126 3311 improbari
1160 3242 1230 3295 ab
1254 3240 1388 3307 illis,
1415 3258 1519 3297 nec
1549 3242 1829 3298 ostentari

181 3334 528 3403 Oportebat;
562 3348 812 3403 quorum
837 3330 1085 3385 alterum
1119 3330 1297 3401 fieret,
1323 3331 1371 3384 si
1403 3331 1683 3386 vitaretur
1707 3350 1720 3399 ;
1746 3331 1829 3387 al-

175 3427 371 3477 terum
409 3422 599 3493 putari
635 3424 855 3491 posset,
907 3419 956 3473 si
991 3418 1156 3474 facile
1206 3425 1639 3491 agnosceretur.
1676 3422 1740 3476 Et
1770 3422 1829 3477 in

174 3511 395 3583 quibus
430 3511 573 3565 forte
607 3509 751 3564 locis
783 3508 1122 3581 agnoscitur
1152 3525 1186 3562 a
1216 3509 1429 3576 doctis,
1457 3509 1603 3566 tales
1636 3528 1726 3566 res
1748 3512 1833 3566 di-

174 3606 416 3671 cuntur,
448 3605 512 3655 ut
552 3600 728 3655 verba
776 3599 991 3671 quibus
1041 3600 1339 3668 dicuntur,
1373 3618 1485 3655 non
1538 3618 1571 3656 a
1604 3603 1831 3658 dicente

176 3689 464 3756 adhibita,
501 3690 597 3745 sed
617 3688 763 3760 ipsis
793 3690 968 3744 rebus
988 3687 1144 3743 velut
1172 3696 1379 3760 sponte
1400 3690 1713 3759 subjuncta
1743 3691 1830 3745 vi-

176 3781 435 3835 deantur
457 3795 469 3833 :
495 3777 663 3850 quasi
688 3776 1037 3849 sapientiam
1060 3777 1132 3833 de
1150 3778 1320 3833 domo
1339 3796 1467 3843 sua,
1490 3780 1548 3835 id
1571 3784 1679 3846 est,
1706 3796 1831 3851 pec-

172 3874 301 3925 tore
328 3867 613 3939 sapientis
637 3866 947 3938 procedere
966 3866 1347 3938 intelligas,et
1366 3874 1647 3939 tanquam
1678 3868 1830 3924 inse-

175 3956 500 4029 parabilem
533 3954 815 4011 famulam
849 3953 1026 4011 etiam
1059 3971 1174 4010 non
1204 3961 1467 4011 vocatam
1500 3957 1664 4026 sequi
1710 3957 1826 4012 elo-

173 4045 502 4118 quentiam.

175 4186 408 4261 CAPUT
434 4185 553 4241 VIl.
587 4217 655 4261 -έ
684 4185 920 4261 Pulchre
966 4185 1134 4251 docet,
1167 4187 1417 4261 adductis
1446 4191 1733 4261 exemptis,
1767 4194 1824 4245 in

248 4260 423 4313 sacris
448 4260 669 4333 Litteris
692 4259 869 4333 inesse
880 4273 1199 4333 germanam
1214 4259 1729 4333 eloquentiamque:
1744 4280 1823 4317 sa-

260 4332 488 4402 pientiae
505 4330 760 4405 adhaeret
778 4328 931 4405 velut
952 4328 1341 4405 inseparabilis
1364 4328 1827 4405 comesEatempta

248 4412 534 4477 ponuntur
561 4418 630 4457 ea:
650 4402 912 4477 Epistolis
940 4402 1133 4477 Pauli,
1165 4411 1218 4457 et
1243 4419 1313 4458 ea:
1342 4404 1507 4459 Amos
1537 4402 1823 4477 propheta.

247 4474 578 4545 Exemﬂum
607 4473 764 4528 aliud
790 4488 946 4530 sanae
966 4474 1295 4545 eloquentia
1323 4492 1393 4530 ea:
1423 4473 1582 4532 Amos
1609 4473 1667 4547 6,
1703 4480 1753 4533 1.

254 4608 339 4661 11.
373 4606 511 4671 Quis
541 4605 697 4663 enim
730 4622 846 4661 non
894 4607 1085 4663 videat
1115 4608 1214 4678 qui
1246 4607 1495 4664 voluerit
1524 4610 1734 4679 dicere,
1772 4618 1829 4667 et

174 4714 357 4769 quam
388 4696 681 4768 sapienter
702 4695 911 4750 dixerit
931 4697 1246 4768 Apostolus
1272 4715 1284 4752 :
1308 4699 1628 4757 Gloriamus
1652 4703 1714 4756 in
1735 4705 1828 4757 tri-

172 4786 573 4852 bulationibus,
588 4787 815 4840 scientes
829 4787 959 4858 quia
982 4786 1270 4843 tribulatio
1282 4790 1620 4857 patientiam
1640 4808 1829 4862 opera-

167 4882 287 4943 tur,
318 4877 601 4947 patientia
623 4884 815 4931 autem
835 4875 1488 4948 probationem,probatio
1510 4896 1635 4936 vero
1655 4898 1827 4952 spem,

166 4982 293 5037 spes
321 4973 504 5021 autem
548 4982 654 5019 non
689 4965 971 5035 confundit
995 4983 1014 5019 :
1046 4967 1176 5037 quia
1205 4966 1462 5024 charitas
1495 4971 1598 5025 Dei
1625 4971 1827 5044 diffusa

172 5059 253 5110 est
288 5058 345 5109 in
363 5054 627 5109 cordibus
642 5056 843 5110 nostris
855 5071 956 5127 per
973 5055 1249 5126 Spiritum
1274 5061 1528 5113 sanctum
1545 5062 1638 5130 qui
1661 5064 1829 5116 (tatus

163 5153 247 5200 est
276 5145 431 5200 nobis
461 5144 634 5213 (Rom.
671 5160 727 5211 v,
761 5143 931 5213 3-5)?
952 5143 1056 5199 Hic
1087 5143 1135 5199 si
1168 5146 1321 5217 quis,
1351 5151 1415 5201 ut
1444 5146 1524 5203 ita
1554 5149 1823 5220 dixerim,

168 5233 441 5304 imperite
466 5233 709 5304 peritus,
731 5231 873 5287 artis
896 5233 1239 5305 eloquentiae
1260 5240 1547 5307 praecepta
1576 5242 1825 5309 Aposto-

168 5321 295 5377 lum
328 5328 599 5377 secutum
626 5321 806 5377 luisse
837 5323 1175 5393 contendat,
1201 5340 1393 5380 nonne
1416 5342 1449 5380 a
1477 5325 1824 5383 Christianis

168 5412 363 5467 doctis
392 5410 761 5483 indoctisque
793 5410 1080 5467 ridebitur
1103 5412 1131 5465 ?
1159 5412 1228 5467 Et
1256 5417 1452 5470 tamen
1485 5416 1826 5487 agnoscitur

167 5501 263 5557 hic
299 5502 507 5573 ﬁgura,
541 5517 670 5573 quae
691 5498 888 5572 κλίμαξ
916 5517 1119 5573 greco,
1146 5500 1327 5558 latine
1354 5518 1491 5559 vero
1523 5522 1556 5560 a
1587 5506 1827 5578 quibus-

175 5592 311 5646 dam
376 5595 467 5646 est
551 5590 843 5663 appellata
914 5591 1201 5663 gradatio,
1252 5594 1529 5664 quoniam
1606 5596 1825 5653 scalam

173 5682 368 5736 dicere
398 5680 736 5748 noluerunt,
768 5696 902 5736 cum
933 5682 1108 5736 verba
1140 5681 1227 5736 vel
1261 5699 1434 5738 sensa
1466 5691 1822 5741 connectun-

174 5780 271 5827 tur
298 5770 548 5827 alterum
572 5786 641 5827 ex
662 5769 847 5827 altero
874 5787 886 5838 ;
920 5770 1071 5826 sicut
1098 5770 1287 5838 hic,cx
1318 5768 1696 5831 tribulatione
1716 5793 1824 5849 pa-

1922 472 2214 537 tientiam,
2244 488 2313 527 ex
2344 471 2627 543 patientia
2673 474 3098 546 probationem,
3131 492 3197 531 ex
3229 476 3571 546 probatione

1923 577 2083 632 spem
2102 576 2423 616 connexam
2440 561 2726 617 videmus.
2748 562 3100 633 Agnoscilur
3118 563 3346 618 etaliud
3370 565 3569 632 decus,

1922 649 2200 722 quoniam
2232 654 2364 721 post
2392 650 2591 723 aliqua
2621 651 3113 722 pronuntiationis
3155 668 3293 707 voce
3335 652 3571 725 singula

1928 740 2108 803 finita,
2142 756 2268 810 quae
2318 740 2501 795 nostri
2547 742 2810 796 membra
2859 746 2918 796 et
2946 758 3117 807 caesa,
3162 741 3344 797 Grmci
3374 747 3571 797 autem

1923 827 2079 884 κῶλα
2109 834 2166 885 et
2193 828 2450 901 κόμματα
2480 837 2704 897 vocant,
2730 832 3000 903 sequitur
3020 832 3279 888 ambitus
3310 833 3431 887 sive
3461 832 3571 887 cir-

1926 919 2142 989 cuitus,
2175 936 2348 992 quem
2381 916 2637 994 περίοδον
2660 921 2742 976 illi
2765 921 3274 994 appellant,cujus
3307 923 3572 977 membra

1926 1010 2373 1081 suspenduntur
2404 1026 2538 1066 voce
2566 1011 2836 1080 dicentis,
2862 1012 3042 1066 donec
3069 1012 3278 1067 ultimo
3309 1011 3568 1067 ﬁniatur.

1924 1099 2068 1154 Nam
2101 1116 2305 1154 eorum
2336 1116 2460 1171 quas
2494 1101 2827 1171 pracedunt
2868 1100 3202 1168 circuitum,
3235 1102 3568 1156 membrum

1925 1188 2069 1243 illud
2095 1195 2184 1244 est
2204 1189 2484 1260 primum,
2506 1192 2767 1260 quoniam
2790 1190 3070 1246 tribulatio
3090 1190 3424 1257 patientiam
3444 1207 3570 1261 ope-

1927 1282 2087 1334 ratur
2105 1295 2127 1339 ;
2148 1279 2496 1346 secundum,
2527 1282 2794 1350 patientia
2812 1285 2995 1335 autem
3023 1280 3403 1351 probationem
3425 1301 3444 1349 ,-
3464 1286 3575 1337 ter-

1927 1368 2101 1434 tium,
2128 1367 2381 1437 probatio
2410 1384 2534 1423 vero
2562 1385 2727 1440 spem.
2785 1369 3001 1423 Deinde
3039 1370 3423 1443 subjungitur
3450 1370 3576 1442 ipse

1929 1455 2233 1522 circuitus,
2268 1456 2363 1527 qui
2394 1458 2584 1513 tribus
2643 1458 2941 1529 peragitur
2966 1459 3266 1527 membris,
3321 1476 3574 1531 quorum

1933 1545 2186 1617 primum
2219 1550 2327 1609 est,
2361 1563 2482 1617 spes
2512 1556 2693 1601 autem
2723 1563 2831 1602 non
2860 1548 3149 1618 confundit
3167 1564 3187 1609 ;
3228 1548 3577 1617 secundum,

1933 1636 2065 1707 quia
2092 1636 2332 1690 charitas
2366 1636 2466 1690 Dei
2494 1635 2691 1707 diﬂusa
2720 1643 2798 1690 est
2826 1637 2884 1690 in
2914 1636 3171 1692 cordibus
3198 1639 3442 1703 nostris;
3464 1640 3579 1693 ter-

1932 1724 2105 1787 tium,
2138 1740 2235 1794 per
2255 1725 2530 1795 Spiritum
2576 1734 2836 1780 sanctum
2882 1727 2978 1797 qui
3006 1725 3169 1781 datus
3197 1735 3278 1781 est
3307 1726 3480 1782 nobis.
3513 1728 3585 1781 At

1936 1814 2054 1869 haec
2086 1820 2263 1884 atque
2295 1814 2702 1885 hujuscemodi
2739 1815 2795 1868 in
2817 1814 3166 1871 elocutionis
3195 1821 3317 1871 arte
3346 1816 3584 1871 tradun-

1937 1908 2054 1959 tur.
2089 1904 2254 1958 Sicut
2283 1919 2420 1974 ergo
2443 1902 2785 1974 Apostolum
2811 1908 3095 1976 praacepta
3125 1903 3470 1977 eloquentiae
3492 1921 3583 1960 sc-

1938 1997 2140 2048 cutum
2166 1991 2349 2048 fuisse
2369 2009 2482 2047 non
2506 1992 2774 2059 dicimus,
2799 1994 2879 2047 ita
2902 1995 3055 2065 quod
3079 1995 3209 2064 ejus
3231 1994 3583 2066 sapientiam

1940 2087 2141 2137 secuta
2169 2081 2247 2137 sit
2276 2080 2627 2153 eloquentia,
2662 2098 2774 2136 non
2813 2098 3119 2155 negamus.

2016 2173 2098 2226 12.
2130 2170 2401 2226 Scribens
2433 2172 2501 2225 ad
2535 2170 2889 2239 Corinthios,
2922 2172 2983 2226 in
3039 2173 3299 2227 secunda
3326 2171 3590 2244 Epistola

1940 2260 2241 2332 redarguit
2256 2261 2568 2331 quosdam,
2593 2260 2694 2331 qui
2717 2265 2883 2316 erant
2904 2278 2970 2316 ex
2985 2261 3207 2317 Judmis
3229 2262 3590 2334 pseudoapo-

1941 2350 2276 2421 stoli,eique
2297 2349 2710 2407 detrahebant:
2734 2350 3082 2421 etquoniam
3098 2352 3358 2422 seipsum
3383 2351 3589 2423 pradi-

1941 2456 2070 2496 care
2110 2438 2500 2511 compellitur,
2533 2438 2684 2494 hanc
2715 2439 2823 2493 sibi
2858 2439 3014 2496 velut
3051 2440 3451 2513 insipientiam
3484 2440 3587 2495 tri-

1941 2530 2335 2600 buens,quam
2350 2528 3590 2602 sapienterdicit,quamqueeloquenteri’sed

1941 2635 2137 2674 comes
2161 2617 2611 2689 sapientim,dux
2632 2618 2973 2689 eloquentia;
2999 2637 3012 2687 ;
3038 2618 3195 2674 illam
3222 2636 3493 2691 sequens,
3517 2618 3593 2675 is-

1940 2715 2061 2765 tam
2093 2708 2427 2780 praecedens
2457 2712 2514 2762 et
2539 2714 2882 2778 sequentem
2902 2726 3015 2764 non
3044 2725 3341 2780 respuens.
3376 2711 3589 2765 lterum

1939 2798 2078 2862 dico,
2111 2795 2325 2868 inquit,
2356 2813 2424 2852 ne
2453 2796 2574 2866 quis
2603 2813 2691 2852 me
2730 2798 3006 2852 existimet
3054 2799 3401 2869 insipientem
3429 2813 3545 2853 esse
3568 2816 3593 2863 ;

1941 2887 2195 2958 alioquin
2224 2886 2375 2942 velut
2397 2886 2752 2955 insipientem
2782 2888 3042 2957 suscipite
3070 2895 3245 2954 me,ut
3275 2895 3328 2942 et
3345 2903 3451 2960 ego
3474 2904 3588 2944 mo-

1939 2977 2125 3032 dicum
2154 2976 2289 3048 quid
2319 2977 2545 3046 glorier.
2582 2975 2740 3047 Quod
2770 2976 2983 3047 loquor,
3016 2992 3128 3031 non
3175 2978 3369 3048 loquor
3394 2993 3590 3032 secun-

1939 3067 2071 3122 dum
2100 3067 2294 3132 Deum,
2327 3064 2420 3120 sed
2460 3066 2614 3135 quasi
2646 3066 2703 3118 in
2733 3065 2992 3130 stultitia,
3044 3066 3105 3119 in
3134 3065 3236 3120 hac
3280 3065 3589 3121 substantia

1939 3157 2159 3225 gloriae.
2195 3155 2465 3223 Quoniam
2491 3153 2713 3225 quidem
2747 3154 2913 3208 multi
2939 3153 3255 3222 gloriantur
3283 3153 3588 3209 secundum

1938 3261 2183 3310 carnem,
2215 3248 2265 3299 et
2293 3259 2386 3314 ego
2416 3244 2715 3314 gloriabor.
2753 3243 3008 3299 Libenter
3027 3245 3176 3299 enim
3193 3245 3474 3300 sustinetis
3498 3247 3586 3300 in-

1937 3339 2220 3410 sipientes,
2250 3351 2374 3389 cum
2420 3335 2546 3389 sitis
2570 3335 2681 3405 ipsi
2720 3335 3013 3404 sapientes.
3067 3334 3325 3389 Toleratis
3357 3336 3506 3390 enim
3536 3338 3589 3391 si

1940 3429 2063 3498 quis
2092 3441 2182 3481 vos
2209 3426 2271 3479 in
2300 3425 2616 3479 servitutem
2647 3423 2866 3494 redigit,
2897 3425 2949 3479 si
2976 3425 3099 3495 quis
3122 3424 3363 3489 devorat,
3396 3425 3445 3479 si
3464 3427 3588 3497 quis

1938 3517 2163 3587 accipit,
2197 3516 2246 3569 si
2277 3515 2401 3585 quis
2432 3513 2741 3579 extollitur,
2769 3514 2820 3567 si
2838 3514 2959 3583 quis
2980 3515 3037 3567 in
3059 3514 3264 3583 faciem
3292 3529 3382 3568 vos
3410 3513 3590 3569 caedit.

1939 3605 2250 3661 Secundum
2279 3603 2682 3672 ignobilitatem
2713 3602 2852 3667 dico,
2886 3604 3046 3673 quasi
3080 3618 3176 3658 nos
3206 3602 3482 3671 inﬁrmati
3508 3604 3589 3658 si-

1936 3711 2080 3750 mus.
2114 3698 2177 3749 In
2199 3709 2302 3765 quo
2320 3696 2506 3748 autem
2527 3694 2647 3763 quis
2670 3691 2830 3746 audet
2852 3693 2936 3762 (in
2964 3691 3282 3762 insipientia
3302 3691 3465 3761 dico),
3488 3708 3590 3747 au-

1936 3784 2033 3839 deo
2064 3792 2114 3838 et
2133 3798 2246 3853 ego.
2274 3783 2483 3837 Hebraei
2500 3785 2629 3835 sunt
2650 3783 2675 3833 .9
2700 3789 2755 3835 et
2773 3796 2891 3850 ego.
2921 3780 3189 3837 Israelitae
3206 3786 3335 3835 sunt
3355 3784 3378 3833 θ’
3398 3784 3449 3835 et
3469 3797 3583 3852 ego.

1933 3877 2129 3930 Semen
2160 3872 2390 3939 Abragae
2438 3870 2616 3925 sunt?
2646 3875 2697 3925 et
2745 3885 2860 3938 ego.
2896 3869 3133 3924 Ministri
3180 3870 3390 3925 Christi
3415 3874 3587 3925 sunt?

1937 3962 2225 4035 (insipiens
2264 3960 2405 4031 dico)
2435 3975 2601 4030 super
2642 3975 2736 4030 ego
2758 3962 2796 4012 ί.
2830 3960 2891 4013 1η
2927 3957 3212 4014 laboribus
3246 3960 3580 4031 plurimum,

1935 4052 1991 4107 in
2022 4050 2350 4105 carceribus
2369 4048 2773 4115 abundantius,
2794 4049 2855 4102 in
2882 4049 3059 4119 plagis
3072 4064 3239 4119 supra
3260 4049 3499 4115 modum,
3524 4053 3582 4105 in

1934 4140 2200 4195 mortibus
2218 4140 2440 4209 szepius.
2468 4140 2503 4193 A
2526 4138 2731 4194 Judeis
2752 4138 3454 4211 quinquies,quadraginta
3470 4156 3585 4195 una

1936 4232 2119 4285 minus
2148 4230 2354 4299 accepi.
2392 4229 2491 4283 Ter
2519 4229 2690 4298 virgis
2718 4244 2891 4283 caesus
2935 4245 3081 4296 sum,
3111 4229 3279 4283 semel
3310 4228 3586 4299 lapidatus

1932 4336 2077 4389 sum,
2113 4327 2195 4373 ter
2222 4319 2585 4389 naufragium
2630 4318 2740 4386 [eci
2760 4335 2779 4372 :
2819 4322 2975 4372 nocte
3003 4323 3055 4371 et
3105 4317 3194 4372 die
3222 4319 3282 4372 in
3313 4318 3588 4389 profundo

1932 4410 2115 4464 maris
2142 4410 2229 4478 fui
2253 4425 2272 4469 ;
2321 4410 2381 4462 in
2428 4408 2724 4462 itineribus
2750 4422 2918 4478 saepe,
2969 4407 3234 4478 periculis
3261 4406 3586 4480 ﬂuminum,

1933 4500 2195 4571 periculis
2227 4499 2524 4562 latronum,
2573 4498 2835 4567 periculis
2883 4511 2953 4551 ex
2978 4513 3193 4568 genere,
3230 4499 3489 4567 periculis
3518 4514 3589 4554 ea:

1933 4588 2204 4660 gentibus,
2237 4588 2499 4658 periculis
2522 4588 2579 4640 in
2610 4588 2853 4653 civitate,
2873 4588 3135 4658 periculis
3164 4586 3220 4641 in
3251 4587 3477 4657 deserto,
3496 4604 3585 4659 pe-

1936 4678 2130 4733 riculis
2156 4680 2212 4731 in
2241 4676 2407 4744 mari,
2438 4676 2706 4746 periculis
2734 4677 2794 4730 in
2821 4675 2988 4746 falsis
3008 4676 3281 4745 fratribus
3302 4694 3321 4730 .’
3352 4678 3411 4731 in
3438 4678 3586 4733 labo-

1934 4784 1996 4823 re
2023 4773 2074 4823 et
2102 4782 2379 4833 wramna,
2416 4768 2473 4819 in
2506 4766 2723 4837 vigiliis
2749 4767 2975 4837 saepius,
3012 4767 3071 4820 in
3100 4768 3249 4835 fame
3280 4770 3331 4821 et
3372 4768 3487 4831 siti,
3521 4768 3586 4822 in

1927 4858 2162 4929 jejuniis
2182 4857 2409 4927 saepius,
2434 4855 2493 4910 in
2516 4856 2726 4925 frigore
2746 4863 2797 4909 et
2817 4857 3104 4911 nuditate:
3127 4864 3324 4927 praeter
3346 4857 3444 4910 illa
3461 4871 3588 4928 qua:

1934 4948 2273 5001 extrinsecus
2301 4947 2449 5009 sunt,
2484 4946 2741 4998 incursus
2774 4946 2831 4998 in
2848 4960 2939 4998 me
2964 4944 3344 5015 quotidianus,
3377 4946 3584 5001 sollici-

1938 5036 2066 5090 tu'lo
2096 5036 2347 5091 omnium
2370 5034 2754 5088 Ecclesiarum.
2782 5034 2913 5101 Quis
2935 5035 3333 5103 inﬁrmatur,et
3363 5050 3459 5102 ego
3481 5052 3587 5090 non

1936 5127 2191 5195 inﬁrmor
2209 5128 2233 5177 .9
2254 5125 2379 5194 quis
2394 5122 2833 5187 scandalizatur,
2859 5130 2909 5177 et
2929 5139 3027 5193 ego
3047 5139 3156 5179 non
3187 5140 3320 5179 uror
3340 5124 3441 5178 ?Si
3468 5125 3582 5193 glo-

1934 5217 2083 5271 riari
2109 5218 2335 5286 oportet,
2366 5216 2425 5268 in
2455 5216 2527 5268 iis
2556 5228 2683 5284 quia
2723 5214 3077 5283 inﬁrmitatis
3126 5231 3258 5269 meae
3287 5219 3439 5279 sunt,
3469 5216 3584 5287 glo-

1934 5305 2124 5360 riabor
2155 5304 2226 5375 (II
2260 5304 2379 5358 Cor.
2411 5320 2487 5369 xx,
2518 5303 2730 5371 16-30).
2755 5305 2980 5368 Quanta
3005 5303 3293 5375 sapientia
3322 5305 3434 5359 ista
3465 5304 3586 5361 sint

1935 5394 2089 5448 dicta
2120 5392 2449 5464 vigilantes,
2469 5393 2683 5447 vident.
2705 5394 2929 5458 Quanto
2949 5408 3080 5447 vero
3103 5392 3273 5447 etiam
3300 5394 3582 5466 eloquen-

1934 5482 2029 5538 tiae
2062 5480 2466 5537 concurrerint
2497 5482 2756 5544 ﬂumine,
2788 5487 2844 5536 et
2873 5482 2972 5555 qui
3005 5482 3195 5537 stertit
3226 5482 3493 5538 advertit.

2010 5575 2095 5627 13.
2134 5572 2307 5626 Porro
2338 5574 2533 5626 autem
2559 5572 2657 5643 qui
2684 5572 2863 5638 novit,
2895 5571 3157 5645 agnoscit
3180 5573 3328 5644 quod
3354 5590 3419 5628 ea
3441 5591 3589 5631 causa

1999 5664 2015 5696 ί
2052 5662 2175 5738 tias.
2207 5659 2324 5738 duo.
2342 5660 2459 5721 plus
2487 5674 2595 5724 ego.
2626 5660 2693 5738 At
2714 5658 3026 5738 .al'ii‘omnes
3072 5677 3192 5738 cum
3233 5662 3408 5738 editis,
3436 5676 3589 5738 super

1933 5739 2042 5797 ego:
2076 5725 2271 5780 Grazce,
2304 5722 2464 5785 nuper
2494 5722 2603 5797 ego,
2636 5724 2726 5774 ubi
2765 5723 3029 5787 interpres
3080 5727 3240 5775 verba
3269 5727 3437 5789 magis
3466 5722 3583 5776 red-

1934 5786 2068 5836 didit
2095 5800 2253 5850 quam
2284 5790 2626 5837 sententiam.
