4026 6352
227 237 299 296 97
1606 234 1836 300 LIBER
1881 235 2277 308 QUARTUS.
3566 252 3645 315 93

225 369 335 421 rati
363 369 492 422 estis
522 369 583 422 in
611 368 757 424 diem
779 368 1073 440 malum,et
1102 373 1569 443 apprOpinquatis
1588 370 1724 425 solio
1756 370 1869 421 ini-

222 458 470 525 quitatis.
496 458 603 525 Qui
631 458 881 514 dormitis
913 463 971 514 in
1005 461 1159 515 lectis
1195 462 1473 525 eburneis,
1515 466 1565 515 et
1600 460 1871 513 lascivitis

222 546 283 599 in
312 548 514 600 stratis
544 549 780 602 vestris:
812 549 908 618 qui
951 549 1231 604 comeditis
1260 567 1472 623 agnum
1502 552 1568 604 de
1590 565 1778 616 grege,
1828 548 1876 600 el

224 635 417 689 vitulos
446 636 515 689 de
528 636 707 691 medio
733 639 1014 693 armenti:
1051 640 1149 709 qui
1178 640 1380 693 canitis
1412 638 1481 693 ad
1515 653 1695 692 vocem
1726 636 1881 690 Psal-

223 724 368 777 terii.
401 724 557 779 Sicut
581 726 755 781 David
802 736 1130 791 putaverunt
1160 744 1216 782 se
1243 729 1447 782 habere
1482 743 1610 781 vasa
1642 725 1882 783 cantici;

228 813 465 867 bibentes
497 816 552 867 in
587 814 790 884 phiulis
841 818 1055 884 vinum,
1088 824 1139 871 et
1164 819 1370 887 optimo
1418 820 1693 885 unguento
1745 813 1881 867 dcti-

227 901 340 956 buti
363 919 382 956 :
414 905 462 956 et
488 903 634 957 nihil
686 906 1033 975 patiebantur
1074 922 1240 977 super
1299 906 1631 960 eontritione
1686 901 1885 971 Joseph

229 992 407 1061 (Amos
438 1008 517 1059 v1,
546 994 567 1045 1
602 993 1121 1064 6).Numquidnam
1147 995 1376 1064 isti,qui
1408 994 1725 1065 Prophetas
1750 1008 1882 1044 uos-

226 1084 347 1135 tros
369 1086 649 1150 tanquam
678 1083 1000 1137 ineruditos
1032 1087 1087 1139 et
1136 1083 1478 1138 elocutionis
1522 1082 1755 1149 ignaros
1790 1098 1882 1133 ve-

226 1166 334 1222 luti
362 1169 517 1223 docti
550 1170 871 1238 disertique
901 1174 1308 1239 contemnunt,
1339 1172 1385 1225 si
1421 1168 1639 1239 aliquid
1665 1168 1748 1223 eis
1774 1167 1884 1221 tale

224 1256 312 1311 vel
342 1257 401 1310 in
437 1256 583 1313 tales
617 1258 927 1313 dicendum
964 1260 1199 1325 fuisset,
1232 1258 1402 1314 aliter
1450 1274 1511 1312 se
1565 1258 1887 1311 voluissent

222 1346 436 1414 dicere,
471 1348 571 1417 qui
604 1353 797 1402 tamen
832 1365 1034 1403 eorum
1069 1349 1327 1404 insanire
1375 1347 1749 1402 noluissent?

298 1436 384 1491 17.
414 1436 560 1498 Quid
593 1438 750 1492 enim
777 1442 865 1493 est
896 1439 1049 1510 quod
1077 1438 1190 1494 isto
1221 1438 1452 1509 eloquio
1479 1453 1650 1491 aures
1676 1435 1883 1491 sobrias

225 1525 360 1598 plus
391 1527 772 1583 desiderent?
803 1529 998 1584 Primo
1029 1530 1159 1601 ipsa
1181 1530 1450 1595 invectio,
1477 1526 1645 1598 quasi
1677 1526 1884 1597 sopitis

223 1615 497 1670 sensibus
530 1628 594 1670 ut
621 1616 989 1689 evigilarent,
1023 1635 1139 1689 quo
1181 1617 1421 1672 fremitu
1451 1615 1607 1670 illisa
1636 1615 1772 1670 est?
1805 1617 1884 1670 Va:

224 1705 321 1776 qui
348 1706 601 1775 opulenti
628 1708 758 1761 estis
790 1709 847 1761 in
880 1706 1032 1776 Sion,
1059 1711 1108 1763 et
1147 1706 1423 1777 conﬁditis
1477 1707 1538 1759 in
1568 1708 1749 1759 monte
1777 1704 1884 1759 Sa-

224 1796 745 1866 mariae,optimates
766 1798 950 1867 capita
970 1793 1699 1867 populorum,ingredientes
1730 1809 1882 1863 pom-

219 1884 399 1954 patico
426 1884 647 1939 domum
675 1886 883 1940 Israel!
916 1885 1133 1940 Deinde
1167 1891 1233 1940 ut
1264 1883 1562 1939 beneﬁciis
1610 1882 1731 1948 Dei,
1782 1881 1881 1953 qui

223 1972 308 2027 eis
339 1973 536 2044 ampla
560 1975 746 2045 spatia
768 1974 926 2046 regni
960 1974 1417 2044 dedit,ostendat
1446 1972 1881 2044 ingratos,quo-

225 2062 383 2115 niam
416 2063 789 2117 conﬁdebant
816 2063 873 2117 in
912 2069 1107 2118 monte
1157 2062 1455 2131 Samaria,
1529 2061 1624 2114 ubi
1676 2061 1881 2130 utique

224 2150 377 2206 idola
409 2151 769 2219 colebantur,
805 2154 1073 2220 Transite,
1123 2152 1336 2223 inquit,
1396 2152 1454 2206 in
1496 2150 1797 2214 Chalanne,
1832 2157 1883 2203 ct

226 2240 415 2306 videte,
448 2246 500 2294 et
551 2242 622 2296 ite
651 2240 777 2295 inde
808 2243 867 2295 in
912 2242 1107 2297 Emath
1155 2256 1432 2311 magnam,
1490 2244 1541 2294 et
1573 2237 1883 2292 descendite

226 2331 286 2382 in
318 2328 444 2383 Gelli
481 2329 983 2397 Palaestinorum,et
1014 2330 1089 2385 ad
1114 2331 1321 2400 optima
1340 2343 1571 2400 quaeque
1602 2343 1768 2397 regna
1791 2327 1878 2381 ho-

226 2435 371 2483 rum,
403 2420 454 2472 si
474 2419 652 2473 latior
680 2420 950 2473 terminus
970 2434 1163 2474 eorum
1193 2420 1428 2473 termino
1457 2420 1631 2471 vestro
1661 2421 1756 2471 est.
1792 2415 1879 2471 Si-

227 2506 351 2561 mul
378 2507 553 2561 etiam
578 2524 709 2562 cum
740 2508 852 2562 ista
886 2507 1185 2573 dicuntur,
1232 2507 1491 2561 locorum
1542 2504 1878 2560 nominibus

224 2599 505 2666 tanquam
537 2596 861 2651 luminibus
892 2601 1136 2652 ornatur
1182 2596 1507 2667 eloquium,
1567 2612 1692 2664 quae
1739 2601 1878 2648 sunt

224 2684 383 2749 Sion,
417 2684 695 2753 Samaria,
727 2684 1049 2752 Chalanne,
1085 2684 1291 2740 Emath
1348 2701 1584 2756 magna,
1630 2689 1686 2738 et
1729 2682 1874 2738 Geth

221 2772 686 2829 Palestinorum.
720 2774 935 2829 Deinde
967 2775 1142 2829 verba
1171 2791 1297 2845 quae
1329 2775 1421 2829 bis
1450 2774 1874 2843 adjunguntur,

223 2860 386 2930 locis,
411 2862 822 2918 decentissime
849 2863 1174 2919 variantur:
1210 2864 1468 2935 Opulenti
1486 2862 1878 2931 estis,conﬁdi-

226 2952 316 3021 tis,
351 2954 601 3021 transite,
634 2953 728 3016 ite,
759 2951 1086 3008 descendite.

304 3042 386 3095 18.
420 3042 854 3113 Consequenter
882 3041 1264 3097 denuntiatur
1295 3040 1490 3095 futura
1521 3041 1631 3096 sub
1674 3040 1875 3112 iniquo

229 3143 364 3199 rege
412 3129 885 3202 appropinquare
942 3130 1267 3203 captivitas,
1329 3146 1461 3185 cum
1512 3130 1872 3201 adjungitur.

229 3219 336 3286 Qui
363 3220 604 3289 separati
627 3221 752 3275 estis
784 3222 844 3275 in
874 3220 1020 3275 diem
1050 3221 1282 3287 malum,
1314 3227 1363 3274 et
1411 3222 1875 3290 appropinquatis

227 3305 370 3362 solio
394 3309 726 3378 iniquitatis.
752 3310 915 3364 Tunc
945 3309 1343 3379 subjiciuntur
1373 3309 1580 3363 merita
1610 3307 1871 3377 luxuriae,

231 3396 339 3464 Qui
381 3397 632 3452 dormitis
662 3399 721 3452 in
754 3396 903 3453 lectis
931 3398 1201 3463 eburneis,
1228 3406 1277 3453 et
1308 3397 1573 3452 lascivitis
1604 3399 1661 3451 in
1690 3400 1876 3452 stratis

224 3485 416 3540 vestris
442 3504 462 3540 :
492 3488 588 3557 qui
616 3487 899 3543 comeditis
929 3504 1142 3556 agnum
1173 3487 1241 3541 de
1268 3502 1450 3557 grege,
1482 3492 1534 3541 et
1573 3488 1773 3542 vitulos
1803 3488 1875 3542 tle

222 3573 398 3629 medio
428 3578 697 3630 armenti.
734 3577 850 3631 Ista
890 3593 989 3631 sex
1020 3577 1285 3631 membra
1340 3580 1457 3631 tres
1516 3576 1871 3632 bimembres

218 3663 500 3720 circuitus
520 3666 848 3721 ediderunt.
882 3666 1005 3720 Non
1038 3665 1193 3721 enim
1225 3666 1326 3733 ait,
1359 3665 1465 3728 Qui
1496 3664 1747 3737 separati
1780 3682 1868 3721 es-

215 3753 292 3807 tis
318 3754 377 3807 in
408 3753 560 3808 diem
586 3752 937 3826 malum,qui
970 3753 1455 3826 appropinquatis
1473 3752 1617 3807 solio
1652 3754 1866 3825 iniqui-

214 3842 375 3908 tatis,
409 3843 508 3913 qui
541 3843 811 3898 dormitis
844 3843 902 3897 in
935 3841 1103 3897 lectis
1134 3841 1429 3910 eburneis,
1453 3844 1551 3913 qui
1585 3843 1867 3898 lascivitis

213 3930 272 3984 in
306 3932 509 3988 stratis
542 3931 768 4001 vestris,
792 3931 889 4003 qui
924 3931 1232 3987 comeditis
1263 3947 1479 4001 agnum
1514 3932 1583 3986 de
1612 3936 1869 4003 grege,et

209 4019 428 4075 vitulos
458 4022 525 4076 de
558 4021 749 4076 medio
804 4020 1088 4087 armenti;
1147 4021 1196 4075 si
1231 4020 1311 4074 ita
1362 4020 1671 4085 diceretur,
1712 4026 1867 4077 esset

212 4108 453 4179 quidem
484 4114 541 4164 et
570 4109 678 4165 hoc
710 4109 1049 4181 pulchrum,
1074 4113 1136 4164 ut
1166 4109 1237 4165 ab
1273 4126 1387 4164 uno
1411 4110 1751 4181 pronomine
1783 4128 1864 4166 re-

211 4184 392 4270 petito
422 4198 652 4270 singula
686 4200 1062 4255 sexmembra
1091 4199 1484 4267 decurrerent,
1518 4205 1573 4254 et
1606 4217 1861 4269 pronun-

209 4288 415 4343 tiantis
447 4306 581 4343 voce
612 4288 848 4360 singula
882 4288 1193 4343 [inirentur
1226 4304 1238 4342 :
1275 4289 1373 4343 sed
1419 4288 1719 4360 pulchrius
1752 4290 1862 4343 fac-

209 4382 339 4430 tum
371 4382 479 4441 est,
513 4382 577 4431 ut
599 4377 786 4432 eidem
821 4377 1152 4449 pronomini
1183 4382 1378 4432 essent
1407 4378 1545 4431 bina
1578 4378 1861 4444 subnexa,

205 4483 336 4537 qua
359 4470 475 4521 tres
506 4466 824 4522 sententias
855 4466 1214 4538 explicarent
1248 4483 1261 4527 ;
1296 4482 1475 4520 unam
1510 4467 1581 4520 ad
1615 4468 1860 4538 captivi-

204 4555 345 4610 tatis
384 4554 954 4626 praenuntiatienem,
991 4556 1097 4623 Qui
1145 4557 1398 4623 separati
1437 4558 1566 4610 estis
1607 4558 1663 4610 in
1716 4557 1860 4610 diem

204 4644 494 4708 malum,et
511 4647 963 4716 appropinquatis
984 4644 1127 4699 solio
1160 4646 1476 4716 iniquitatis
1490 4662 1509 4705 ,'
1532 4643 1772 4699 alteram
1789 4646 1857 4700 ad

203 4731 531 4800 libidinem,
567 4734 672 4802 Qui
698 4733 953 4788 dormitis
984 4736 1042 4787 in
1065 4734 1213 4789 lectis
1249 4734 1530 4802 eburneis,
1554 4742 1604 4788 et
1638 4734 1855 4789 lascivi-

203 4824 273 4875 tis
303 4824 363 4877 in
390 4826 610 4877 stratris
640 4824 872 4889 vestris;
909 4824 976 4877 ad
1015 4825 1387 4877 voracitatem
1440 4839 1569 4878 vero
1623 4825 1854 4879 tertiam

200 4911 611 4983 pertinentem,
647 4913 752 4980 Qui
766 4913 1052 4967 comeditis
1086 4929 1290 4982 agnum
1325 4912 1389 4966 de
1415 4927 1596 4982 grege,
1629 4921 1680 4968 et
1710 4916 1857 4968 vitu-

202 5001 281 5055 los
312 5001 378 5054 de
406 5000 584 5056 medio
627 5004 903 5056 armenti:
938 5006 1000 5056 ut
1048 5001 1105 5055 in
1140 5006 1421 5072 potestate
1462 5002 1538 5055 sit
1593 5019 1855 5073 pronun-

199 5089 427 5157 tiantis,
460 5095 654 5145 utrum
683 5089 916 5163 singula
951 5089 1132 5160 ﬁniat,
1157 5095 1212 5146 et
1244 5090 1509 5144 membra
1556 5091 1678 5147 sint
1732 5109 1853 5163 sex,

197 5195 273 5233 an
306 5179 556 5249 primum
582 5184 641 5235 et
670 5178 909 5235 tertium
957 5184 1014 5234 et
1038 5180 1307 5249 quintum
1342 5195 1477 5234 voce
1509 5182 1851 5252 suspendat,

196 5273 256 5323 et
285 5270 610 5324 secundum
654 5268 1149 5340 primo,quartum
1181 5268 1610 5333 tertie,sextum
1644 5270 1851 5341 quinto

194 5359 612 5428 connectendo,
661 5363 777 5412 tres
837 5356 1197 5413 bimembres
1247 5357 1529 5413 circuitus
1566 5359 1851 5416 decentis-

194 5447 340 5502 sime
372 5448 585 5503 faciat:
617 5463 800 5501 unum
833 5462 948 5518 quo
981 5444 1287 5501 calamitas
1338 5446 1679 5517 imminens,
1710 5448 1849 5506 alte-

191 5552 321 5591 rum
372 5553 488 5609 quo
543 5536 729 5592 lectus
778 5536 1071 5608 impurus,
1142 5536 1380 5591 tertium
1442 5552 1558 5607 quo
1608 5539 1851 5611 prodiga

194 5641 397 5683 mensa
429 5629 809 5683 monstretur.

268 5717 348 5771 19.
376 5717 599 5773 Deinde
630 5713 993 5771 luxuriosam
1016 5714 1310 5772 remordet
1330 5715 1561 5772 aurium
1584 5716 1847 5791 volupta-

192 5806 446 5864 tem.Ubi
480 5820 615 5863 cum
647 5803 1242 5875 dixisset,Quicanitis
1270 5805 1345 5863 ad
1364 5822 1548 5863 vocem
1571 5808 1844 5879 psalterii;

1982 369 2257 438 quoniam
2286 376 2473 440 potest
2494 372 2743 427 exerceri
2762 374 3057 445 sapienter
3074 395 3107 431 a
3122 378 3488 449 sapientibus
3512 399 3641 438 mu-

1981 457 2122 520 sica.
2157 460 2410 514 mirabili
2442 462 2647 516 decore
2697 464 2949 530 dicendi,
3014 467 3356 523 invectiouis
3412 472 3638 543 impetu

1987 545 2262 616 relaxato,
2305 553 2361 603 et
2392 566 2506 603 non
2540 550 2609 603 ad
2650 550 2801 617 illos,
2833 553 2933 606 sed
2966 554 3037 608 de
3070 555 3185 609 illis
3210 557 3335 624 jam
3370 558 3640 629 loquens,

1989 640 2052 689 ut
2074 652 2179 691 nos
2203 638 2488 693 musicam
2520 641 2803 709 sapientis
2828 658 2861 695 a
2894 644 3117 698 musica
3148 644 3498 704 luxuriantis
3524 651 3643 705 dis-

1985 724 2254 795 tinguere
2284 734 2824 795 eommoneret,non
2859 731 3076 797 ait,Qui
3109 735 3319 788 canitis
3352 738 3423 791 ad
3446 755 3645 794 vocem

1988 814 2333 884 psalterii,et
2362 816 2515 870 sicut
2548 817 2725 870 David
2754 820 2971 888 putatis
2993 837 3096 875 vos
3119 824 3484 881 baberevasa
3501 844 3645 883 can-

1986 902 2118 956 tici:
2155 904 2251 957 sed
2287 921 2418 958 eum
2441 904 2580 958 illud
2614 907 2685 959 ad
2720 905 2848 961 illos
2878 910 3143 976 dixisset,
3168 914 3319 979 quod
3352 916 3640 973 luxuriosi

1987 990 2189 1045 audire
2210 994 2504 1057 deberent,
2540 994 2645 1060 Qui
2671 998 2867 1049 canitis
2897 997 2969 1050 ad
3000 1014 3179 1052 vocem
3206 1002 3482 1071 psalterii,
3522 1004 3640 1060 im-

1987 1079 2253 1149 peritiam
2290 1098 2519 1151 quoque
2554 1099 2753 1136 eorum
2788 1084 2918 1139 aliis
2949 1088 3384 1156 quodammodo
3416 1091 3638 1149 indica-

1984 1169 2086 1232 vit,
2119 1170 2467 1239 adjungens,
2494 1172 2647 1225 Sicut
2664 1172 2835 1226 David
2857 1179 3189 1240 putaverunt
3206 1194 3262 1231 se
3279 1180 3480 1236 habere
3508 1200 3640 1239 vasa

1985 1260 2209 1323 cantici,
2244 1261 2481 1313 bibentes
2502 1262 2561 1313 in
2588 1262 2797 1331 phiatis
2829 1266 3034 1328 vinum,
3062 1270 3114 1318 et
3135 1270 3337 1336 optimo
3368 1276 3643 1339 unguento

1986 1344 2236 1399 delibuti.
2273 1347 2409 1400 Tria
2440 1348 2557 1400 haec
2591 1352 2802 1403 melius
2835 1354 3363 1425 pronuntiautur,si
3386 1374 3643 1431 suspen-

1987 1431 2070 1485 sis
2103 1434 2334 1487 duobus
2368 1433 2658 1504 prioribus
2684 1439 2965 1493 membris
2993 1440 3301 1510 circuitus,
3353 1448 3526 1501 tertio
3576 1448 3645 1502 ﬁ-

1988 1521 2249 1575 niantur.

2056 1612 2146 1665 20.
2179 1612 2311 1665 Jam
2342 1628 2474 1667 vero
2503 1614 2657 1682 quod
2696 1614 2785 1669 bis
2809 1617 3086 1672 omnibus
3118 1621 3413 1689 adjicitur,
3459 1625 3523 1680 Et
3557 1628 3640 1681 ni-

1988 1697 2067 1752 hil
2088 1702 2615 1772 putiebantursuper
2629 1706 2956 1761 contritione
2978 1709 3320 1779 Joseph,sive
3342 1714 3620 1771 continua

1988 1789 2093 1841 tim
2126 1789 2357 1844 dicatur
2390 1796 2452 1845 ut
2484 1808 2668 1846 unum
2689 1794 2768 1847 sit
2797 1796 3155 1867 membrum,
3184 1801 3306 1855 sive
3337 1803 3641 1862 decentius

1988 1879 2405 1948 suspendatur,
2437 1890 2488 1934 et
2516 1881 2663 1935 nihil
2691 1885 3067 1952 patiebantur,
3089 1892 3146 1940 et
3176 1894 3309 1958 post
3338 1891 3489 1947 hanc
3521 1893 3642 1949 dis-

1986 1968 2329 2023 tinctionem
2365 1969 2670 2039 inferatur,
2702 1978 3207 2042 supereontritione
3229 1979 3444 2049 Ioseph,
3468 1988 3642 2053 atque

1988 2056 2066 2110 sit
2102 2057 2447 2111 bimembris
2487 2060 2806 2127 circuitus;
2841 2063 2989 2117 miro
3020 2066 3224 2120 decore
3259 2085 3375 2123 non
3417 2072 3641 2127 dictum

1986 2150 2094 2212 est,
2129 2146 2281 2199 Nihil
2316 2147 2689 2217 patiebantur
2720 2166 2897 2221 super
2927 2154 3273 2211 contritione
3304 2157 3638 2225 fratris,sed

1988 2235 2217 2305 positus
2247 2242 2336 2290 est
2367 2253 2467 2305 pro
2499 2238 2696 2307 fratre,
2726 2240 2940 2309 Joseph,
2974 2248 3036 2294 ut
3067 2224 3425 2317 quicumque
3459 2224 3639 2304 frater

1986 2325 2218 2395 preprio
2250 2325 2683 2396 significaretur
2712 2328 2840 2398 ejus
2874 2330 3129 2401 nomine,
3150 2335 3320 2403 cujus
3341 2351 3409 2390 ex
3440 2338 3638 2393 fratri-

1985 2415 2095 2468 bus
2128 2418 2279 2469 l'ama
2316 2415 2592 2485 prwclara
2620 2420 2733 2481 est,
2757 2417 2841 2471 vel
2876 2418 2933 2472 in
2970 2420 3141 2475 malis
3171 2438 3293 2491 quae
3325 2425 3639 2493 pendit,vel

1984 2500 2041 2555 in
2076 2502 2244 2556 bonis
2268 2519 2395 2573 qua:
2430 2504 2712 2575 rependit.
2740 2505 2851 2561 Iste
2880 2512 3035 2561 certe
3066 2514 3270 2581 tropus
3294 2512 3394 2566 ubi
3416 2513 3634 2587 Josepb

1984 2607 2418 2663 quemcumque
2450 2594 2687 2648 fratrem
2723 2596 2860 2649 laeit
2892 2596 3160 2668 intelligi,
3197 2602 3390 2656 nescio
3433 2610 3635 2659 utrum

1982 2680 2083 2734 illa
2124 2698 2300 2751 quam
2354 2680 2669 2737 didicimus
2720 2689 2777 2738 et
2814 2685 3147 2753 docuimus,
3179 2696 3302 2745 arte
3350 2693 3635 2748 tradatur.

1982 2770 2165 2832 Quam
2198 2769 2274 2824 sit
2295 2775 2487 2825 tamen
2512 2772 2773 2841 pulcher,
2798 2778 2855 2828 et
2884 2778 3382 2843 quemadmodum
3418 2781 3637 2837 alliciat

1984 2860 2242 2930 legentes
2263 2864 2436 2927 atque
2467 2860 2877 2929 intelligentes,
2914 2879 3027 2917 non
3059 2881 3209 2935 opus
3239 2873 3330 2923 est
3355 2870 3635 2941 cuiquam

1982 2946 2116 3012 dici,
2147 2947 2197 3000 si
2228 2947 2352 3017 ipse
2374 2963 2490 3001 non
2522 2950 2718 3003 sentit.

2050 3036 2141 3088 21.
2174 3035 2243 3089 Et
2275 3033 2443 3106 plura
2473 3036 2735 3105 quidem,
2770 3054 2897 3107 quis
2932 3042 3221 3110 pertinent
3242 3046 3313 3098 ad
3346 3053 3634 3118 praecepta

1981 3121 2347 3195 eloquentiae,
2382 3123 2441 3176 in
2474 3123 2581 3178 hoc
2610 3124 2738 3195 ipso
2761 3125 3085 3199 loco,quem
3113 3148 3213 3200 pro
3230 3134 3492 3203 exemplo
3524 3152 3631 3206 po-

1986 3213 2500 3283 suimus,possunt
2523 3214 2895 3283 reperiri.Sed
2919 3218 3137 3273 bonum
3160 3221 3632 3290 auditorem,non

1980 3306 2099 3355 tam
2125 3302 2172 3356 si
2189 3301 2498 3371 diligenter
2514 3302 3335 3379 discutiatur,instruit,quam
3359 3312 3629 3368 siarden-

1978 3396 2065 3445 ter
2097 3391 2524 3461 pronuntietur,
2541 3394 3029 3465 accendit.Neque
3050 3398 3204 3451 enim
3226 3398 3346 3453 haec
3371 3401 3629 3458 humana

1979 3479 2270 3534 industria
2300 3480 2641 3549 composita,
2675 3483 2775 3536 sed
2800 3483 2995 3539 divina
3018 3492 3209 3542 mente
3240 3493 3380 3543 sunt
3411 3491 3542 3545 fusa
3569 3498 3626 3547 et

1976 3568 2737 3641 sapientereteloquenter;
2762 3588 2877 3626 non
2902 3573 3125 3630 intenta
3144 3577 3202 3629 in
3226 3577 3620 3649 eloquentiam

1974 3657 2281 3728 sapientia,
2309 3658 2407 3711 sed
2427 3675 2461 3712 a
2484 3659 2901 3729 sapientianon
2938 3664 3242 3719 recedente
3268 3665 3615 3736 eloquentia.

1971 3746 2029 3801 Si
2059 3747 2236 3815 enim,
2271 3747 2424 3801 sicut
2448 3747 2683 3816 quidam
2728 3749 3140 3806 dissertissimi
3176 3759 3349 3824 atque
3399 3758 3617 3813 acutis-

1971 3836 2104 3891 simi
2136 3836 2241 3890 viri
2273 3835 2463 3890 videre
2494 3853 2560 3890 ac
2593 3837 2783 3893 dicere
2808 3846 3142 3909 potuerunt,
3174 3859 3242 3897 ea
3280 3860 3408 3914 quae
3456 3846 3618 3901 velut

1971 3926 2223 3981 oratoria
2254 3930 2376 3979 arte
2400 3926 2694 3989 dicuntur,
2729 3944 2843 3981 non
2873 3929 3329 3987 observarentur
3357 3938 3413 3988 et
3444 3941 3612 3991 nota-

1970 4018 2193 4083 rentur,
2227 4018 2284 4068 et
2314 4014 2371 4067 in
2403 4014 2881 4071 hancdoctrinain
2916 4036 3028 4073 non
3055 4020 3477 4093 redigerentur,
3504 4024 3616 4081 nisi

1970 4104 2135 4175 prius
2164 4103 2222 4157 in
2253 4108 2548 4157 oratorum
2576 4104 2980 4161 invenirentur
3012 4110 3303 4180 ingeniis;
3332 4114 3472 4183 quid
3507 4112 3614 4167 mi-

1969 4210 2098 4247 rum
2128 4194 2176 4247 si
2198 4194 2333 4247 etin
2368 4193 2499 4247 istis
2533 4194 2930 4263 inveniuntur,
2971 4214 3119 4268 quos
3150 4200 3245 4254 ille
3285 4202 3447 4256 misit
3512 4202 3613 4274 qui

1952 4282 2104 4345 facit
2143 4280 2424 4353 ingenia?
2470 4286 2833 4354 Quapropter
2885 4291 2941 4339 et
2979 4286 3317 4358 eloquentes
3350 4292 3611 4361 quidem,

1968 4389 2082 4425 non
2106 4370 2295 4426 solum
2350 4373 2661 4441 sapientes,
2716 4374 3026 4430 canonicos
3075 4383 3307 4433 nostros
3346 4385 3614 4436 auctores

1966 4462 2350 4531 doctoresque
2374 4463 2681 4526 fateamur,
2714 4464 3207 4535 talieloquentia‘
3247 4467 3437 4539 qualis
3486 4488 3615 4543 per-

1966 4550 2128 4605 sonis
2151 4550 2440 4618 ejusmodi
2475 4553 2854 4622 congruebat.

1964 4656 2198 4711 CAPUT
2228 4656 2379 4710 VIII.
2413 4687 2481 4695 —
2504 4656 2825 4713 Obscuritas
2867 4676 3147 4717 sacrorum
3180 4668 3464 4720 auctorum
3494 4667 3617 4723 licet

2034 4731 2309 4799 eloquens,
2340 4746 2453 4781 non
2488 4730 2771 4784 imitanda
2803 4749 2838 4785 a
2859 4733 3167 4789 doct-oribus
3192 4736 3541 4793 Christianis.

2032 4821 2123 4872 22.
2158 4818 2265 4871 Sed
2291 4834 2394 4871 nos
2422 4817 2529 4871 etsi
2562 4819 2631 4872 de
2664 4818 2874 4875 litteris
2906 4839 3267 4895 eorumque:
3300 4827 3427 4881 sine
3457 4828 3614 4881 diffi-

1962 4907 2174 4963 cultate
2199 4905 2609 4977 intelliguntur
2641 4908 2925 4964 nonnulla
2955 4913 3247 4967 sumimus
3270 4913 3614 4971 elocutionis

1961 4996 2263 5067 exempla;
2299 5012 2667 5066 nequaquam
2702 5002 2895 5052 tamen
2936 5008 3137 5070 putare
3168 5003 3449 5057 debemus
3484 5004 3613 5069 imi,-

1961 5087 2169 5141 tandos
2191 5102 2289 5140 eos
2324 5085 2493 5139 nobis
2523 5102 2651 5140 esse
2683 5086 2737 5140 in
2774 5088 2996 5158 iisquae
3046 5091 3116 5144 ad
3160 5094 3509 5149 exercendas
3558 5111 3615 5165 et

1960 5177 2287 5233 elimandas
2324 5176 2758 5245 quodammodo
2789 5184 3012 5231 mentes
3062 5178 3404 5249 legentium,
3456 5187 3512 5237 et
3541 5183 3612 5237 ad

1962 5265 2290 5336 rumpenda
2316 5264 2550 5318 fastidia
2569 5268 2745 5335 atque
2768 5268 3030 5320 acuenda
3049 5269 3248 5322 studia
3270 5270 3496 5326 discere
3517 5288 3613 5327 vo-

1960 5356 2228 5421 lentium,
2281 5352 2594 5408 celandos’
2634 5370 2889 5425 quoque,
2940 5355 3059 5409 sive
3108 5361 3171 5410 ut
3218 5359 3286 5412 ad
3339 5361 3613 5431 pietatem

1958 5448 2389 5509 convertantur,
2424 5442 2544 5497 sive
2577 5449 2698 5497 uta
2731 5444 3025 5515 mysteriis
3055 5445 3450 5519 secludantur,
3484 5451 3615 5505 ani-

1960 5552 2087 5591 mos
2118 5532 2457 5605 impiorum,
2510 5532 2638 5587 utili
2688 5549 2754 5589 ac
2799 5532 3019 5588 salubri
3064 5535 3421 5593 obscuritate
3451 5539 3613 5596 dixe-

1957 5629 2116 5682 runt.
2148 5623 2243 5679 Sic
2275 5621 2492 5693 quippe
2523 5620 2606 5675 illi
2642 5622 2813 5677 locuti
2850 5628 3012 5692 sunt,
3046 5628 3109 5680 ut
3137 5628 3488 5697 posteriores
3511 5628 3614 5702 qui

2017 5755 2031 5788 ι
2065 5748 2189 5800 Bad.
2223 5748 2340 5798 Am.
2362 5744 2463 5814 En.
2482 5750 2534 5795 et
2559 5747 2941 5814 Mssgeptem,
2964 5747 3070 5814 tali
3097 5748 3385 5814 eloquentia
3409 5764 3545 5807 usos.

2018 5817 2040 5852 ²
2068 5815 2191 5865 Mss.
2225 5815 2348 5870 tres,
2381 5807 2642 5859 sciant/0s.
2668 5812 2751 5861 Sic
2774 5807 2934 5861 etiam
2963 5811 3087 5861 Bad.
3124 5807 3257 5863 Am.“
3278 5819 3332 5865 et
3369 5814 3454 5866 Er.
