4026 6358
426 244 504 303 99
1295 234 1397 294 DE
1444 230 1836 293 DOGTlthA
1882 227 2388 308 CHRISTIANA,
2435 235 2497 293 S.
2549 234 2975 299 AUGUSTINI

430 390 530 429 eos
556 376 709 428 recte
742 368 1135 440 intelligerent
1166 370 1223 421 et
1249 368 1622 436 exponerent,
1654 361 1894 417 alteram
1943 376 2076 431 gra-

434 460 598 531 tiam,
630 459 926 530 disparem
958 456 1218 527 quidem,
1244 457 1651 510 verumtamen
1705 449 2075 519 subsequen-

432 555 551 605 tem
576 549 637 603 in
661 549 761 604 Dei
792 545 1045 602 Ecclesia
1076 544 1413 614 reperirent.
1451 542 1572 597 Non
1604 556 1739 612 ergo
1788 538 2074 610 eXposito-

433 655 526 694 res
545 654 747 693 eorum
778 636 861 691 ita
890 634 1049 705 loqui
1079 634 1313 701 debent,
1345 636 1628 701 tanquam
1659 644 1721 683 se
1759 627 1873 698 ipsi
1904 644 2077 697 expo-

434 728 656 783 nendos
687 724 863 781 simili
895 723 1237 779 auctoritate
1269 722 1626 791 pr0ponant;
1660 718 1761 771 sed
1790 718 1850 771 in
1895 717 2076 771 omni-

434 819 545 872 bus
571 814 941 871 sermonibus
962 811 1087 867 suis
1110 810 1382 882 primitus
1409 824 1475 863 ac
1515 807 1767 861 maxime
1799 810 1862 859 ut
1903 803 2076 860 intel-

430 904 691 977 ligantur
712 902 1031 968 elaborent,
1064 916 1131 957 ea
1161 906 1447 970 quantum
1481 900 1728 967 possunt
1756 892 2077 965 perspicui-

432 999 549 1048 tate
579 992 831 1057 dicendi,
866 995 929 1045 ut
959 994 1060 1045 aut
1089 988 1343 1043 multum
1370 985 1578 1041 tardus
1607 984 1685 1038 sit
1713 982 1810 1053 qui
1842 999 1957 1037 non
1989 982 2074 1035 in-

432 1081 676 1153 telligat,
709 1081 883 1136 autin
914 1095 1108 1135 rerum
1140 1094 1289 1149 quas
1337 1075 1623 1145 explicare
1656 1076 1832 1143 atque
1889 1076 2077 1126 osten-

434 1171 568 1225 dere
591 1169 864 1225 volumus
890 1166 1233 1223 difﬁcultate
1260 1182 1323 1220 ac
1356 1162 1700 1228 subtilitate,
1722 1177 1835 1216 non
1858 1160 1916 1213 in
1941 1176 2075 1214 nos-

432 1265 523 1314 tra
552 1259 847 1315 locutione
878 1258 954 1313 sit
983 1274 1161 1312 causa
1189 1272 1303 1327 quo
1337 1254 1533 1308 minus
1580 1250 1872 1305 tardiusve
1919 1248 2074 1319 quod

433 1348 686 1404 dicimus
717 1347 905 1419 possit
932 1345 1196 1416 intelligi.

433 1455 667 1511 CAPUT
698 1454 787 1510 IX.
808 1485 875 1494 —
893 1453 1161 1524 Difﬁcilia
1190 1450 1471 1524 intellecta
1498 1447 1641 1519 apud
1660 1460 1792 1517 quos
1840 1450 1893 1500 et
1943 1460 2074 1515 quo-

1009 1524 1163 1579 modo
1194 1520 1507 1578 tractanda.

501 1618 589 1671 22.
615 1617 758 1672 Sunt
774 1615 930 1670 enim
954 1614 1220 1684 quaedam
1237 1629 1364 1682 quae
1386 1611 1438 1663 vi
1469 1624 1578 1664 sua
1594 1624 1708 1662 non
1730 1604 2075 1677 intelligun-

430 1711 543 1774 tur,
574 1711 674 1761 aut
702 1706 797 1759 vix
825 1703 1253 1774 intelliguntur,
1285 1697 1647 1771 quantolibet
1675 1701 1731 1750 et
1760 1700 2073 1765 quantum-

428 1794 590 1859 libet,
624 1793 896 1865 quamvis
936 1790 1302 1863 planissime,
1353 1786 1600 1842 dicentis
1620 1789 1926 1840 versentur
1954 1781 2073 1838 elo-

427 1883 564 1954 quio
589 1901 602 1950 ;
629 1899 755 1954 quae
788 1881 846 1935 in
879 1878 1079 1952 populi
1110 1874 1583 1941 audientiam,vel
1616 1872 1821 1941 raro,si
1854 1871 2073 1943 aliquid

435 1976 625 2043 urget,
656 1970 748 2025 vel
778 1985 1081 2040 nunquam
1115 1963 1668 2033 omninozmittenda
1707 1966 1866 2015 sunt.
1903 1961 1965 2014 In
1997 1958 2072 2012 li-

427 2061 547 2115 bris
578 2065 797 2126 autem,
831 2059 927 2128 qui
958 2059 1038 2112 ita
1067 2057 1405 2111 scribuntur
1423 2058 1487 2107 ut
1518 2051 1628 2123 ipsi
1652 2051 1760 2106 sibi
1789 2049 2069 2121 quodam-

427 2150 599 2205 modo
623 2148 897 2204 lectorem
929 2150 1167 2202 teneant
1195 2161 1328 2200 cum
1359 2141 1788 2213 intelliguntur,
1813 2155 1945 2193 cum
1973 2154 2073 2191 au-

423 2243 541 2293 tem
575 2255 690 2293 non
721 2237 1132 2306 intelliguntur
1152 2233 1381 2288 molesti
1412 2248 1527 2286 non
1561 2230 1678 2284 sint
1716 2227 2071 2283 molentibus

426 2326 637 2398 legere,
665 2331 722 2381 et
744 2326 805 2380 in
836 2325 1167 2395 aliquorum
1219 2318 1765 2383 collocutionibus‘,
1816 2333 1932 2371 non
1981 2319 2071 2370 est

427 2414 536 2470 hoc
567 2415 824 2469 ot'ticium
854 2413 1262 2476 deserendum,
1296 2416 1361 2464 ut
1388 2424 1540 2477 vera,
1565 2405 1830 2477 quamvis
1848 2402 2073 2459 difﬁcil-

426 2503 566 2558 lima
597 2504 667 2558 ad
699 2502 1172 2573 intelligendum,
1206 2516 1332 2569 quae
1372 2498 1485 2569 ipsi
1512 2498 1634 2565 jam
1680 2494 2067 2566 percepimus,

424 2608 556 2646 cum
576 2598 1051 2664 quantocumque
1072 2588 1269 2643 labore
1290 2583 1705 2657 disputationis
1724 2583 1793 2637 ad
1820 2580 2068 2636 aliorum

426 2680 872 2752 intelligentiam
907 2679 1320 2750 perducamus,
1353 2674 1402 2730 si
1433 2678 1595 2728 tenet
1624 2671 1946 2727 auditorem
1980 2667 2068 2723 vel

424 2769 836 2825 collocutorem
869 2766 1128 2823 discendi
1162 2763 1473 2836 cupiditas,
1515 2778 1619 2815 nec
1653 2759 1864 2814 mentis
1895 2774 2066 2829 capa-

427 2859 572 2913 citas
602 2857 773 2922 desit,
801 2874 924 2927 quaa
955 2871 1188 2928 quoquo
1212 2854 1380 2909 modo
1410 2851 1680 2906 intimata
1710 2847 1895 2920 possit
1917 2846 2064 2902 acci-

427 2963 558 3017 pere
587 2972 599 3013 ;
633 2962 747 3000 non
779 2942 1138 3001 curanteillo
1170 2943 1269 3014 qui
1303 2942 1487 3008 docet,
1523 2944 1743 3010 quanta
1790 2935 2066 3007 eloquen-

425 3035 505 3090 tia
526 3036 745 3105 doceal,
784 3035 886 3091 sed
919 3038 1141 3105 quanta
1171 3030 1478 3087 evidentia.

494 3123 725 3179 CAPUT
753 3128 821 3177 x.
848 3154 917 3164 —
942 3123 1363 3191 Perspicuilatis
1395 3122 1453 3174 in
1473 3117 1696 3172 dicendo
1726 3115 1989 3171 studium.

488 3213 578 3267 24.
611 3214 793 3284 Cujus
823 3212 1121 3268 evidentia:
1155 3212 1406 3282 diligens
1431 3208 1723 3279 appetitus
1746 3205 2063 3276 aliquando

422 3300 665 3373 negligit
692 3302 866 3357 verba
895 3301 1297 3370 cultiora,'fnec
1327 3304 1492 3353 curat
1524 3297 1662 3366 quid
1696 3296 1841 3350 bene
1874 3297 2062 3362 sonet,

421 3395 523 3452 sed
544 3394 685 3467 quid
718 3395 861 3449 bene
893 3390 1107 3445 indicet
1136 3393 1310 3459 atque
1340 3384 1739 3455 intimetquod
1764 3383 2066 3438 ostendere

422 3486 692 3542 intendit.
712 3482 872 3539 Unde
902 3481 983 3535 ait
1003 3478 1410 3550 quidam,cum
1426 3475 1496 3529 de
1525 3473 1626 3528 tali
1661 3486 1869 3545 genere
1902 3472 2065 3526 locu-

421 3574 598 3630 tionis
629 3574 981 3645 ageret,esse
1004 3569 1060 3622 in
1093 3583 1159 3622 ea
1181 3566 1495 3637 quamdam
1518 3563 1855 3634 diligentem
1881 3558 2064 3630 negli-

421 3663 680 3736 gentiam
704 3660 927 3730 (Cicero,
953 3660 1013 3712 in
1039 3655 1299 3726 Oratore).
1324 3654 1453 3708 Haec
1481 3656 1674 3706 tamen
1708 3651 1791 3705 sic
1813 3647 2067 3704 detrahit

420 3757 712 3819 ornatum,
745 3753 810 3804 ut
839 3748 1040 3803 sordes
1070 3762 1186 3800 non
1210 3743 1535 3799 contrahat.
1569 3739 1845 3807 Quamvis
1866 3739 1925 3793 in
1956 3738 2064 3792 bo-

418 3842 508 3897 nis
540 3838 878 3896 doctoribus
910 3839 1075 3891 tanta
1098 3833 1337 3888 docendi
1360 3848 1501 3886 cura
1533 3831 1629 3895 sit,
1662 3827 1748 3883 vel
1774 3844 1904 3883 esse
1959 3827 2064 3881 de-

416 3931 571 3996 beat,
605 3932 672 3984 ut
700 3928 943 3982 verbum
968 3924 1122 3996 quod
1157 3922 1267 3977 nisi
1302 3921 1615 3976 obscurum
1639 3918 1717 3973 sit
1746 3915 1836 3972 vel
1876 3914 2063 3970 ambi-

416 4036 621 4091 guum,
646 4017 895 4072 latinum
918 4031 1046 4070 esse
1075 4030 1189 4068 non
1215 4015 1427 4083 potest,
1449 4009 1606 4080 vulgi
1652 4011 1847 4062 autem
1904 4021 2065 4060 more

415 4110 500 4162 sic
531 4107 827 4162 diciturut
842 4102 1197 4173 ambiguitas
1228 4098 1672 4168 obscuritasque
1703 4097 2061 4164 vitetur,non

418 4197 502 4252 sic
534 4197 767 4251 dicatur
797 4198 861 4248 ut
891 4209 923 4248 a
953 4192 1161 4260 doctis,
1195 4190 1295 4244 sed
1322 4188 1516 4260 potius
1568 4190 1632 4240 ut
1688 4186 1759 4239 ab
1810 4182 2063 4237 indoctis

415 4286 528 4342 dici
560 4282 797 4340 solet.Si
822 4281 975 4337 enim
996 4296 1109 4335 non
1139 4276 1329 4349 piguit
1351 4276 1543 4330 dicere
1565 4274 1909 4344 interpretes
1935 4286 2068 4325 nos.

411 4379 555 4443 tros,
579 4375 692 4429 Non
722 4369 1062 4444 congregabo
1079 4364 1459 4423 conventicula
1474 4379 1663 4419 eorum
1682 4362 1747 4417 de
1773 4361 2061 4429 sanguini-

413 4466 511 4519 bus
539 4463 710 4533 (Psal.
734 4476 826 4529 xv,
862 4460 936 4530 4),
968 4456 1244 4528 quoniam
1298 4456 1609 4509 senserunt
1643 4450 1714 4505 ad
1747 4466 1865 4504 rem
1891 4447 2064 4519 perti-

410 4567 568 4619 nere,
592 4553 658 4603 ut
687 4565 752 4604 eo
771 4546 896 4602 loco
919 4542 1225 4617 pluraliter
1248 4540 1655 4597 enuntiaretur
1684 4537 1791 4591 hoc
1822 4552 2059 4605 nomen,

412 4640 567 4711 quod
600 4638 657 4693 in
691 4636 872 4692 latina
900 4634 1102 4705 lingua
1132 4629 1544 4686 tantummodo
1575 4625 1950 4698 singulariter
1973 4624 2060 4679 di-

411 4729 592 4795 citur;
626 4744 730 4782 cur
778 4723 1012 4796 pietatis
1052 4723 1347 4776 doctorem
1404 4718 1598 4789 pigeat
1640 4713 1928 4785 imperitis
1975 4714 2060 4769 lo-

415 4822 712 4890 quentem,
748 4829 947 4869 ossum
967 4810 1163 4884 potius
1192 4823 1369 4879 quam
1393 4822 1457 4860 os
1481 4805 1773 4869 dicere,ne
1804 4802 1916 4857 ista
1936 4801 2059 4874 syl-

411 4906 544 4962 laba
565 4922 677 4960 non
712 4905 782 4958 ab
815 4920 881 4958 eo
938 4900 1093 4972 qnod
1125 4902 1265 4953 sunt
1314 4911 1468 4963 ossa,
1527 4893 1626 4948 sed
1665 4892 1736 4947 ab
1785 4908 1851 4946 eo
1900 4892 2055 4964 quod

412 5001 550 5050 sunt
587 5010 688 5049 ora
735 4990 1116 5062 intelligatur,
1159 4986 1257 5041 ubi
1310 4984 1458 5037 Afris
1505 4999 1674 5036 aures
1722 4982 1791 5036 de
1832 4997 2059 5053 correp-

410 5084 565 5140 tione
592 5082 881 5138 vocalium
911 5077 998 5134 vel
1026 5072 1407 5149 productione
1429 5088 1544 5126 non
1567 5070 1879 5142 judicant?
1908 5070 2054 5134 Quid

409 5174 564 5229 enim
600 5173 832 5244 prodest
864 5164 1172 5224 locutionis
1206 5162 1531 5233 integritas,
1566 5178 1738 5230 quam
1800 5177 1914 5215 non
1975 5178 2057 5216 se-

411 5263 611 5334 quitur
640 5259 972 5316 intellectus
998 5252 1310 5320 audientis,
1344 5266 1480 5304 cum
1507 5249 1781 5320 loquendi
1819 5251 2055 5306 omnino

480 5434 497 5467 1
532 5433 587 5480 ln
621 5430 767 5493 prius
784 5426 956 5480 editis,
979 5436 1091 5470 cum
1113 5418 1501 5493 intelligantur,
1520 5418 1718 5493 molesti
1732 5422 1957 5493 ποηΙεὶῃί
1974 5435 2058 5469 vo-

421 5481 643 5544 lentibus
673 5493 863 5549 legere:
887 5502 1001 5535 cum
1027 5493 1195 5549 (latent
1218 5481 1931 5549 non.intelliguntur,_pzolesti
1955 5498 2055 5532 non

417 5543 521 5606 sint
550 5543 837 5605 nolentibus
858 5551 1038 5610 legere.
1076 5546 1141 5593 Et
1170 5546 1223 5593 in
1245 5543 1558 5610 aliquorum,
1583 5549 1682 5610 etc.
1714 5545 2054 5595 Hunclocum

421 5621 542 5669 Mss.
566 5616 806 5667 subsidio
842 5608 1181 5680 liberavimus
1210 5608 1274 5656 ab
1316 5609 1496 5679 inepto
1550 5608 1908 5680 glossemate,_
1944 5614 1997 5680 et
2026 5622 2057 5680 a

418 5695 585 5745 prava
640 5675 1089 5745 interpunctioqe,
1114 5684 1240 5744 quea
1269 5684 1321 5745 ,ει
1353 5684 1409 5745 se
1461 5671 1684 5745 invicem
1730 5671 2059 5745 distrahebat

458 5749 597 5794 artes
627 5732 1004 5804 propositionis
1029 5732 1222 5804 hujus:
1259 5733 1319 5782 In
1348 5732 1496 5783 libris
1529 5738 1801 5784 autem.....
1848 5748 1948 5785 non
1982 5735 2057 5783 est

452 5821 510 5857 oc
538 5797 765 5867 a/ﬁ'cz'w'n
794 5797 1148 5849 deserendum.

3720 249 3840 309 100

2185 361 2347 417 nulla
2378 363 2455 419 sit
2485 382 2682 433 causa,
2716 368 2763 423 si
2790 371 2945 441 quod
2977 371 3276 443 loquimur
3305 391 3421 430 non
3470 374 3834 448 intelligunt,

2184 458 2419 525 propter
2448 473 2596 526 quos
2631 463 2692 512 ut
2720 459 3050 533 intelligant
3071 462 3412 534 loquimur?
3435 466 3543 529 Qui
3566 481 3705 539 ergo
3726 468 3830 521 do-

2185 548 2293 611 cet,
2324 544 2529 600 vitabit
2567 548 2764 603 omnia
2784 551 2953 604 verba
2984 569 3107 621 quas
3132 570 3246 608 non
3277 555 3527 621 docent;
3560 560 3617 609 et
3647 555 3697 610 si
3725 573 3829 626 pro

2184 632 2268 687 eis
2296 632 2412 687 alia
2442 634 2687 707 integra,
2721 654 2844 707 quae
2877 639 3300 711 intelligantur,
3330 648 3519 715 potest
3552 643 3831 711 dicere,id

2185 721 2372 793 magis
2399 722 2613 794 eliget:
2648 725 2696 779 si
2731 732 2922 780 autem
2958 745 3069 782 non
3104 736 3311 799 potest,
3358 732 3479 787 sive
3524 732 3667 803 quia
3713 749 3834 788 non

2183 814 2342 874 sunt,
2367 810 2485 865 sive
2506 812 2645 882 quia
2676 812 2733 867 in
2766 818 3077 884 prmeeutia
3102 833 3217 871 non
3260 824 3594 886 occurrunt,
3638 826 3837 875 utetur

2183 897 2357 953 etiam
2388 900 2577 955 verbis
2608 902 2807 957 minus
2838 903 3100 975 integris,
3133 906 3275 961 dum
3319 915 3511 963 tamen
3560 925 3653 964 res
3704 910 3833 980 ipsa

2184 987 2463 1042 doceatur
2482 994 2657 1060 atque
2687 991 2948 1047 discatur
2976 995 3223 1066 integre.

2251 1078 2339 1130 25.
2366 1077 2433 1131 Et
2458 1078 2562 1133 hoc
2592 1080 2829 1149 quidem
2862 1098 2977 1136 non
3009 1082 3200 1138 solum
3224 1084 3285 1139 in
3314 1084 3833 1155 collocutionibus,

2182 1164 2303 1220 sive
2334 1166 2478 1221 ﬁant
2506 1182 2640 1221 cum
2673 1167 2868 1239 aliquo
2900 1186 3037 1239 uno,
3071 1170 3192 1227 sive
3230 1189 3363 1227 cum
3396 1173 3702 1245 pluribus;
3739 1192 3834 1230 ve-

2182 1272 2313 1309 rum
2338 1255 2512 1310 etiam
2548 1256 2733 1311 multo
2765 1259 2955 1329 magis
2980 1259 3038 1313 in
3074 1260 3305 1331 populis
3354 1264 3588 1333 quando
3636 1280 3833 1319 sermo

2180 1345 2488 1414 promitur,
2522 1349 2588 1399 ut
2619 1346 3017 1417 intelligamur
3047 1349 3389 1405 instandum
3422 1355 3529 1407 est.
3577 1352 3725 1417 Quia
3770 1354 3831 1408 in

2181 1432 2670 1489 collocutionibus
2718 1440 2775 1490 et
2820 1436 3033 1508 cuique
3078 1438 3479 1511 interrogandi
3529 1445 3829 1512 potestas:

2182 1522 2277 1576 ubi
2310 1527 2507 1577 autem
2538 1540 2742 1579 omnes
2771 1528 2966 1580 tacent
3015 1531 3080 1582 ut
3128 1527 3401 1583 audiatur
3458 1546 3634 1597 unus,
3682 1535 3742 1585 et
3772 1530 3833 1585 in

2180 1626 2312 1665 eum
2346 1611 2567 1666 intenta
2588 1628 2685 1667 ora
2715 1619 3079 1681 convertunt,
3103 1615 3182 1671 ibi
3215 1620 3279 1671 ut
3300 1618 3553 1687 requirat
3582 1618 3836 1690 quisque

2180 1700 2335 1770 quod
2368 1717 2478 1755 non
2511 1701 2876 1771 intellexerit,
2921 1720 3026 1758 nec
3057 1704 3239 1759 moris
3268 1710 3357 1760 est
3401 1722 3505 1761 nec
3557 1707 3788 1762 decoris
3817 1725 3831 1775 ;

2180 1805 2245 1843 ac
2273 1806 2374 1859 per
2395 1789 2501 1844 hoc
2523 1790 2695 1845 debet
2724 1791 2978 1847 maxime
3001 1794 3214 1848 tacenti
3231 1794 3540 1850 subvenire
3566 1812 3708 1851 cura
3739 1797 3831 1851 di-

2178 1878 2386 1933 centis.
2420 1878 2579 1933 Solet
2610 1884 2808 1934 autem
2834 1887 2993 1935 motu
3019 1898 3125 1937 suo
3158 1882 3491 1954 significare
3518 1889 3719 1939 utrum
3746 1885 3835 1940 in-

2178 1966 2468 2022 tellexerit
2496 1969 2886 2039 cognoccendi
2920 1970 3087 2025 avida
3120 1970 3477 2028 multitudo:
3511 1975 3666 2044 quod
3717 1974 3833 2030 do-

2177 2073 2283 2111 nec
2332 2056 2645 2127 signiticet,
2678 2058 3031 2112 versandum
3065 2070 3156 2113 est
3186 2061 3341 2131 quod
3377 2061 3592 2131 agitur,
3626 2061 3831 2117 multi-

2177 2145 2351 2199 moda
2374 2145 2653 2199 varietate
2682 2145 2910 2200 dicendi
2936 2164 2949 2214 ;
2985 2147 3139 2218 quod
3172 2148 3229 2201 in
3254 2154 3538 2219 potestate
3580 2168 3694 2205 non
3725 2151 3831 2206 ha-

2175 2233 2337 2300 bent,
2372 2234 2471 2305 qui
2507 2240 2825 2305 praeparata
2867 2240 2923 2289 et
2954 2237 3024 2289 ad
3070 2236 3312 2291 verbum
3341 2240 3679 2294 memoriter
3725 2257 3827 2295 re-

2173 2327 2332 2377 tenta
2355 2324 2753 2393 pronuntiant.
2791 2323 2916 2378 Mox
2942 2328 3136 2379 autem
3172 2329 3236 2379 ut
3278 2326 3639 2383 intellectum
3691 2345 3827 2385 esse

2175 2412 2521 2477 constiterit,
2555 2416 2657 2467 aut
2688 2428 2879 2466 sermo
2904 2413 3216 2481 ﬁniendus,
3251 2421 3353 2470 aut
3400 2415 3460 2470 in
3493 2416 3607 2473 alia
3662 2422 3830 2474 tran-

2174 2500 2463 2555 seundum
2502 2505 2608 2555 est.
2643 2500 2801 2555 Sicut
2849 2501 3003 2555 enim
3037 2507 3239 2573 gratus
3282 2509 3371 2558 est
3418 2504 3519 2575 qui
3570 2523 3832 2578 cognos-

2173 2589 2357 2643 cenda
2384 2588 2683 2655 enubilat;
2716 2589 2800 2644 sic
2848 2604 3131 2645 onerosus
3180 2597 3270 2646 est
3317 2592 3417 2663 qui
3462 2594 3693 2665 cognita
3732 2597 3829 2651 in-

2172 2678 2381 2744 culcat,
2418 2678 2503 2732 eis
2551 2678 2835 2732 duntaxat
2889 2694 3140 2748 quorum
3184 2684 3305 2735 tota
3359 2684 3711 2752 exspectatio
3762 2686 3824 2741 in

2171 2765 2547 2821 dissolvenda
2588 2782 2812 2835 eorum,
2870 2782 2996 2836 quae
3048 2768 3408 2837 panduntur,
3473 2771 3827 2829 difﬁcultate

2171 2857 2475 2928 pendebat.
2502 2856 2645 2910 Nam
2680 2854 3008 2910 delectandi
3039 2856 3227 2926 gratia
3246 2858 3422 2913 etiam
3446 2864 3584 2915 nota
3613 2861 3825 2917 dicun-

2168 2952 2303 3012 tur;
2340 2944 2436 2999 ubi
2479 2961 2593 2999 non
2627 2944 2775 3015 ipsa,
2813 2945 2913 2999 sed
2940 2947 3151 3001 modus
3174 2963 3288 3017 quo
3326 2948 3605 3003 dicuntur
3633 2955 3818 3006 atten-

2171 3034 2350 3089 ditur.
2384 3034 2545 3099 Quod
2578 3034 2623 3088 si
2659 3038 2715 3088 et
2758 3034 3021 3104 ipsejam
3064 3039 3236 3089 notus
3267 3045 3379 3099 est,
3419 3043 3594 3109 atque
3647 3041 3825 3095 audi-

2168 3123 2395 3178 toribus
2426 3123 2636 3194 placet,
2658 3138 2803 3193 pene
2835 3121 2980 3176 nihil
3013 3123 3251 3179 interest
3276 3130 3474 3181 utrum
3510 3127 3561 3183 is
3597 3128 3697 3199 qui
3730 3128 3823 3184 di-

2168 3213 2460 3277 cit,dictor
2478 3210 2567 3266 vel
2589 3210 2770 3266 lector
2790 3210 3093 3267 sit.Solent
3128 3213 3282 3268 enim
3307 3219 3365 3269 et
3405 3231 3473 3271 ea
3493 3232 3617 3285 quas
3649 3233 3816 3274 com-

2170 3302 2340 3356 mode
2371 3300 2590 3371 scripta
2611 3304 2891 3369 sunt,non
2925 3300 3116 3356 solum
3139 3302 3210 3356 ab
3241 3303 3315 3358 iis
3360 3304 3578 3373 quibus
3612 3306 3824 3377 primi-

2168 3389 2957 3459 tusinnotescunt,jucunde
2983 3389 3127 3461 legi;
3155 3407 3356 3446 verum
3403 3393 3476 3447 ab
3516 3393 3589 3449 iis
3637 3394 3821 3451 etiam

2170 3479 2385 3549 quibus
2407 3478 2532 3547 jam
2558 3483 2693 3533 nota
2714 3482 3066 3550 sunt,neque
3088 3478 3281 3535 adhuc
3312 3480 3409 3536 illa
3432 3481 3503 3537 de
3533 3483 3824 3541 memoria

2170 3566 2378 3622 delevit
2407 3566 2639 3633 oblivio,
2676 3583 2788 3621 non
2830 3567 2956 3621 sine
2980 3568 3349 3637 jucunditate
3381 3570 3579 3641 relegi,
3611 3571 3697 3627 vel
3742 3574 3821 3628 ab

2170 3655 2435 3726 utrisque
2467 3654 2714 3710 libenter
2742 3655 2951 3710 audiri.
2987 3656 3117 3719 Quae
3147 3665 3341 3712 autem
3388 3659 3638 3731 quisque
3687 3661 3822 3731 jam

2169 3744 2389 3799 oblitus
2446 3748 2553 3810 est,
2605 3760 2737 3798 cum
2790 3750 3217 3815 commonetur,
3275 3747 3533 3802 docetur.
3592 3748 3703 3804 Sed
3744 3751 3821 3806 de

2170 3834 2344 3887 modo
2374 3832 2698 3887 delectandi
2730 3849 2885 3887 nunc
2933 3850 3047 3888 non
3080 3851 3228 3906 ago;
3262 3836 3333 3890 de
3364 3837 3536 3892 modo
3567 3854 3683 3909 quo
3716 3838 3820 3894 do-

2170 3922 2336 3977 oendi
2359 3926 2499 3976 sunt
2528 3922 2864 3992 quidiscere
2884 3922 3239 3992 desiderant,
3264 3924 3491 3995 loquor.
3527 3926 3581 3981 Is
3615 3932 3819 3984 autem

2168 4014 2259 4064 est
2289 4008 2569 4079 optimus,
2602 4026 2717 4079 quo
2748 4010 2815 4063 fit
2844 4014 2907 4063 ut
2927 4010 3027 4079 qui
3060 4011 3245 4077 audit,
3278 4028 3479 4067 verum
3512 4014 3733 4085 audiat,
3757 4022 3821 4071 et

2169 4098 2322 4169 quod
2347 4097 2511 4152 audit
2540 4097 2848 4168 intelligat.
2880 4099 2965 4152 Ad
3000 4115 3174 4169 quem
3199 4101 3374 4155 tinem
3407 4118 3539 4156 cum
3572 4108 3815 4159 ventum

2170 4188 2366 4255 tuerit,
2404 4185 2550 4240 nihil
2583 4192 2722 4240 tunc
2756 4186 3010 4259 amplius
3035 4188 3105 4243 de
3132 4189 3260 4260 ipsa
3286 4206 3346 4245 re
3377 4196 3660 4259 tanquam
3693 4192 3823 4248 din-

2168 4274 2287 4330 tius
2318 4275 2578 4330 docenda
2604 4274 2990 4331 laborandum
3024 4282 3133 4343 est,
3185 4279 3286 4333 sed
3330 4279 3475 4334 forte
3527 4281 3597 4334 de
3657 4298 3820 4337 com-

2170 4364 2500 4419 mendanda
2546 4368 2609 4418 ut
2639 4364 2697 4417 in
2718 4365 2891 4420 corde
2917 4365 3163 4437 ﬁgatur:
3201 4367 3355 4436 quod
3388 4367 3438 4423 si
3483 4366 3819 4425 faciendum

2164 4452 2475 4517 videbitur,
2509 4452 2590 4507 ita
2622 4453 2881 4508 modeste
2903 4453 3235 4509 faciendum
3271 4460 3378 4523 est,
3413 4472 3485 4512 ne
3518 4458 3820 4528 pervenia-

2164 4546 2264 4597 tur
2294 4542 2363 4596 ad
2387 4541 2649 4596 taedium.

2164 4647 2399 4703 CAPUT
2427 4647 2806 4716 XL—Quare
2848 4650 3080 4703 conanti
3133 4649 3321 4705 docere
3349 4650 3639 4707 dicendum
3692 4668 3823 4722 per-

2523 4723 2729 4791 spicue,
2763 4735 2873 4774 non
2911 4729 3099 4775 tamen
3128 4724 3447 4777 insuaviter.

2231 4809 2318 4865 26.
2346 4812 2591 4864 Prorsus
2613 4808 2734 4864 haec
2755 4813 2845 4863 est
2874 4809 2933 4863 in
2960 4810 3216 4865 docendo
3239 4809 3591 4882 eloquentia,
3618 4827 3737 4882 qua
3754 4810 3826 4867 ﬂt

2161 4896 2546 4965 dicendo,non
2570 4896 2826 4952 utlibeat
2844 4897 2998 4967 quod
3022 4897 3425 4962 horrebat,ant
3446 4903 3511 4954 ut
3532 4899 3633 4954 ﬁat
3658 4902 3819 4969 quod

2161 4986 2521 5058 pigebat,sed
2544 4991 2608 5040 ut
2628 4989 2906 5057 appareat
2926 4987 3072 5055 quod
3090 4986 3493 5053 latebat.Quod
3518 4993 3716 5043 tamen
3768 4997 3826 5051 si

2160 5074 2688 5140 tiatinsuaviter,ad
2702 5090 2917 5145 paucos
2936 5074 3173 5145 quidem
3188 5076 3656 5132 studiosissimos
3670 5094 3825 5134 suus

2160 5165 2419 5237 pervenit
2448 5164 2797 5234 fructus,qui
2830 5181 2898 5217 ea
2916 5180 3041 5234 quae
3065 5165 3343 5220 discenda
3359 5172 3520 5230 sunt,
3547 5168 3823 5236 quamvis

2159 5255 2380 5324 abjecte
2412 5253 2745 5323 inculteque
2768 5252 3060 5323 dicantur,
3094 5255 3244 5309 scire
3274 5256 3628 5309 desiderant.
3653 5256 3818 5319 Quod

2160 5360 2293 5397 cum
2318 5342 2514 5413 adepti
2537 5342 2770 5409 fuerint,
2788 5341 2917 5411 ipsa
2946 5340 3374 5398 delectabiliter
3395 5344 3633 5398 veritate
3683 5361 3827 5414 pas-

2158 5436 2410 5487 cuntur:
2446 5432 2664 5485 bonoru
2678 5447 2847 5501 mque
2868 5430 3235 5501 ingeniorum
3261 5434 3514 5504 insignis
3532 5438 3623 5487 est
3648 5432 3822 5489 indo-

2160 5520 2264 5587 les,
2299 5522 2355 5574 in
2388 5522 2579 5575 verbis
2609 5537 2809 5575 verum
2833 5536 3051 5587 amare,
3086 5538 3201 5577 non
3234 5524 3426 5577 verba.
3461 5522 3609 5585 Quid
3650 5522 3813 5579 enim

2160 5610 2399 5682 prodest
2426 5608 2603 5665 clavis
2634 5625 2831 5675 aurea,
2855 5608 2904 5663 si
2938 5609 3159 5679 aperire
3183 5611 3333 5682 quod
3371 5611 3644 5666 volumus
3694 5629 3818 5668 non

2161 5698 2394 5771 potest?
2416 5701 2531 5754 Aut
2552 5699 2689 5771 quid
2717 5700 2882 5753 obest
2901 5696 3173 5770 lignea,si
3194 5699 3303 5756 hoc
3317 5704 3508 5772 potest
3526 5700 3554 5754 ?
3580 5702 3823 5772 quando

2161 5787 2308 5844 nihil
2342 5788 2661 5860 quaerimus
2684 5787 2798 5845 nisi
2826 5793 3025 5859 patere
3055 5790 3210 5860 quod
3239 5789 3509 5847 clausum
3554 5794 3664 5847 est.
3706 5791 3825 5850 Sed
