4026 6366
207 333 323 393 H3

204 470 410 521 ornato
440 464 722 536 professis
753 464 1080 537 virginibus
1113 463 1407 536 proponit,
1429 467 1713 532 tanquam
1747 458 1859 513 sub

203 555 451 625 exempli
487 556 695 621 forma,
730 554 887 626 quod
922 553 1185 608 moribus
1216 552 1542 616 imitentur,
1578 553 1636 603 et
1671 547 1813 602 dicit
1845 564 1857 601 :

208 645 367 712 Virgo
395 652 535 709 erat,
569 660 677 698 non
708 645 884 698 solum
915 658 1159 713 corpore,
1193 641 1284 696 sed
1315 645 1483 695 etiam
1512 646 1715 702 mente,
1734 650 1859 709 quae

202 734 374 787 multo
391 733 515 786 (loli
534 732 743 786 ambitu
764 734 1040 786 sincerum
1062 731 1406 785 adutteraret
1427 730 1686 800 aﬂectum
1707 746 1726 781 :
1742 742 1858 781 cor-

202 822 271 876 de
294 821 737 887 humilis,verbis
752 822 954 891 gravis,
981 822 1160 875 animi
1176 815 1701 891 prudens,loquendi
1719 832 1854 886 par-

198 912 332 975 cior,
363 912 596 983 legendi
623 910 960 975 studiosior;
992 926 1102 964 non
1134 911 1193 963 in
1241 910 1446 964 incerto
1493 908 1851 969 divitiarum,

197 1000 289 1054 sed
335 1002 389 1054 in
421 1016 585 1069 prece
612 1002 874 1071 pauperis
901 1016 1053 1071 spem
1091 1014 1391 1070 reponens;
1436 1000 1650 1051 intenta
1680 996 1850 1066 operi,

202 1090 505 1145 verecunda
537 1090 787 1145 sermoni
804 1106 823 1151 ,'
846 1092 1122 1144 arbitrum
1143 1090 1345 1144 mentis
1365 1087 1528 1143 solita
1542 1102 1652 1141 non
1673 1086 1848 1139 homi-

192 1178 437 1245 nem,sed
458 1180 625 1234 Deum
652 1194 899 1250 quaerere
918 1195 938 1239 ;
968 1179 1187 1233 nullum
1208 1177 1565 1241 laedere,bene
1584 1174 1722 1229 velle
1741 1189 1849 1228 om-

188 1268 352 1322 nibus
372 1285 393 1327 ;
414 1283 705 1338 assurgere
722 1267 1030 1337 majoribus
1054 1270 1210 1333 natu,
1234 1265 1550 1338 aqualibus
1574 1279 1685 1318 non
1708 1262 1849 1316 invi-

188 1357 317 1412 dere
332 1374 352 1415 :
374 1356 569 1429 fugere
581 1357 939 1425 jactantiam,
962 1357 1245 1411 rationem
1264 1355 1437 1427 sequi,
1462 1369 1655 1409 amare
1673 1353 1845 1405 virtu-

188 1454 313 1500 tem.
332 1445 561 1513 Quando
584 1446 694 1500 ista
715 1446 801 1500 vel
820 1446 973 1501 vultu
995 1446 1134 1500 laesit
1161 1448 1414 1517 parentes
1435 1447 1459 1496 .9
1482 1442 1704 1513 quando
1732 1440 1842 1495 dis-

184 1536 355 1589 sensit
372 1535 763 1605 a,propinguis
776 1534 804 1587 ‘?
818 1534 1041 1605 quando
1056 1534 1257 1605 fastidi
1262 1534 1334 1588 vit
1348 1533 1615 1587 humilem
1626 1530 1653 1585 ?
1667 1546 1846 1601 quan-

186 1624 252 1679 do
266 1625 397 1678 risit
418 1623 652 1678 debilem
666 1623 694 1677 ?
720 1623 933 1695 quando
954 1625 1146 1678 vitavit
1162 1624 1376 1693 inopem
1389 1625 1413 1674 .9
1434 1622 1533 1675 Eos
1549 1620 1689 1676 solos
1708 1618 1843 1673 soli-

183 1714 243 1765 ta
259 1720 427 1767 catus
438 1714 686 1767 virorum
702 1714 1092 1783 invisere,quos
1108 1711 1493 1766 misericordia
1507 1726 1617 1765 non
1632 1709 1846 1763 erubes-

184 1806 351 1870 ceret,
374 1817 549 1874 neque
610 1803 924 1871 praeteriret
981 1801 1329 1856 verecundia.
1362 1800 1513 1854 Nihil
1550 1807 1762 1853 torvum
1784 1797 1843 1850 in

185 1890 383 1955 oculis,
405 1890 558 1944 nihil
586 1892 648 1943 in
678 1891 858 1944 verbis
881 1905 1095 1960 procas:
1121 1889 1269 1943 nihil
1296 1890 1353 1943 in
1375 1893 1503 1943 actu
1522 1890 1841 1943 inverecun-

182 1979 315 2033 dum
334 1995 355 2041 ;
376 1996 489 2034 non
508 1982 690 2050 gestus
708 1981 1071 2049 fractior,non
1095 1981 1336 2033 incessus
1355 1979 1715 2041 solutior,non
1740 1991 1844 2030 vos:

176 2068 541 2138 petulantior,
562 2076 623 2122 ut
652 2070 771 2138 ipsa
793 2070 1039 2138 corporis
1076 2070 1276 2138 species
1295 2068 1656 2121 simulacrum
1675 2068 1843 2135 fuerit

180 2158 460 2221 mentis,et
478 2155 668 2227 ﬁgura
687 2156 1009 2227 probitatis.
1036 2158 1187 2211 Bona
1207 2158 1409 2227 quippe
1427 2156 1617 2209 domus
1641 2156 1703 2209 in
1726 2155 1842 2225 ipso

180 2246 447 2300 vestibulo
482 2246 641 2300 debet
672 2247 916 2315 agnosci,
940 2261 1003 2299 ac
1028 2247 1208 2317 primo
1246 2245 1560 2316 praetendat
1588 2247 1843 2315 ingressu

179 2336 327 2389 nihil
344 2338 497 2389 intus
515 2336 698 2389 latere
713 2335 1064 2389 tenebrarum
1076 2338 1357 2406 ,tanquam
1376 2335 1617 2390 lucernae
1637 2332 1739 2387 tua:
1760 2335 1842 2387 in-

182 2428 271 2479 tus
293 2426 640 2495 posita,foris
663 2424 1011 2492 luceat.Quid
1030 2440 1124 2495 ego
1144 2441 1412 2495 exsequar
1437 2424 1685 2479 ciborum
1709 2438 1837 2488 par-

179 2516 506 2577 cimoniam,
542 2514 853 2585 ofﬁciorum
892 2514 1319 2569 redundantiam
1354 2531 1375 2576 ;
1405 2515 1650 2569 alterum
1685 2512 1840 2567 ultra

176 2607 446 2657 naturam
469 2604 826 2673 superfuisse,
848 2603 1089 2658 alterum
1110 2604 1221 2674 ipsi
1239 2607 1455 2657 natura:
1472 2619 1611 2674 pene
1629 2602 1836 2671 defuis-

172 2708 232 2746 se
252 2695 278 2744 .9
298 2692 430 2747 Illic
448 2693 608 2746 nulla
637 2694 954 2747 intermissa
976 2701 1239 2763 tempora,
1263 2692 1351 2746 hic
1370 2692 1834 2763 congeminatije-

162 2780 333 2849 junio
352 2780 469 2836 dies
481 2798 501 2842 ;
520 2789 568 2836 et
584 2783 633 2835 si
646 2783 863 2851 quando
883 2782 1176 2852 reﬁciendi
1192 2783 1539 2835 successisset
1559 2782 1829 2845 voluntas,

166 2870 322 2925 cibus
334 2871 855 2942 plerumqueobvius
872 2873 965 2941 qui
984 2878 1217 2925 mortem
1229 2878 1583 2937 arceret,non
1605 2869 1832 2923 delicias

168 2961 525 3014 ministraret
544 2960 811 3027 (Ambros.
838 2959 903 3014 de
931 2960 1372 3030 VirginibusJib.
1397 2960 1519 3025 2,in
1539 2958 1827 3030 princip),

162 3054 281 3104 etc.
309 3050 435 3103 Haec
465 3053 661 3104 autem
688 3054 994 3121 propterea
1021 3049 1079 3102 in
1114 3048 1377 3120 exemplo
1401 3050 1579 3119 hujus
1602 3054 1828 3117 tempe—

172 3138 288 3192 rati
324 3138 556 3208 generis
586 3138 776 3208 posui,
832 3138 971 3209 quia
1000 3153 1113 3192 non
1144 3137 1239 3191 hic
1271 3138 1391 3210 agit
1423 3143 1488 3191 ut
1520 3137 1826 3209 virginita-

160 3231 283 3281 tem
306 3231 552 3281 voveant
574 3244 701 3297 quis
730 3228 993 3282 nondum
1017 3231 1298 3283 voverunt
1327 3245 1339 3294 ;
1375 3228 1476 3281 sed
1510 3226 1713 3298 quales
1733 3243 1823 3281 es-

162 3332 229 3371 se
260 3316 515 3370 debeant
543 3332 673 3387 quas
694 3319 819 3387 jam
851 3321 992 3371 vota
1025 3322 1181 3372 sunt.
1228 3318 1373 3371 Nam
1407 3322 1471 3371 ut
1519 3316 1822 3387 aggredia-

160 3409 268 3460 tur
298 3406 535 3461 animus
566 3410 797 3461 tantum
831 3423 895 3461 ac
916 3406 1033 3462 tale
1063 3406 1451 3478 propositum,
1478 3406 1682 3477 grandi
1719 3405 1825 3459 uti-

164 3511 285 3567 que
315 3494 550 3550 dicendi
593 3510 804 3567 genere
836 3496 1009 3551 debet
1034 3495 1267 3551 excitari
1301 3504 1358 3551 et
1388 3496 1648 3551 accendi.
1709 3494 1819 3549 Sed

165 3590 391 3655 martyr
411 3583 737 3656 Cyprianus
768 3584 838 3639 de
868 3584 1071 3639 habitu
1104 3584 1421 3657 virginum,
1448 3602 1563 3639 non
1596 3585 1667 3639 de
1698 3600 1825 3639 sus-

164 3673 439 3745 cipiendo
486 3673 838 3745 virginitatis
888 3673 1186 3745 proposito
1239 3674 1493 3746 scripsit.
1531 3674 1641 3727 Iste
1689 3689 1822 3727 vero

164 3763 483 3834 episcopus
503 3763 680 3818 etiam
702 3763 775 3817 ad
798 3762 908 3818 hoc
925 3779 1024 3818 eas
1048 3780 1260 3835 magno
1282 3764 1549 3819 accendit
1568 3762 1820 3833 eloquio.

242 3924 329 3977 49.
372 3921 581 3977 Verum
612 3940 683 3978 ex
712 3939 778 3978 eo
807 3924 962 3994 quod
1012 3924 1184 3979 ambo
1229 3928 1495 3995 egerunt,
1547 3922 1822 3977 dictionis

161 4012 407 4083 grandis
436 4012 702 4083 exempla
739 4013 1101 4068 memorabo.
1136 4014 1323 4068 Ambo
1356 4013 1573 4083 quippe
1604 4012 1815 4067 invecti

160 4107 305 4157 sunt
334 4101 394 4156 in
416 4118 515 4157 eas
534 4118 661 4173 quae
688 4101 940 4157 formam
966 4102 1281 4173 pigmentis
1304 4101 1586 4171 colorant,
1607 4100 1693 4157 vel
1719 4118 1822 4172 po-

160 4191 285 4245 tius
316 4190 653 4245 decolorent
676 4206 690 4244 :
716 4206 963 4260 quorum
988 4191 1148 4262 prior
1168 4190 1267 4245 ille
1294 4207 1427 4245 cum
1462 4190 1569 4245 boc
1604 4195 1820 4261 ageret,

161 4282 251 4334 ait
278 4280 436 4335 inter
462 4284 669 4335 caetera
692 4295 705 4339 :
729 4280 788 4334 Si
811 4282 937 4351 quis
963 4280 1231 4351 pingendi
1250 4283 1462 4351 arti/ex
1489 4281 1701 4335 vultum
1720 4281 1825 4335 ali-

161 4372 327 4440 cujus
356 4377 407 4423 et
435 4372 684 4440 speciem,
708 4373 761 4423 et
789 4371 1030 4440 corporis
1058 4370 1388 4440 qualitatem
1417 4370 1621 4425 aemulo
1645 4370 1827 4424 colore

163 4462 441 4527 signasset
466 4477 483 4511 :
516 4463 567 4512 et
595 4460 807 4528 signato
828 4459 951 4527 jam
996 4468 1480 4529 consummatoque
1507 4462 1823 4528 simulacro,

165 4565 375 4603 manus
401 4548 547 4602 alius
570 4550 821 4618 inferret,
843 4551 907 4601 ut
926 4547 1039 4613 iam
1062 4550 1335 4617 formata,
1348 4550 1469 4619 jam
1494 4549 1639 4619 picta
1660 4550 1827 4619 quasi

166 4641 413 4711 peritior
445 4639 793 4706 reformaret,
825 4640 1011 4705 gravis
1040 4640 1245 4701 prioris
1275 4637 1507 4694 artiﬁcis
1528 4638 1746 4708 injuria
1776 4646 1825 4690 et

170 4731 318 4793 iusta
340 4726 650 4797 indignatio
672 4726 1050 4782 videretur.Tu
1063 4731 1117 4782 te
1135 4728 1423 4782 existimas
1440 4728 1664 4797 impune
1685 4727 1825 4780 latu-

168 4836 303 4873 ram
335 4827 450 4871 tam
486 4817 750 4888 improbae
778 4818 1104 4871 temeritatis
1125 4818 1445 4882 audaciam,
1478 4818 1577 4871 Dei
1596 4816 1825 4885 artiﬁcis

164 4906 434 4975 offensam
457 4909 483 4956 2’
514 4905 576 4960 Ut
596 4904 745 4959 enim
768 4904 1065 4975 impudicta
1092 4907 1245 4960 circa
1267 4905 1533 4972 homines,
1550 4908 1603 4958 et
1624 4905 1825 4958 incesta

158 4997 310 5063 fucis
333 4993 775 5049 lenocinantibus
797 5008 906 5047 non
929 4995 1320 5063 sis,corruplis
1348 4993 1684 5063 violatisque
1702 5008 1829 5063 quae

166 5086 269 5139 Dei
289 5096 437 5144 sunt,
443 5083 601 5154 pejor
620 5081 873 5137 adultera
892 5082 1334 5151 delineris.Quod
1355 5084 1549 5138 ornari
1571 5088 1625 5137 te
1644 5091 1825 5153 putas,

163 5174 311 5246 quod
328 5182 496 5242 putas
516 5173 1032 5242 comi,impugnatio
1056 5178 1136 5227 est
1158 5174 1263 5228 ista
1280 5173 1458 5227 divini
1477 5174 1825 5243 operis,pree-

165 5264 437 5317 varicatio
459 5271 538 5316 est
568 5263 1117 5317 veritatis.Monentis
1139 5264 1377 5334 Apostoli
1392 5277 1497 5316 vos:
1517 5264 1592 5315 est
1615 5279 1634 5315 :
1660 5283 1686 5309 ‹‹
1710 5264 1828 5316 Ea;-

162 5362 403 5424 purgate
426 5354 577 5405 vetus
600 5352 1019 5419 fermentum,ut
1043 5353 1164 5407 sitis
1188 5368 1328 5406 nova
1348 5351 1832 5421 conspersio,sicut

167 5445 275 5497 etis
296 5442 501 5511 asymi.
514 5440 730 5494 Etenim
751 5439 967 5494 Pascha
986 5448 1232 5495 nostrum
1251 5442 1566 5495 immolatus
1582 5446 1657 5495 est
1671 5440 1829 5495 Chri-

169 5535 303 5587 stus.
338 5534 535 5603 Itaque
562 5532 708 5600 festa
737 5528 1086 5597 celebremus,
1116 5546 1226 5585 non
1259 5532 1317 5585 in
1345 5534 1612 5601 [ermento
1641 5531 1828 5599 veteri,

171 5638 345 5692 neque
376 5623 436 5675 in
459 5620 731 5689 fermento
762 5620 996 5676 malitiae
1014 5624 1065 5675 et
1086 5621 1375 5691 nequitiae,
1397 5621 1497 5674 sed
1530 5622 1584 5673 in
1616 5622 1830 5690 azymis

173 5712 520 5766 sinceritatis
540 5712 595 5763 et
616 5708 866 5763 veritatis
890 5729 916 5757 η
938 5708 983 5776 (Ι
1004 5708 1125 5765 Cor.
1150 5710 1263 5779 v,7,
1281 5710 1355 5779 9).
1381 5710 1521 5764 Num
1541 5710 1831 5764 sinceritas

174 5810 475 5873 perseverat
496 5805 551 5855 et
578 5799 1024 5870 veritas,quando
1047 5814 1172 5871 quae
1190 5801 1411 5855 sincera
1430 5801 1557 5853 sunt
1574 5800 1831 5871 polluun-

1580 325 1815 384 LIBER
1860 322 2256 394 QUARTUS.

3512 322 3629 382 H4

1971 466 2082 527 tur,
2115 467 2170 515 et
2198 464 2441 518 colorum
2471 463 2780 531 adulteriis,
2814 474 2864 520 et
2897 466 3328 521 medicaminum
3355 466 3372 498 ¹
3400 462 3548 531 fucis
3566 462 3623 513 in

1972 552 2319 607 mendacium
2342 570 2471 608 vera
2496 558 2788 609 mutantur
2805 559 2830 607 .9
2854 557 3116 609 Dominus
3140 558 3267 609 tuus
3287 553 3482 616 dicit,«
3505 552 3623 607 Non

1963 645 2114 712 potes
2164 644 2346 711 facere
2394 644 2659 713 capillum
2708 662 2882 699 unum
2942 645 3126 698 album
3184 648 3279 697 aut
3332 642 3561 709 nigrum
3595 661 3616 690 ι

1968 730 2175 797 (Matth.
2211 748 2265 793 ν,
2296 732 2387 802 36)
2413 750 2426 798 ;
2461 742 2513 787 et
2540 741 2598 787 tu
2623 734 2693 788 ad
2726 734 3048 789 vincendum
3082 733 3301 787 Domini
3329 732 3413 785 tui
3442 746 3623 784 vocem

1965 822 2047 873 vis
2075 824 2129 874 te
2159 836 2270 875 esse
2322 822 2606 891 potiorem.
2662 823 2867 877 Audaci
2893 830 3093 877 conatu
3115 826 3166 875 et
3194 820 3465 887 sacrilego
3493 834 3616 872 con-

1965 912 2164 979 temptu
2194 910 2377 965 crines
2423 916 2548 965 tuos
2570 913 2750 979 iuficis
2771 928 2790 970 ,·
2820 913 2971 967 mala
2997 911 3266 982 prasagio
3295 912 3619 979 futurorum

1962 998 2198 1067 capillos
2216 999 2338 1067 jam
2369 998 2471 1053 tibi
2500 1001 2779 1067 ﬂammeos
2805 1001 3121 1067 auspicari:
3141 997 3331 1071 (Cypr.
3360 998 3533 1052 Tract.
3557 997 3620 1052 de

1961 1087 2260 1158 disciplina
2287 1095 2339 1143 et
2366 1088 2557 1143 habitu
2592 1088 2918 1161 Virginum).
2952 1090 3217 1161 Longum
3240 1092 3330 1143 est
3358 1088 3617 1143 inserere

1961 1177 2161 1233 omnia
2190 1194 2319 1248 quae
2349 1182 2700 1248 sequuntur.

2028 1267 2117 1319 50.
2147 1265 2245 1320 Ille
2263 1282 2393 1321 vero
2417 1267 2706 1337 posterior
2724 1272 2788 1321 ut
2810 1267 2868 1321 in
2892 1266 3038 1322 tales
3060 1266 3275 1322 diceret
3300 1282 3312 1319 :
3337 1267 3475 1320 Hinc
3490 1266 3613 1333 illa,

1959 1355 2175 1427 inquit,
2196 1364 2499 1410 nascuntur
2519 1357 2798 1411 incentiva
2818 1357 3100 1424 vitiorum,
3128 1359 3184 1410 ut
3199 1357 3442 1426 quaesitis
3462 1354 3613 1411 colo-

1957 1445 2109 1499 ribus
2138 1462 2239 1498 ora
2264 1444 2589 1516 depingunt,
2627 1447 2765 1500 dum
2794 1447 2932 1501 viris
2960 1446 3255 1517 displicere
3280 1445 3610 1516 formidant,

1956 1541 2008 1588 et
2027 1533 2092 1589 de
2121 1534 2400 1589 adulterio
2429 1533 2616 1589 vultus
2643 1535 2986 1590 meditentur
3016 1534 3353 1590 adulterium
3380 1536 3606 1590 castita-

1955 1626 2046 1677 tis.
2069 1627 2287 1694 Quanta
2319 1622 2430 1678 hac
2448 1626 2710 1689 amentia,
2734 1626 2971 1696 efﬁgiem
2988 1632 3213 1679 mutare
3239 1625 3605 1695 natanapic-

1952 1716 2137 1766 turam
2166 1728 2430 1784 quaerere,
2466 1717 2516 1767 et
2547 1713 2676 1767 dum
2706 1722 2962 1768 verentur
3006 1714 3266 1767 maritale
3302 1712 3601 1783 judicium,

1950 1801 2187 1871 prodere
2206 1803 2228 1835 ²
2252 1818 2410 1856 suum
2428 1806 2454 1856 .9
2473 1802 2637 1857 Prior
2663 1804 2812 1857 enim
2841 1802 2908 1856 de
2927 1819 2984 1857 se
3005 1804 3489 1873 pronuntiamus?
3509 1818 3603 1856 cu-

1951 1892 2033 1961 pit
2060 1895 2279 1946 mutare
2308 1892 2449 1962 quod
2477 1899 2615 1946 natu
2635 1900 2752 1946 est:
2774 1893 2852 1947 ita
2874 1892 3005 1946 dum
3034 1893 3140 1946 alii
3170 1891 3348 1947 studet
3364 1892 3599 1962 placere,

1948 1981 2110 2051 prius
2138 1982 2261 2047 ipsa
2280 1980 2389 2035 sibi
2411 1979 2864 2050 displicet.Quem
2882 1982 3155 2051 judicem,
3174 1982 3400 2047 mulier,
3424 1982 3601 2035 verio-

1952 2086 2072 2124 rem
2104 2071 2444 2141 requiremus
2473 2069 2840 2139 def0rmitatis
2862 2079 2991 2130 tuae,
3015 2086 3190 2142 quam
3218 2071 3603 2141 teipsam,quae

1951 2158 2129 2213 videri
2158 2160 2316 2213 times
2337 2162 2362 2211 .9
2392 2159 2450 2213 Si
2478 2157 2713 2229 pulchra
2744 2174 2817 2227 es,
2866 2174 2969 2213 cur
3007 2158 3398 2214 absconderis?
3426 2160 3476 2212 si
3505 2158 3603 2212 de-

1949 2248 2165 2319 formis,
2196 2263 2296 2301 cur
2327 2256 2378 2301 te
2396 2250 2694 2318 formosam
2730 2264 2842 2302 esse
2864 2250 3145 2314 mentiris,
3178 2264 3278 2302 nec
3308 2256 3420 2303 tute
3447 2262 3599 2302 cons-

1950 2339 2293 2403 cientisemec
2311 2338 2492 2392 alieni
2511 2339 2756 2406 gratiam
2774 2340 2984 2393 erroris
2999 2337 3305 2393 habitura?
3325 2336 3434 2391 Ille
3452 2338 3596 2391 enim

1949 2428 2182 2481 alteram
2211 2428 2414 2496 diligit,
2460 2431 2517 2481 tu
2564 2428 2729 2482 alteri
2758 2430 2838 2482 vis
2882 2428 3100 2498 placere
3130 2446 3149 2481 :
3180 2436 3234 2482 et
3262 2427 3518 2481 irasceris
3548 2428 3600 2480 si

1948 2526 2092 2572 amet
2120 2519 2485 2587 alteram,qui
2515 2516 2833 2572 adulterare
2855 2534 2911 2571 in
2945 2524 2995 2572 te
3024 2517 3270 2572 docetur.
3296 2517 3455 2571 Mala
3472 2533 3594 2570 ma-

1946 2609 2127 2678 gistra
2156 2622 2210 2660 es
2240 2606 2475 2677 injuriae
2504 2610 2637 2661 tuae.
2662 2607 2991 2661 Lenocinari
3018 2608 3165 2660 enim
3198 2606 3595 2675 refugit,etiam

1945 2711 2071 2767 quer
2090 2704 2169 2751 est
2187 2712 2347 2766 passa
2388 2696 2677 2756 lenonem;
2708 2712 2771 2749 ac
2799 2696 2925 2750 licet
2954 2698 3080 2750 vitis
3110 2694 3337 2761 mulier,
3366 2710 3478 2750 non
3505 2695 3593 2749 al-

1943 2787 2052 2840 teri
2081 2789 2283 2852 tamen,
2303 2784 2393 2839 sed
2412 2786 2519 2839 sibi
2543 2787 2751 2854 peccat.
2778 2785 3177 2839 Tolerabiliora
3204 2783 3593 2855 propemodum

1941 2876 1998 2930 in
2030 2875 2314 2930 adulterio
2337 2875 2585 2927 crimina
2609 2882 2770 2928 sunt:
2796 2875 2876 2928 ibi
2903 2876 3051 2928 enim
3077 2873 3364 2943 pudicitia,
3390 2872 3477 2928 hic
3495 2890 3592 2927 na-

1939 2969 2069 3020 tura
2090 2964 2440 3017 adutteratur
2458 2963 2727 3032 (Ambros.
2751 2963 2815 3017 de
2839 2963 3181 3030 Virginibus,
3206 2962 3302 3016 iib.
3340 2962 3588 3028 1).Satis,

1940 3058 2003 3108 ut
2032 3052 2322 3113 existimo,
2357 3055 2597 3122 apparet
2641 3051 2891 3106 feminas
2938 3067 3009 3105 ne
3038 3067 3206 3105 suam
3242 3050 3391 3103 fucis
3419 3051 3586 3105 adul-

1936 3147 2127 3198 terent
2159 3142 2405 3196 formam
2438 3144 2516 3209 et,
2547 3140 2616 3194 ad
2652 3140 2933 3211 pudorem
2966 3144 3023 3195 et
3053 3140 3124 3194 ad
3175 3140 3444 3193 timorem
3476 3138 3585 3193 hac

1937 3230 2212 3286 facundia
2240 3229 2615 3284 vehementer
2643 3227 2885 3300 impelli.
2923 3227 3169 3283 Proinde
3214 3244 3403 3297 neque
3445 3228 3581 3282 sub-

1936 3322 2187 3377 missum
2220 3337 2409 3391 neque
2439 3319 2962 3391 temperatum,sed
2985 3318 3205 3389 grande
3227 3318 3468 3371 omnino
3485 3333 3583 3388 ge-

1935 3429 2046 3466 nus
2078 3411 2187 3465 hoc
2218 3408 2565 3465 elocutionis
2618 3409 3012 3477 agnoscimus.
3046 3407 3113 3461 Et
3160 3408 3218 3461 in
3252 3407 3343 3461 his
3390 3411 3579 3461 autem

1935 3516 2080 3570 quos
2111 3501 2259 3553 duos
2296 3515 2364 3551 ex
2393 3497 2671 3553 omnibus
2703 3512 3026 3568 proponere
3067 3495 3242 3561 volui,
3276 3501 3334 3550 et
3366 3496 3421 3549 in
3455 3495 3584 3549 aliis

1934 3588 2347 3645 ecclesiasticis
2370 3586 2510 3640 viris
2543 3592 2600 3640 et
2631 3587 2803 3654 bona,
2828 3593 2883 3640 et
2914 3586 3080 3652 bene,
3101 3585 3157 3638 id
3192 3592 3278 3639 est
3309 3584 3462 3639 sicut
3494 3601 3583 3638 res

1935 3678 2212 3751 postulat,
2239 3680 2426 3741 acute,
2450 3679 2652 3729 ornate
2683 3676 3070 3743 ardenterque
3100 3673 3451 3737 dicentibus,
3485 3689 3588 3743 per

1935 3767 2120 3822 multa
2135 3783 2336 3821 eorum
2351 3766 2572 3835 scripta
2586 3763 2671 3818 vel
2691 3763 2844 3817 dicta
2860 3768 3106 3833 possunt
3120 3762 3238 3816 haec
3251 3761 3588 3833 triagenera

1934 3856 2197 3929 reperiri,
2225 3860 2280 3909 et
2306 3854 2548 3908 assidua
2580 3852 2825 3907 lectione
2856 3851 2942 3905 vel
2975 3851 3292 3915 auditione,
3326 3849 3587 3905 admixta

1933 3947 2108 4002 etiam
2143 3941 2964 4011 exercitatione,studentibus
2994 3939 3332 3995 inolescere.

1933 4034 2165 4092 CAPUT
2194 4034 2365 4088 XXII.
2394 4032 2660 4087 Omnibus
2683 4031 2971 4101 generibus
3000 4030 3167 4085 dictio
3198 4028 3465 4085 varianda
3487 4036 3583 4085 est.

2001 4125 2213 4179 5LNec
2237 4122 2549 4193 quisquam
2584 4126 2792 4191 praeter
2822 4120 3195 4191 disciplinam
3230 4135 3358 4174 esse
3388 4119 3586 4174 existi-

1935 4219 2054 4271 met
2083 4214 2165 4268 ita
2187 4213 2431 4267 miscere
2458 4229 2469 4265 :
2497 4212 2614 4264 imo
2639 4213 2925 4281 quantum
2949 4223 3206 4281 congrue
3229 4207 3351 4262 ﬁeri
3376 4212 3587 4279 potest,

1933 4305 2209 4361 omnibus
2241 4301 2555 4373 generibus
2584 4298 2759 4353 dictio
2784 4298 3062 4352 varianda
3094 4302 3202 4352 est.
3235 4296 3378 4351 Nam
3402 4313 3587 4367 quan-

1935 4396 2006 4450 do
2040 4394 2261 4465 prolixa
2278 4397 2367 4445 est
2390 4391 2445 4443 in
2472 4406 2586 4443 uno
2606 4404 2838 4461 genere,
2873 4388 3070 4442 minus
3101 4387 3325 4442 detinet
3353 4386 3587 4441 audito-

1937 4502 2080 4541 rem.
2106 4483 2249 4537 Cum
2284 4496 2416 4533 vero
2451 4479 2514 4532 fit
2538 4478 2596 4532 in
2623 4477 2777 4531 aliud
2805 4478 2877 4532 ab
2910 4476 3022 4531 alio
3046 4476 3353 4545 transitus,
3379 4476 3585 4531 etiam-

1936 4576 1985 4631 si
2020 4572 2251 4644 longius
2285 4576 2398 4637 eat,
2432 4566 2737 4623 decentius
2767 4566 3027 4638 procedit
3057 4566 3280 4621 oratio:
3316 4566 3589 4637 quamvis

1936 4664 2190 4718 habeant
2233 4665 2289 4713 et
2321 4656 2555 4729 singula
2601 4672 2813 4728 genera
2841 4657 3150 4711 varietates
3200 4672 3342 4710 suas
3374 4655 3432 4709 in
3465 4671 3591 4709 ser—

1936 4768 2108 4808 mone
2138 4746 2562 4820 eioquentium,
2593 4747 2805 4817 quibus
2838 4762 2953 4801 non
2986 4744 3265 4801 sinuntur
3293 4745 3351 4799 in
3387 4760 3589 4799 eorum

1936 4844 2034 4914 qui
2069 4840 2335 4894 audiunt.
2376 4837 2682 4909 frigescere
2713 4834 2796 4890 vel
2831 4840 3124 4906 tepescere
3156 4834 3449 4889 sensibus.
3481 4832 3589 4887 Ve-

1938 4938 2270 4987 rumtamen
2298 4925 2529 4981 facilius
2564 4924 2932 4980 submissum
2966 4922 3365 4993 solum,quam
3396 4921 3587 4977 solum

1938 5020 2158 5093 grande
2191 5017 2416 5071 diutius
2452 5014 2687 5070 tolerari
2743 5019 2953 5085 potest.
3004 5012 3331 5069 Commotio
3377 5011 3592 5081 quippe

1939 5109 2118 5167 animi
2153 5112 2372 5178 quanto
2408 5106 2594 5175 magis
2618 5104 2921 5159 excitanda
2953 5108 3060 5171 est,
3096 5107 3159 5157 ut
3189 5100 3358 5155 nobis
3391 5116 3593 5155 assen-

1937 5200 2119 5255 tiatur
2138 5196 2393 5258 auditor,
2418 5198 2580 5248 tanto
2608 5193 2805 5247 minus
2837 5191 2894 5245 in
2928 5208 2996 5246 ea
3025 5191 3125 5245 diu
3160 5190 3343 5245 teneri
3377 5192 3589 5261 potest,

1937 5305 2071 5347 cum
2107 5286 2282 5341 fuerit
2311 5288 2599 5356 quantum
2624 5282 2767 5337 satis
2817 5286 2906 5335 est
2957 5281 3222 5335 excitata.
3248 5283 3316 5333 Et
3344 5279 3473 5333 ideo
3497 5296 3591 5333 ca-

1939 5378 2192 5431 vendum
2226 5378 2338 5437 est,
2374 5390 2445 5427 ne
2476 5372 2616 5425 dum
2648 5370 2919 5425 volumus
2953 5369 3129 5424 altius
3161 5368 3383 5439 erigere
3434 5367 3587 5438 quod

1939 5473 2197 5525 erectum
2224 5468 2332 5529 est,
2366 5462 2539 5516 etiam
2575 5460 2711 5513 inde
2744 5459 2995 5525 decidat,
3025 5474 3140 5528 quo
3165 5458 3352 5512 fuerat
3373 5457 3588 5511 excita-

2007 5562 2019 5593 ί
2068 5554 2204 5603 Editi
2235 5556 2289 5600 et
2318 5551 2439 5598 Mss.
2473 5549 2614 5611 apud
2650 5549 3026 5607 Augustinum,
3059 5550 3106 5595 et
3135 5550 3365 5611 colorum
3393 5544 3591 5611 adulte-

1938 5621 2068 5669 rinis
2098 5608 2849 5673 medicaminumICastigamus
2880 5626 2938 5659 ex
2963 5609 3440 5673 Cypriani.libro.et
3460 5608 3589 5656 colo-

1938 5699 2054 5732 rum
2087 5678 2374 5732 adulteriis,
2407 5679 2455 5723 et
2486 5672 2904 5723 medicaminum.

2005 5748 2025 5781 ί
2056 5747 2131 5793 Ita
2163 5740 2305 5803 apud
2342 5736 2775 5803 AmbrosiumAt
2803 5733 3588 5803 inAugustinlaniscpdicibus

1939 5809 2163 5871 aliquot,
2190 5795 2428 5866 perdere.
2462 5801 2520 5849 In
2565 5799 2698 5859 aliis,
2723 5795 3019 5862 perdiderit,
3047 5803 3155 5856 aut,
3188 5795 3522 5861 pedidenmt.
