4026 6364
131 309 246 369 137

313 440 524 491 CAPUT
563 440 741 491 XVlll.
767 468 824 476 —
863 440 1118 491 Crealurz
1147 456 1306 506 quare
1337 441 1623 492 mutabiles.

196 523 288 577 55.
323 520 438 577 Sed
470 522 619 578 dicis
651 522 823 578 mihi:
850 524 1039 589 Quare
1069 522 1388 579 deficiunt?
1419 523 1566 588 Quia
1598 526 1785 579 muta-

128 610 274 668 bilia
304 617 471 669 sunt.
503 611 689 677 Quare
722 612 1029 669 mutabilia
1043 615 1221 669 sunt?
1248 611 1394 676 Quia
1422 630 1536 668 non
1561 627 1792 668 summe

130 707 291 759 sunt.
316 704 507 769 Quare
524 719 642 758 non
663 719 895 760 summe
908 703 1088 759 sunt?
1105 702 1695 767 Quiainferiorasunt
1725 718 1792 756 eo

134 810 163 849 ιι
198 809 312 865 quo
346 792 502 849 facta
555 796 712 848 sunt.
737 792 879 860 Quis
927 810 992 850 ea
1026 793 1206 849 fecit?
1253 792 1359 856 Qui
1398 808 1628 847 summe
1685 796 1793 847 est.

136 883 277 948 Quis
300 882 396 938 hic
427 884 555 939 est?
584 883 737 939 Deus
776 881 1282 939 incommutabilis
1333 882 1615 952 Trinitas,
1651 898 1794 953 quo-

138 972 295 1029 niam
316 978 375 1029 et
395 990 501 1046 per
524 990 820 1029 summam
851 973 1209 1046 Sapientiam
1235 990 1301 1028 ea
1325 972 1542 1039 fecit,et
1563 988 1799 1028 summa

142 1063 845 1135 benignitateconservat.
879 1067 995 1118 Cur
1025 1080 1093 1120 ea
1123 1062 1256 1118 fecit
1276 1062 1303 1116 ‘?
1336 1061 1407 1117 Ut
1436 1066 1654 1117 essent.
1704 1062 1799 1133 Ip-

145 1170 279 1209 sum
312 1153 468 1208 enim
500 1158 1044 1227 quantumcumque
1066 1168 1214 1223 esse,
1249 1152 1468 1207 bonum
1500 1156 1619 1207 est:
1664 1149 1802 1223 quia

145 1259 453 1299 summum
483 1244 707 1299 bonum
732 1247 821 1299 est
853 1259 1085 1299 summe
1116 1258 1266 1298 esse.
1314 1241 1477 1296 Unde
1510 1241 1690 1296 fecit?
1722 1242 1800 1295 Ex

146 1331 648 1399 nihilo.Quoniam
684 1332 968 1406 quidquid
990 1330 1465 1404 est,quantulacu
1478 1347 1653 1403 mque
1674 1346 1803 1403 spe-

144 1424 232 1482 cie
250 1424 325 1479 sit
346 1440 584 1482 necesse
600 1429 688 1481 est
711 1428 726 1461 ¹
754 1441 767 1491 ;
794 1425 875 1479 ita
892 1423 1001 1479 etsi
1029 1421 1335 1478 minimum
1352 1422 1801 1489 bonum,tamen

143 1520 367 1575 bonum
399 1517 531 1583 erit,
558 1521 615 1571 et
645 1531 713 1570 ex
741 1514 857 1571 Deo
888 1513 1017 1569 erit.
1052 1516 1198 1567 Nam
1230 1512 1509 1583 quoniam
1567 1526 1803 1565 summa

144 1610 371 1681 species
402 1621 706 1663 summum
738 1604 958 1659 bonum
990 1606 1079 1659 est
1112 1646 1127 1668 ,
1152 1601 1398 1657 minima
1422 1600 1646 1668 species
1686 1599 1801 1653 mi-

146 1700 376 1755 nimum
402 1697 625 1752 bonum
651 1698 758 1750 est.
779 1691 962 1749 Omne
984 1696 1179 1747 autem
1216 1692 1457 1754 bonum,
1492 1695 1593 1745 aut
1626 1689 1804 1755 Deus,

148 1792 253 1843 aut
281 1804 351 1843 ex
379 1787 497 1842 Deo
528 1789 636 1841 est.
666 1787 813 1855 Ergo
840 1799 909 1839 cx
941 1786 1053 1837 Dco
1079 1780 1359 1836 estetiam
1397 1778 1649 1835 minima‘
1671 1795 1802 1851 spe-

148 1879 288 1933 cies.
323 1878 475 1934 Sane
507 1874 663 1947 quod
702 1875 774 1929 de
830 1871 1051 1944 specie,
1104 1871 1211 1926 hoc
1271 1870 1445 1925 etiam
1498 1869 1566 1923 de
1617 1869 1805 1923 forma

146 1967 261 2024 dici
280 1971 485 2039 potest.
512 1965 708 2036 Neque
721 1962 875 2019 enim
899 1964 1115 2017 frustra
1139 1966 1259 2016 tam
1277 1958 1801 2032 speciosissimum,

147 2074 323 2129 quam
356 2057 535 2112 etiam
577 2052 1077 2110 formosissimum
1121 2051 1177 2105 in
1212 2050 1384 2105 laude
1428 2050 1682 2118 ponitur.
1746 2048 1802 2102 Id

147 2164 285 2220 ergo
326 2152 433 2212 est,
468 2144 625 2201 unde
654 2142 789 2199 fecit
818 2143 972 2199 Deus
995 2140 1213 2205 omnia,
1249 2140 1401 2210 quod
1426 2138 1647 2194 nullam
1682 2155 1807 2210 spes

148 2239 298 2293 ciem
330 2237 526 2304 habet,
570 2232 915 2305 nullamque
946 2232 1232 2296 formam;
1292 2231 1447 2301 quod
1510 2228 1653 2283 nihil
1716 2232 1805 2283 est

149 2328 311 2384 aliud
345 2342 524 2399 quam
557 2322 725 2379 nihil.
759 2323 903 2378 Nam
935 2320 1080 2377 illud
1098 2322 1253 2393 quod
1278 2320 1334 2375 in
1368 2319 1805 2391 comparatione

148 2418 545 2490 perfectorum
578 2414 826 2470 informe
857 2411 1093 2481 dicitur,
1129 2411 1176 2466 si
1210 2410 1385 2465 habet
1414 2409 1635 2481 aliquid
1693 2411 1807 2464 for-

151 2525 282 2575 mae,
316 2505 585 2578 quamvis
615 2503 911 2575 exiguum,
944 2501 1213 2574 quamvis
1258 2500 1621 2585 inchoatum,
1658 2516 1807 2554 non-

150 2600 295 2653 dum
328 2605 416 2652 est
444 2593 613 2660 nihil,
646 2610 711 2649 ac
743 2610 844 2665 per
874 2593 981 2647 hoc
1032 2592 1087 2647 id
1123 2607 1356 2664 quoque
1406 2591 1464 2645 in
1517 2588 1806 2662 quantum

155 2693 269 2757 est,
302 2704 416 2742 non
449 2690 538 2741 est
566 2683 682 2739 nisi
713 2700 781 2738 ex
813 2682 948 2738 Deo.

230 2779 319 2833 36.
340 2777 703 2847 Quapropter
723 2774 899 2829 etiam
918 2772 969 2828 si
1000 2773 1070 2828 de
1088 2770 1532 2843 aliquainformi
1566 2769 1812 2825 materia

157 2870 349 2924 factus
379 2864 757 2931 estmundus,
792 2863 912 2917 haec
935 2862 1063 2934 ipsa
1086 2862 1336 2917 factaest
1367 2859 1605 2915 omnino
1637 2860 1707 2914 de
1727 2859 1810 2913 ni-

160 2958 303 3014 hilo.
322 2956 469 3012 Nam
494 2954 728 3026 etquod
748 2953 1008 3008 nondum
1028 2952 1343 3006 formatum
1359 2955 1469 3016 est,
1492 2954 1687 3005 tamen
1702 2948 1805 3004 ali-

160 3065 279 3120 quo
312 3046 484 3101 modo
516 3049 581 3099 ut
611 3043 847 3098 formari
880 3042 1065 3114 possit
1096 3041 1433 3096 inchoatum
1465 3043 1575 3109 est,
1611 3038 1811 3094 Delbe-

160 3139 372 3195 neficio
402 3132 708 3191 formabile
739 3138 860 3188 est:
897 3134 1116 3188 bonum
1149 3135 1236 3187 est
1253 3132 1409 3187 enim
1442 3148 1569 3187 esse
1602 3130 1812 3185 forma-

157 3231 308 3281 tum.
342 3221 702 3280 Nonnullum
735 3237 870 3293 ergo
902 3222 1121 3276 bonum
1158 3225 1248 3276 est
1270 3223 1326 3275 et
1370 3218 1664 3290 capacitas
1698 3218 1811 3273 for-

158 3333 308 3383 mae;
344 3325 402 3369 et
430 3314 559 3368 ideo
589 3313 872 3367 bonorum
906 3311 1169 3366 omnium
1206 3314 1429 3379 auctor,
1464 3308 1565 3380 qui
1588 3307 1811 3381 praesti-

158 3406 229 3459 tit
253 3401 664 3472 formam,ipse
694 3400 829 3455 fecit
846 3400 1021 3454 etiam
1056 3415 1230 3471 posse
1245 3397 1502 3453 formari.
1524 3398 1611 3454 lta
1640 3415 1813 3453 omne

158 3493 318 3567 quod
350 3496 460 3562 est,
491 3490 551 3545 in
585 3494 870 3562 quantum
902 3493 992 3545 est
1024 3514 1038 3555 ;
1071 3492 1127 3543 et
1156 3504 1329 3544 omne
1360 3487 1515 3558 quod
1552 3488 1811 3542 nondum

157 3589 269 3653 est,
302 3583 363 3637 in
396 3584 681 3651 quantum
709 3595 836 3634 esse
868 3582 1083 3651 potest,
1138 3595 1205 3633 ex
1237 3577 1352 3633 Deo
1406 3577 1601 3632 habet.
1651 3578 1813 3642 Quod

160 3675 275 3729 alio
303 3671 478 3727 modo
514 3671 599 3726 sic
629 3668 844 3724 dicitur
877 3685 889 3723 :
924 3667 1107 3723 Omne
1139 3667 1480 3733 formatum,
1510 3666 1569 3722 in
1629 3685 1813 3738 quan-

160 3770 289 3818 tum
314 3764 633 3817 formatum
658 3762 749 3815 est
777 3776 791 3826 ;
823 3762 880 3813 et
911 3774 1084 3813 omne
1115 3757 1272 3828 quod
1308 3757 1567 3811 nondum
1602 3758 1815 3812 forma-

162 3858 292 3907 tum
325 3855 434 3921 est,
469 3849 525 3903 in
559 3852 846 3921 quantum
882 3846 1120 3901 formari
1154 3850 1438 3919 potest,ex
1471 3851 1581 3901 Deo
1619 3846 1813 3901 habet.

168 3939 343 3997 Nulla
369 3944 563 3994 autem
597 3954 689 3993 res
727 3936 951 3992 obtinet
990 3936 1385 4009 integritatem
1419 3942 1643 3991 natura:
1674 3953 1815 4004 suae,

166 4030 283 4087 nisi
309 4029 368 4085 in
391 4046 499 4084 suo
529 4044 740 4100 genere
771 4026 930 4081 salva
961 4026 1055 4081 sit.
1088 4026 1251 4081 Abeo
1283 4031 1478 4080 autem
1512 4030 1601 4081 est
1628 4025 1819 4082 omnis

168 4122 353 4185 salus,
388 4137 422 4176 a
459 4136 575 4192 quo
608 4123 696 4175 est
720 4135 893 4173 omne
935 4118 1193 4185 bonum;
1250 4121 1309 4172 at
1366 4134 1538 4173 omne
1596 4118 1816 4173 bonum

166 4231 235 4269 ex
270 4218 418 4268 Deo:
445 4211 607 4267 salus
640 4210 821 4283 igitur
850 4209 1044 4265 omnis
1071 4226 1139 4265 ex
1170 4209 1308 4265 Deo.

163 4320 397 4379 CAPUT
425 4319 565 4376 XIX.
602 4320 833 4374 —Bona
861 4318 1110 4383 sunt,sed
1141 4334 1250 4374 non
1280 4335 1496 4374 summa
1531 4318 1821 4391 bona,quae

753 4392 947 4446 vitiari
972 4400 1214 4463 possunt.

234 4485 326 4539 31.
362 4482 506 4538 Hinc
527 4483 655 4554 jam
686 4481 779 4537 cui
810 4480 960 4536 oculi
996 4481 1211 4548 mentis
1244 4484 1460 4553 patent,
1494 4498 1598 4537 nec
1631 4482 1823 4553 perni-

164 4575 325 4629 cioso
358 4573 551 4627 studio
567 4588 726 4625 vanae
756 4570 1008 4625 victorias
1022 4569 1277 4642 caligant
1294 4574 1468 4641 atque
1490 4570 1826 4641 turbantur,

169 4662 340 4718 facile
370 4659 662 4732 intelligit,
697 4658 895 4714 omnia
925 4675 1052 4730 quis
1084 4659 1362 4714 vitiantur
1385 4663 1442 4714 et
1474 4662 1822 4729 moriuntur,

170 4752 325 4805 bona
354 4765 504 4815 esse,
541 4764 883 4820 quanquam
915 4747 1109 4819 ipsum
1135 4748 1368 4814 vitium,
1399 4753 1455 4804 et
1485 4750 1613 4820 ipsa
1647 4766 1824 4817 mors,

174 4838 396 4894 malum
432 4836 657 4893 sit.Nisi
689 4836 846 4892 enim
878 4835 1068 4892 salute
1098 4835 1297 4909 aliqua
1316 4836 1827 4908 privarentur,non

172 4928 258 4983 eis
287 4934 517 4982 noceret
546 4926 754 4981 vitium
786 4925 872 4982 vel
898 4942 1090 4982 mors:
1126 4928 1227 4983 sed
1261 4928 1310 4983 si
1344 4944 1459 4983 non
1493 4934 1726 4984 noceret
1756 4928 1833 4983 vi-

176 5018 351 5087 tium,
385 5015 547 5071 nullo
582 5016 754 5071 modo
785 5020 942 5072 esset
971 5016 1198 5072 vitium.
1231 5018 1290 5072 Si
1320 5034 1456 5090 ergo
1493 5017 1670 5073 saluti
1729 5020 1827 5074 ad-

175 5111 446 5162 versatur
462 5104 757 5169 vitium,et
785 5103 948 5160 nullo
980 5106 1288 5162 dubitante
1313 5106 1475 5163 salus
1490 5107 1706 5162 bonum
1721 5113 1829 5175 est;

176 5197 332 5251 bona
361 5193 561 5249 omnia
584 5198 746 5259 sunt,
779 5195 998 5265 quibus
1029 5196 1374 5251 adversatur
1404 5196 1610 5252 vitium
1637 5216 1649 5265 ;
1698 5198 1834 5269 qui-

178 5286 286 5340 bus
318 5288 516 5339 autem
557 5283 1141 5353 adversaturvitium,
1175 5285 1304 5357 ipsa
1324 5287 1637 5342 vitiantur:
1684 5288 1837 5343 bona

177 5380 317 5431 sunt
348 5390 484 5447 ergo
542 5390 667 5445 qua)
700 5372 1025 5443 vitiantur;
1057 5376 1160 5431 sed
1195 5376 1325 5432 ideo
1356 5376 1660 5443 vitiantur,
1697 5378 1837 5450 quia

178 5481 289 5520 non
312 5480 551 5519 summa
574 5464 725 5519 bona
762 5469 903 5520 sunt
934 5465 1085 5529 Quia
1116 5465 1297 5537 igitur
1342 5467 1499 5522 bona
1550 5473 1709 5537 sunt,
1768 5486 1837 5524 ex

177 5554 289 5610 Deo
321 5558 501 5609 sunt:
535 5552 675 5625 quia
726 5570 840 5609 non
879 5571 1103 5610 summa
1130 5556 1282 5611 bona
1326 5562 1490 5627 sunt,
1523 5575 1637 5613 non
1698 5563 1839 5614 sunt

176 5644 586 5701 Deus.Bonum
617 5659 753 5716 ergo
787 5644 941 5715 quod
972 5644 1165 5701 vitiari
1186 5661 1303 5701 non
1319 5652 1532 5718 potest,
1556 5652 1707 5704 Deus
1725 5655 1835 5705 est.

242 5755 259 5789 ι
291 5752 417 5826 δέρε.
450 5756 674 5826 septem,
704 5750 1175 5819 quantulacumque
1199 5755 1390 5820 species
1416 5754 1489 5808 sit
1515 5771 1714 5810 necesse
1743 5762 1836 5824 est,

182 5819 277 5868 etc.
307 5815 417 5867 Nec
446 5815 628 5867 minus
656 5815 812 5867 bene.

469 5936 734 5999 Panos.
776 5932 1057 6001 XXXIV.

1594 312 1825 372 LIBER
1871 312 2105 373 UNUS.

3439 313 3551 374 I38

1891 444 2111 503 Catera
2130 448 2325 501 autem
2342 446 2541 501 omnia
2575 445 2729 500 bona
2765 460 2832 499 ex
2890 442 3017 515 ipso
3050 446 3212 514 sunt,
3257 459 3387 514 quas
3449 460 3551 516 per

1897 539 2092 609 seipsa
2122 539 2372 607 possunt
2402 533 2612 599 vitiari,
2647 532 2784 604 quia
2821 548 2924 603 per
2961 531 3159 603 seipsa
3188 530 3335 585 nihil
3376 536 3548 588 sunt:

1898 646 2000 701 per
2029 628 2225 699 ipsum
2249 629 2443 680 autem
2479 622 2689 695 partim
2714 639 2829 678 non
2858 621 3156 691 vitiantur,
3191 620 3405 694 partim
3460 620 3552 676 vi-

1899 721 2040 775 tiata
2064 720 2349 773 sanantur
2376 718 2413 765 ¹.

2158 804 2386 859 CAPUT
2419 802 2527 859 XX.
2562 834 2631 844 —
2666 802 2810 859 Unde
2839 804 3049 860 anim
3078 803 3293 858 vitium.

1970 897 2061 951 38.
2095 896 2196 950 Est
2227 902 2421 950 autem
2454 893 2660 947 vitium
2697 892 2954 965 primum
2987 892 3195 947 anima:
3226 891 3555 961 rationalis,

1903 986 2173 1043 voluntas
2203 1001 2271 1040 ea
2286 981 2674 1052 faciendiquze
2696 986 2851 1037 vetat
2872 998 3108 1036 summa
3125 988 3179 1036 et
3200 981 3561 1038 intimaveri-

1908 1081 2109 1134 tas.lta
2139 1074 2313 1130 homo
2344 1074 2415 1127 de
2446 1071 2718 1143 paradiso
2743 1072 2800 1126 in
2836 1070 2941 1126 hoc
2969 1070 3250 1127 saeculum
3282 1072 3561 1144 expulsus

1906 1172 2016 1236 est,
2051 1167 2107 1221 id
2139 1170 2228 1221 est
2258 1164 2329 1219 ab
2364 1162 2598 1218 (sternis
2629 1162 2700 1217 ad
2736 1160 3100 1233 temporalia,
3132 1179 3165 1216 a
3204 1161 3457 1233 copiosis
3489 1162 3561 1218 ad

1905 1276 2108 1331 egena,
2130 1274 2162 1313 a
2186 1254 2457 1311 firmitate
2481 1253 2551 1309 ad
2576 1253 2813 1307 inﬁrma
2836 1270 2848 1308 :
2877 1269 2989 1307 non
3014 1268 3149 1323 ergo
3181 1269 3213 1307 a
3240 1252 3390 1307 bono
3421 1252 3562 1307 sub-

1904 1345 2162 1403 stantiali
2178 1346 2247 1401 ad
2266 1344 2413 1399 malu
2426 1360 2474 1396 m
2494 1360 2559 1398 su
2570 1339 3048 1412 bstantialc,quia
3061 1339 3220 1395 nulla
3233 1340 3563 1397 substantia

1909 1436 2129 1494 malum
2156 1440 2279 1502 est;
2304 1435 2404 1489 sed
2429 1451 2461 1487 a
2480 1433 2630 1487 bono
2654 1437 2866 1487 aeterno
2889 1432 2959 1486 ad
2979 1434 3200 1486 bonum
3222 1431 3561 1503 temporale,

1908 1546 1940 1584 a
1970 1528 2121 1583 bono
2144 1522 2436 1597 spirituali
2458 1523 2528 1577 ad
2552 1523 2772 1576 bonum
2798 1520 3091 1588 carnale,a
3114 1521 3264 1576 bono
3287 1519 3565 1592 intelligi-

1912 1618 2008 1673 bili
2040 1617 2111 1672 ad
2136 1616 2355 1670 bonum
2388 1611 2724 1680 sensibile,a
2744 1611 2891 1665 bono
2907 1611 3225 1666 summoad
3241 1610 3565 1665 bonumin-

1912 1709 2140 1763 fimum.
2175 1710 2271 1759 Est
2302 1704 2480 1776 igitur
2513 1702 2807 1773 quoddam
2834 1702 3076 1769 bonum,
3101 1700 3256 1771 quod
3290 1701 3338 1756 si
3372 1700 3567 1773 diligit

1909 1797 2107 1853 anima
2136 1793 2673 1864 rationalis,peccat
2697 1790 2856 1861 ;quia
2876 1790 3028 1845 infra
3048 1788 3205 1845 illam
3224 1790 3564 1846 ordinatum

1909 1893 2025 1943 est:
2051 1902 2231 1958 quare
2263 1884 2460 1955 ipsum
2487 1884 2790 1953 peccatum
2822 1878 3045 1935 malum
3064 1883 3295 1947 est,non
3327 1895 3394 1935 ea
3423 1881 3563 1935 sub-

1910 1979 2131 2035 stantia
2161 1993 2286 2047 quaa
2322 1973 2614 2045 peccando
2650 1969 3068 2041 diligitur.Non
3100 1986 3237 2041 ergo
3268 1970 3438 2025 arbor
3467 1969 3569 2025 illa

1912 2068 2066 2124 malu
2080 2084 2131 2121 m
2153 2070 2395 2135 est,quaa
2420 2062 2476 2116 in
2493 2060 2684 2116 medio
2698 2059 2972 2132 paradiso
2988 2057 3246 2131 plantata
3268 2060 3565 2127 scribitur,

1911 2157 2009 2213 sed
2028 2154 2207 2211 divini
2224 2150 2489 2224 prazcepti
2507 2148 3057 2219 transgressioﬂua:
3073 2162 3205 2203 cum
3221 2163 3573 2218 consequen.

1914 2252 2029 2301 tem
2053 2244 2229 2299 habet
2246 2244 2469 2311 justam
2490 2236 3249 2308 damnationem,contingit
3270 2253 3339 2292 ex
3360 2237 3461 2291 illa
3475 2253 3567 2291 ar-

1914 2337 2205 2404 bore,quuc
2229 2334 2432 2386 contra
2458 2327 2699 2382 vetitum
2728 2327 2878 2383 facta
2896 2324 3569 2397 est,dignoscentiaboni

1914 2430 1971 2479 et
1984 2422 2121 2478 mali
2142 2420 2297 2491 ;quia
2312 2435 2443 2474 cum
2460 2434 2566 2473 suo
2593 2422 2826 2489 peccato
2840 2415 3040 2470 anima
3063 2414 3569 2487 fueritimplicata,

1914 2514 2127 2570 luendo
2152 2508 2565 2584 pmnas,discit
2592 2507 2730 2580 quid
2766 2506 2999 2562 intersit
3027 2504 3181 2561 inter
3213 2510 3566 2577 preaceptum

1916 2605 2071 2677 quod
2105 2602 2399 2659 custodire
2433 2598 2641 2665 noluit,
2666 2602 2723 2653 et
2753 2600 3057 2669 peccatum
3090 2596 3243 2666 quod
3275 2596 3445 2663 fecit;
3479 2600 3569 2651 at-

1915 2714 2028 2769 que
2060 2696 2168 2752 hoc
2192 2694 2362 2750 modo
2385 2690 2791 2762 malum,quod
2815 2689 3070 2745 cavendo
3093 2704 3206 2743 non
3226 2687 3571 2754 didicit,dis-

1915 2788 1993 2842 cit
2024 2784 2368 2849 sentiendo;
2402 2786 2457 2837 ct
2489 2782 2708 2836 bonum
2730 2778 2882 2850 quod
2917 2795 3031 2833 non
3062 2778 3523 2849 obtemperando
3544 2778 3567 2812 ²

1917 2877 2111 2932 minus
2142 2872 2443 2944 diligebat,
2477 2870 2783 2926 ardentius
2818 2868 3013 2941 diligit
3042 2868 3458 2939 comparando.

1987 2968 2075 3021 39.
2106 2964 2326 3019 Vitium
2344 2978 2477 3031 ergo
2501 2959 2709 3016 animas
2730 2958 2990 3029 estquod
3012 2958 3229 3028 fecit,et
3250 2957 3570 3017 difﬁcultas

1915 3076 1983 3115 ex
2009 3056 2147 3112 vitio
2171 3070 2339 3126 pmna
2359 3057 2447 3107 est
2464 3066 2637 3122 quam
2660 3046 3105 3120 patitur;ethoc
3122 3051 3212 3103 est
3237 3051 3421 3103 totum
3441 3065 3568 3104 ma-

1916 3150 2063 3205 lum.
2092 3147 2299 3201 Facere
2322 3146 2517 3197 autem
2540 3144 2595 3195 et
2619 3138 2739 3211 pati
2772 3155 2886 3194 non
2910 3142 2999 3194 est
3020 3137 3352 3193 substantia
3384 3154 3568 3211 :qua-

1917 3243 2154 3313 propter
2178 3232 2512 3290 substantia
2533 3246 2647 3285 non
2661 3234 2745 3284 est
2762 3226 3105 3283 malum.Sic
3119 3226 3273 3283 enim
3290 3244 3393 3283 nec
3415 3246 3571 3300 aqua

1920 3330 2139 3385 malum
2167 3329 2385 3391 est,nec
2409 3319 2627 3376 animal
2660 3318 2815 3390 quod
2846 3317 2987 3374 vivit
3012 3318 3071 3374 in
3094 3332 3262 3385 aere;
3290 3334 3425 3373 nam
3448 3318 3569 3375 ista

1917 3415 2263 3475 substantiae
2288 3416 2466 3468 sunt:
2492 3410 2592 3465 sed
2614 3407 2835 3463 malum
2859 3412 2949 3463 est
2967 3406 3294 3463 voluntaria
3316 3407 3577 3480 praecipi,

1917 3510 2058 3565 tatio
2090 3506 2148 3561 in
2172 3519 2405 3574 aquam,
2438 3504 2493 3556 et
2522 3498 2830 3555 suﬂ‘ocatio
2861 3514 3039 3569 quam
3068 3514 3295 3553 mersus
3328 3498 3573 3570 patitur.

1917 3598 2096 3654 Stilus
2120 3596 2341 3649 ferreus
2364 3590 2476 3644 alia
2500 3594 2661 3661 parte
2692 3604 2810 3659 qua
2838 3584 3319 3651 scribamus,alia
3348 3604 3465 3658 qua
3485 3588 3580 3643 de-

1918 3682 2389 3753 leamus,aifabre
2422 3680 2611 3735 factus
2642 3681 2819 3743 est,et
2840 3675 2899 3730 in
2934 3692 3040 3731 suo
3068 3692 3279 3747 genere
3312 3676 3578 3747 pulcher,

1921 3783 1978 3835 et
2008 3777 2079 3832 ad
2107 3790 2278 3830 usum
2304 3774 2571 3825 nostrum
2605 3765 3183 3821 accommodatus.At
3207 3763 3256 3819 si
3281 3764 3581 3837 quispiam

1922 3886 1990 3925 ea
2021 3869 2183 3938 parte
2216 3860 2466 3917 scribere
2499 3875 2613 3929 qua
2636 3855 2883 3919 deletur,
2904 3858 2960 3909 et
2982 3871 3049 3909 ea
3078 3852 3216 3909 velit
3245 3853 3440 3910 delere
3466 3871 3584 3926 qua

1922 3955 2219 4019 scribitur,
2254 3948 2411 4005 nullo
2464 3947 2640 4002 modo
2670 3944 2875 3999 stilum
2939 3942 3161 3998 malum
3197 3943 3417 4010 fecerit,
3450 3960 3586 3999 cum

1924 4048 2119 4119 ipsum
2144 4044 2358 4098 factum
2376 4040 2511 4109 jure
2534 4036 2927 4107 vituperetur:
2957 4032 3112 4105 quod
3136 4032 3185 4088 si
3209 4032 3589 4105 corrigat,ubi

1924 4136 2035 4192 erit
2057 4132 2279 4188 malum
2302 4130 2328 4183 ?
2348 4128 2404 4183 Si
2440 4126 2573 4198 quis
2600 4128 2837 4196 repente
2868 4122 3267 4178 meridianum
3291 4121 3473 4178 solem
3498 4123 3591 4178 in-

1924 4204 2512 4291 tueatur,repercuSsi
2536 4213 2689 4270 oculi
2713 4213 3117 4268 turbabuntur
3142 4230 3155 4279 ;
3176 4229 3317 4267 num
3344 4212 3473 4267 ideo
3491 4216 3595 4268 aut

1927 4312 2013 4369 sol
2056 4309 2279 4366 malum
2306 4308 2415 4363 erit
2444 4310 2550 4361 aut
2580 4302 2782 4360 oculi?
2813 4300 2985 4357 Nullo
3018 4301 3235 4369 modo;
3267 4306 3409 4356 sunt
3436 4301 3595 4357 enim

1927 4401 2273 4461 substantias
2296 4416 2307 4454 :
2334 4398 2435 4453 sed
2470 4395 2690 4451 malum
2718 4398 2807 4449 est
2837 4392 3211 4448 inordinatus
3236 4394 3601 4463 aspectus,et

1931 4494 2062 4566 ipsa
2092 4508 2217 4563 quae
2232 4488 2614 4558 consequitur
2637 4482 3036 4555 perturbatio;
3063 4481 3219 4551 quod
3237 4480 3458 4535 malum
3483 4496 3600 4536 non

1930 4583 2199 4652 erit,cum
2232 4576 2385 4634 oculi
2419 4576 2636 4631 fuerint
2669 4572 2996 4637 recreati,et
3025 4570 3218 4626 lucem
3261 4588 3429 4626 suam
3461 4587 3601 4626 con-

1931 4676 2203 4745 gruenter
2228 4666 2579 4739 aspexerint.
2602 4663 2799 4734 Neque
2833 4677 2968 4717 cum
3000 4661 3206 4715 eadem
3233 4658 3335 4715 lux
3368 4677 3495 4732 quas
3530 4658 3603 4714 ad

1933 4760 2133 4817 oculos
2168 4756 2550 4831 pertinet,pro
2582 4752 2711 4807 luce
2743 4749 3046 4821 sapientis:
3078 4766 3205 4820 qua:
3243 4750 3312 4804 ad
3348 4752 3603 4804 mentem

1935 4849 2207 4923 pertinet,
2259 4844 2490 4911 colitur,
2528 4842 2593 4909 ﬁt
2647 4840 2907 4895 malum:
2942 4838 3043 4894 sed
3104 4838 3448 4909 superstitio
3481 4851 3605 4891 ma-

1937 4941 2057 4995 lum
2090 4940 2199 5001 est,
2230 4951 2345 5005 qua
2377 4935 2655 4986 creaturas
2691 4928 2887 4998 potius
2918 4943 3094 4999 quam
3141 4929 3158 4977 (
3186 4924 3397 4981 reatori
3429 4923 3607 4979 servi-

1937 5032 2070 5092 tur;
2106 5024 2259 5096 quod
2296 5020 2516 5076 malum
2552 5017 2793 5073 omnino
2831 5015 3057 5070 nullum
3082 5015 3212 5079 erit,
3245 5029 3378 5069 cum
3412 5011 3611 5069 anima

1938 5115 2234 5189 recognito
2264 5106 2675 5179 Creatoro,ipsi
2715 5105 2815 5161 uni
2850 5121 2912 5161 se
2943 5102 3286 5174 subjecerit,
3318 5107 3378 5159 et
3404 5106 3613 5158 caetera

1938 5223 2039 5280 per
2068 5220 2201 5260 cum
2237 5202 2506 5272 subjecta
2539 5198 2651 5253 sibi
2687 5212 2816 5251 esse
2855 5194 3245 5265 prmsenserit.

2012 5297 2099 5350 40.
2135 5300 2220 5349 Ita
2251 5291 2443 5347 omnis
2478 5304 2755 5359 corporea
2787 5289 3084 5348 creatura,
3120 5283 3167 5337 si
3203 5281 3613 5338 tantummodo

1941 5385 2316 5458 possideatur
2348 5381 2419 5436 ab
2452 5379 2652 5435 anima
2683 5392 2809 5447 qua:
2842 5373 3033 5445 diligit
3057 5373 3493 5441 Deum,bonum
3520 5371 3615 5427 est

1942 5475 2303 5543 inﬁmum,et
2321 5472 2378 5526 in
2400 5484 2609 5541 genere
2633 5483 2740 5523 suo
2757 5463 3071 5538 pulchrum
3094 5480 3107 5518 :
3128 5462 3409 5535 quoniam
3426 5462 3618 5518 forma

2021 5637 2033 5669 '
2064 5637 2122 5685 In
2156 5631 2492 5683 Cisterciensi
2526 5630 2619 5679 Ms.
2670 5627 2900 5677 habetur
2928 5639 2939 5673 :
2974 5624 3169 5673 Partim
3219 5638 3319 5673 non
3350 5623 3617 5681 vitiantur,

1948 5702 2003 5749 ut
2028 5698 2254 5761 Angeli;
2281 5693 2479 5761 partiri}
2512 5691 2704 5761 vitiat}:
2734 5692 3009 5761 sumatur,
3043 5693 3097 5737 ut
3132 5686 3382 5761 homines:

2010 5744 2488 5817 (Maiorianum,
2538 5754 2679 5821 quod
2728 5752 2787 5805 in
2852 5744 3266 5817 obtemperando.
3320 5750 3436 5810 Alii,
3484 5744 3623 5813 quod

1957 5824 2325 5891 obtemperam.

3294 5931 3333 5994 5
