4026 6368
138 370 242 432 Ml

137 507 279 561 catis
312 506 440 562 suis
474 506 691 563 misera
721 504 817 575 sit,
850 514 946 562 aut
978 510 1132 563 recte
1164 506 1334 563 factis
1367 508 1563 574 beata;
1597 505 1792 561 omnis

139 600 334 650 autem
366 595 727 651 irrationalis
751 600 853 651 aut
884 596 1051 651 cedat
1082 596 1416 668 potentiori,
1453 600 1552 650 aut
1594 597 1797 665 pareat

140 684 501 751 meliori,aut
516 689 887 757 comparetur
906 684 1249 756 aequali,aut
1271 686 1615 739 certantem‘
1633 698 1794 737 exer-

140 776 263 826 ceat
287 774 327 840 ί,
353 777 458 827 aut
489 773 765 828 damnato
798 778 1039 827 noceat:
1076 778 1133 827 et
1172 788 1346 827 omne
1406 787 1619 842 corpus
1677 785 1796 823 suae

141 861 350 915 animae
373 862 609 931 serviat,
632 867 917 933 quantum
944 878 1044 932 pro
1068 863 1199 931 ejus
1222 860 1470 926 meritis,
1505 865 1561 914 et
1579 875 1682 929 pro
1705 873 1793 912 re-

140 968 268 1006 rum
293 952 498 1007 ordine
515 953 760 1008 sinitur:
787 952 1017 1007 nullum
1043 952 1264 1007 malum
1292 957 1382 1006 est
1404 954 1623 1005 natura;
1668 949 1797 1002 uni-

140 1056 339 1105 versas,
372 1042 473 1096 sed
506 1058 615 1097 sua
642 1043 855 1113 cuique
885 1040 1059 1113 culpa
1088 1041 1154 1094 ﬁt
1184 1040 1428 1095 malum.
1451 1038 1625 1093 Porro
1661 1052 1795 1091 cum

140 1130 336 1185 anima
360 1148 461 1203 per
508 1132 602 1186 Dei
636 1131 883 1203 gratiam
913 1135 1269 1202 regenerata,
1305 1134 1361 1183 et
1393 1132 1448 1182 in
1500 1128 1795 1197 integrum

138 1219 493 1287 restituta,et
513 1220 597 1275 illi
619 1222 855 1277 subdita
872 1221 970 1276 uni
986 1238 1018 1275 a
1035 1236 1152 1292 quo
1165 1225 1253 1274 est
1270 1224 1483 1283 creata,
1509 1218 1799 1271 instaura-

142 1314 198 1363 to
220 1310 395 1365 etiam
418 1327 658 1383 corpore
678 1312 738 1367 in
765 1311 1072 1384 pristinam
1111 1310 1472 1374 firmitatem,
1506 1323 1619 1362 non
1662 1322 1794 1361 cum

142 1399 361 1455 mundo
383 1401 690 1472 possideri,
715 1402 816 1457 sed
868 1401 1155 1455 mundum
1206 1399 1504 1471 possidere
1536 1396 1795 1468 cmperit,

143 1486 373 1543 nullum
400 1490 451 1544 ei
473 1489 693 1545 malum
718 1490 860 1546 erit:
886 1490 1025 1561 quia
1054 1490 1169 1545 ista
1190 1489 1396 1543 intima
1418 1485 1794 1559 pulchritudo

142 1577 554 1648 temporalium
576 1578 1077 1647 vicissitudinum,
1101 1594 1227 1649 quae
1250 1594 1385 1632 cum
1405 1577 1533 1646 ipsa
1560 1589 1792 1646 perage-

145 1666 450 1731 batur,sub
471 1667 602 1740 ipsa
640 1677 981 1740 peragetur;
1024 1674 1079 1723 et
1119 1668 1247 1733 erit,
1282 1672 1346 1721 ut
1367 1666 1652 1738 scriptum
1684 1669 1794 1727 est,

145 1781 170 1805 α
205 1758 423 1814 Caelum
446 1776 661 1815 novum
684 1765 742 1815 et
760 1765 913 1816 terra
934 1776 1081 1815 nova
1104 1782 1131 1808 »
1153 1760 1305 1830 (Isai.
1333 1759 1608 1822 va,l7,et
1630 1758 1788 1827 Apoc.

144 1864 256 1910 χχι,
280 1849 352 1915 l),
378 1850 576 1905 nonin
600 1854 759 1921 parte
777 1849 1181 1905 laborantibus
1203 1847 1548 1915 animis,sed
1573 1846 1632 1901 in
1657 1846 1792 1900 uni-

142 1939 411 1993 versitate
434 1941 833 2012 regnantibus.
858 1963 884 1989 «
910 1940 1119 1995 Omnia
1143 1962 1169 1988 ›)
1188 1941 1343 1995 enim
1370 1962 1397 1987 ‹‹
1422 1942 1630 2005 vestra,
1660 1957 1686 1983 »
1710 1935 1795 1989 in-

146 2030 269 2097 quit
290 2029 629 2099 Apostolus,
654 2053 681 2079 ι‹
706 2047 807 2085 vos
829 2036 1023 2085 autem
1045 2030 1285 2095 Christi,
1309 2028 1574 2084 Christus
1595 2030 1790 2080 autem

148 2117 241 2170 Dei
267 2138 295 2165 »ι
318 2117 505 2188 (ICor.
533 2136 616 2187 in,
638 2120 767 2189 22):
805 2124 882 2183 et,
917 2143 944 2169 ‹‹
972 2124 1157 2191 Caput
1187 2117 1453 2173 mulieris
1483 2117 1587 2183 vir,
1613 2119 1791 2185 caput

144 2206 248 2259 viri
274 2206 581 2275 Christus;
610 2214 787 2280 caput
808 2213 1002 2264 autem
1047 2207 1260 2264 Christi
1285 2208 1439 2263 Deus
1462 2206 1564 2277 (Id.
1601 2223 1679 2275 x1,
1712 2208 1787 2275 3).

145 2296 429 2360 Quoniam
455 2297 635 2369 igitur
653 2298 861 2353 vitium
885 2299 1094 2353 animae
1116 2314 1231 2353 non
1254 2304 1465 2352 natura
1487 2298 1636 2367 ejus,
1688 2296 1787 2351 sed

144 2392 345 2440 contra
371 2392 641 2442 naturam
663 2388 790 2457 ejus
812 2394 921 2452 est,
974 2387 1240 2459 nihilque
1288 2388 1446 2441 aliud
1494 2392 1579 2442 est
1610 2402 1787 2458 quam

141 2482 445 2547 peccatum
478 2483 535 2532 et
568 2494 733 2548 poena
754 2477 970 2547 peccati
996 2496 1009 2545 ;
1036 2478 1171 2533 inde
1196 2477 1543 2550 intelligitur
1564 2476 1785 2531 nullam

140 2565 532 2620 substantiam
566 2565 685 2620 sive
716 2568 1029 2622 essentiam
1063 2567 1286 2621 malum
1318 2583 1466 2621 esse.
1500 2566 1696 2635 Neque
1718 2565 1789 2618 de

142 2656 392 2724 peccatis
408 2655 850 2725 pcenisqueejus
863 2658 1069 2709 animae
1084 2656 1425 2721 efticitur,ut
1440 2652 1789 2709 universitas

141 2743 256 2797 ulla
269 2743 645 2798 deformitate
658 2744 1098 2815 turpetur.Quia
1112 2743 1412 2798 rationalis
1431 2742 1758 2797 substantia
1771 2783 1785 2809 ,

140 2852 262 2905 quae
295 2836 369 2891 ab
393 2836 554 2890 omni
580 2842 811 2906 peccato
835 2837 1053 2891 munda
1082 2842 1189 2904 est,
1221 2839 1329 2891 Deo
1348 2836 1627 2904 subjecta,
1646 2836 1786 2888 sub-

130 2926 300 2995 jectis
333 2926 448 2981 sibi
470 2926 1065 2981 caeterisdominatur.
1092 2929 1170 2982 Ea
1191 2944 1322 2982 vero
1347 2944 1474 2998 quae
1512 2925 1784 2996 peccavit,

136 3015 209 3069 ibi
234 3016 512 3071 ordinata
532 3017 747 3082 est,ubi
765 3033 893 3072 esse
914 3018 1055 3073 tales
1074 3018 1333 3085 decet,ut
1356 3022 1465 3071 beo
1490 3016 1787 3070 conditore

135 3111 308 3177 atque
338 3109 563 3160 rectore
593 3106 991 3162 universitatis
1022 3108 1230 3162 decora
1254 3106 1683 3161 sintomnia.Et
1700 3109 1789 3159 est

136 3194 516 3263 pulchritudo
547 3196 828 3251 universae
859 3203 1138 3251 creaturae
1172 3212 1272 3267 per
1302 3196 1422 3250 haec
1452 3196 1564 3249 tria
1594 3192 1785 3248 incul-

135 3284 382 3354 pabilis;
417 3284 855 3339 damnationem
890 3290 1283 3358 peccatorum,
1313 3284 1784 3339 exercitationem

127 3373 447 3443 justorum,
483 3373 891 3446 perfectionem
928 3376 1249 3431 beatorum.

139 3510 337 3560 CAPUT
372 3508 552 3559 XXIV.
587 3537 645 3544 —
681 3508 883 3572 Duplici
912 3509 997 3560 via
1024 3509 1189 3561 saluti
1220 3511 1437 3560 hominis
1484 3512 1785 3572 consulitur,

195 3582 507 3630 auctaritnte
535 3582 583 3628 et
612 3580 810 3630 ratione
837 3596 855 3629 :
885 3596 943 3629 ac
972 3582 1143 3645 primo
1176 3581 1239 3632 (Ie
1268 3584 1592 3633 auctoritatis
1620 3584 1783 3633 subsi-

198 3652 282 3701 dio
310 3654 498 3715 agitur
526 3665 681 3715 usque
710 3652 783 3701 ad
809 3656 961 3716 caput
983 3656 1060 3703 29.

206 3752 694 3815 iﬁQuamobrem
717 3750 845 3823 ipsa
866 3768 1099 3823 quoque
1117 3754 1323 3808 animae
1343 3754 1788 3827 medicinaque

142 3841 326 3896 divina
359 3840 731 3913 providentia
763 3846 817 3895 et
839 3841 1117 3897 inell‘abili
1144 3844 1525 3899 beneﬁcentia
1544 3846 1786 3917 geritur,

141 3935 420 4003 gradatim
449 3932 840 4004 distincteque
861 3934 1255 4007 pulcherrima
1274 3942 1381 3991 est.
1412 3938 1790 3992 Distribuitur

140 4024 283 4078 enim
317 4026 375 4079 in
410 4023 822 4079 auctoritatem
857 4030 1030 4096 atque
1087 4026 1394 4080 rationem.
1454 4026 1787 4081 Auctoritas

143 4112 302 4167 ﬁdem
321 4112 637 4185 ﬂagitat,et
657 4112 863 4167 rationi
884 4120 1170 4186 praeparat
1188 4115 1682 4172 hominem.Ratio
1716 4117 1785 4171 ad

140 4202 496 4259 intellectum
515 4204 1027 4277 cognitionemque
1043 4206 1175 4277 perd
1189 4208 1680 4279 ucit.Quanquam
1698 4223 1791 4263 ne-

141 4308 242 4362 que
262 4294 677 4348 auctoritatem
703 4294 847 4348 ratio
862 4296 1097 4366 penitus
1112 4296 1347 4367 deserit,
1369 4314 1501 4352 cum
1518 4297 1781 4354 conside.

141 4392 292 4441 ratur
310 4387 403 4441 cui
429 4387 511 4441 sit
533 4386 919 4455 credendum;
944 4392 1000 4443 et
1022 4392 1173 4443 certe
1214 4405 1449 4444 summa
1484 4395 1573 4445 est
1601 4389 1790 4461 ipsius

134 4476 246 4544 jam
300 4479 553 4550 cognitae
586 4482 761 4549 atque
794 4477 1113 4550 perspicuae
1147 4479 1405 4535 veritatis
1444 4480 1783 4536 auctoritas.

137 4568 232 4622 Sed
268 4568 406 4641 quia
436 4568 496 4623 in
534 4569 879 4640 temporalia
910 4569 1272 4642 devenimus,
1307 4575 1361 4626 et
1392 4588 1592 4627 eorum
1623 4589 1784 4626 amo-

142 4674 194 4711 re
222 4659 290 4713 ab
320 4659 566 4715 aeternis
599 4659 975 4730 impedimur,
1011 4660 1277 4732 quaedam
1295 4662 1642 4734 temporalia
1665 4678 1784 4717 me-

141 4748 340 4814 dicina,
373 4766 507 4821 qum
550 4765 662 4802 non
696 4748 967 4819 scientes,
995 4750 1094 4805 sed
1119 4751 1422 4807 credentes
1442 4752 1509 4807 ad
1537 4751 1786 4807 salutem

142 4844 311 4907 vocat,
345 4856 462 4893 non
500 4843 725 4892 naturae
758 4842 814 4893 et
843 4838 1194 4895 excellentiae
1222 4841 1264 4910 ³,
1289 4842 1389 4897 sed
1426 4842 1614 4914 ipsius
1638 4847 1789 4897 tem-

146 4928 286 4998 poris
316 4930 525 4985 ordine
561 4928 720 5001 prior
751 4936 856 4985 est.
893 4931 1037 4989 Nam
1071 4932 1129 4988 in
1164 4950 1337 5006 quem
1372 4932 1561 4989 locum
1626 4936 1787 5008 quis-

147 5034 245 5086 que
274 5018 573 5083 ceciderit,
608 5016 687 5072 ibi
725 5019 895 5075 debet
928 5021 1267 5077 incumbere
1298 5028 1363 5078 ut
1394 5029 1614 5096 surgat.
1641 5024 1787 5097 Ergo

149 5105 276 5177 ipsis
301 5106 647 5163 carnalibus
681 5108 904 5177 formis,
938 5111 1151 5181 quibus
1184 5111 1534 5182 detineniur,
1597 5115 1787 5171 niten-

151 5194 273 5250 dum
306 5203 412 5266 est,
448 5198 522 5253 ad
559 5214 660 5252 eas
692 5200 1127 5270 cognoscendas
1160 5217 1307 5272 quas
1340 5220 1474 5259 caro
1499 5221 1612 5259 non
1639 5222 1789 5261 nun-

151 5284 259 5340 tiat.
290 5286 398 5343 Eas
428 5287 592 5343 enim
626 5286 885 5343 carnales
917 5305 1075 5357 voco,
1112 5306 1241 5361 quae
1270 5309 1374 5364 per
1404 5309 1637 5349 carnem
1658 5311 1790 5350 sen-

155 5373 234 5427 tiri
265 5382 505 5448 queunt,
543 5376 602 5431 id
636 5380 727 5431 est
758 5393 860 5449 per
888 5378 1109 5447 oculos,
1147 5396 1242 5451 per
1279 5398 1473 5453 aures,
1525 5388 1793 5439 caeteros-

156 5479 254 5536 que
282 5469 543 5541 corporis
577 5484 810 5523 sensus.
844 5468 943 5525 His
974 5486 1112 5543 ergo
1144 5471 1480 5528 carnalibus
1532 5472 1620 5529 vel
1668 5491 1791 5531 cor-

215 5619 227 5649 ¹
262 5618 375 5667 ιον.
407 5626 461 5671 et
491 5622 649 5682 Arn.,
676 5623 952 5672 certamen.
984 5623 1085 5674 Sed
1116 5626 1432 5676 conciunius
1475 5627 1600 5677 Bad.
1630 5628 1714 5678 Er.
1746 5634 1802 5681 et

163 5677 267 5745 Mss.
292 5689 429 5745 octo,
459 5677 646 5734 certon
654 5687 774 5734 tem.

218 5744 237 5779 ³
257 5745 370 5796 Msa.
401 5744 777 5813 unplures,
808 5761 910 5799 non
937 5752 1137 5800 natura
1163 5750 1487 5806 excellentia.

1606 366 1836 432 LlBElt
1883 371 2116 433 UNUS.

3452 374 3565 431 H2

1902 504 2204 575 poralibus
2238 505 2444 560 formis
2477 504 2762 559 inhaerere
2805 520 3004 561 amore
3053 520 3266 576 pueros
3328 520 3566 560 necesse

1901 599 2019 660 est;
2054 594 2453 650 adolescentes
2484 612 2619 649 vero
2654 610 2831 665 prope
2864 609 3102 649 necesse
3134 600 3255 661 est;
3280 593 3562 666 hincjam

1902 684 2253 747 procedente
2284 690 2452 738 aetate
2484 702 2597 739 non
2626 690 2716 740 est
2746 700 3005 739 necesse.

1902 774 2129 829 CAPUT
2170 774 2329 828 XXV.
2354 806 2419 813 —
2443 780 2695 845 Quorum
2716 774 2998 828 hominum
3025 788 3122 828 seu
3155 773 3427 828 librorum
3456 789 3557 828 au-

2215 848 2457 901 ctoritati
2488 845 2553 901 de
2581 847 2679 901 Dei
2701 848 2854 900 cultu
2886 845 3241 900 credendum.

1973 934 2059 987 46.
2086 935 2372 999 Quoniam
2400 934 2579 1006 igitur
2610 935 2805 988 divina
2826 934 3331 1005 providentia,non
3363 933 3554 990 solum

1902 1022 2155 1095 singulis
2174 1024 2516 1080 hominibus
2537 1024 2707 1095 quasi
2731 1023 3135 1095 privatim,sed
3163 1024 3432 1081 universo
3457 1040 3555 1096 ge-

1903 1112 2025 1167 neri
2060 1112 2321 1169 humano
2352 1120 2634 1184 tanquam
2661 1112 2890 1185 publice
2921 1113 3214 1181 consulit;
3246 1113 3387 1184 quid
3421 1130 3556 1168 cum

1903 1200 2153 1273 singulis
2175 1202 2562 1275 agatur,Deus
2588 1204 2687 1273 qui
2710 1205 2831 1274 agit
2852 1207 3025 1272 atque
3048 1202 3159 1273 ipsi
3183 1219 3319 1258 cum
3341 1202 3559 1275 quibus

1902 1292 2099 1362 agitur
2120 1292 2487 1355 sciunt.Quid
2509 1299 2703 1347 autem
2729 1298 2935 1363 agatur
2959 1309 3090 1346 cum
3118 1309 3327 1363 genere
3350 1292 3559 1348 huma-

1903 1398 2108 1452 na,per
2131 1381 2438 1437 historiam
2463 1381 2863 1437 commendari
2886 1382 3088 1445 voluit,
3115 1388 3171 1437 et
3189 1398 3290 1453 per
3310 1381 3558 1454 prophe-

1904 1468 2068 1524 tiam.
2094 1470 2526 1542 Temporalium
2560 1476 2757 1525 autem
2792 1487 2989 1526 rerum
3025 1470 3318 1541 ﬁdes,sive
3350 1476 3558 1543 praete-

1903 1559 2308 1625 ritarum,sive
2340 1561 2696 1628 futurarum,
2722 1561 2911 1632 magis
2942 1561 3232 1616 credendo
3264 1577 3443 1632 quam
3476 1560 3560 1616 in-

1900 1647 2214 1719 telligendo
2245 1649 2414 1705 valet.
2449 1651 2560 1705 Sed
2584 1655 2853 1705 nostrum
2884 1655 2975 1705 est
3004 1650 3393 1718 considerare,
3429 1651 3557 1721 qui-

1904 1737 2015 1793 bus
2043 1737 2133 1792 vel
2167 1738 2506 1794 hominibus
2537 1738 2625 1794 vel
2656 1738 2823 1794 libris
2854 1738 3213 1794 credendum
3246 1738 3323 1793 sit
3347 1740 3419 1793 ad
3455 1754 3555 1793 co-

1901 1824 2141 1882 lendum
2175 1832 2327 1883 recte
2366 1829 2565 1895 Deum,
2600 1845 2725 1899 quae
2762 1845 2878 1883 una
2908 1827 3069 1884 salus
3113 1834 3221 1883 est.
3254 1826 3442 1898 Hujus
3473 1827 3553 1883 rei

1901 1917 2087 1987 prima
2113 1917 2456 1989 disceptatio
2488 1922 2597 1984 est,
2635 1922 2830 1973 utrum
2878 1916 2951 1972 iis
2995 1916 3188 1988 potius
3219 1918 3551 1984 credamus,

1899 2005 2000 2077 qui
2031 2006 2101 2061 ad
2137 2006 2355 2061 multos
2386 2007 2547 2073 deos,
2574 2024 2645 2061 an
2679 2006 2750 2062 iis
2782 2006 2881 2077 qui
2914 2007 2985 2061 ad
3018 2023 3202 2061 unum
3236 2006 3419 2062 Deum
3453 2023 3552 2061 co-

1899 2096 2135 2151 lendum
2170 2114 2276 2152 nos
2305 2100 2529 2151 vocant.
2574 2095 2713 2159 Quis
2764 2096 2993 2150 dubitet
3031 2112 3131 2150 eos
3176 2094 3551 2166 potissimum

1898 2186 2231 2257 sequendos
2262 2185 2358 2257 qui
2390 2188 2462 2241 ad
2496 2202 2679 2240 unum
2703 2189 2930 2254 vocant,
2953 2184 3281 2256 praesertim
3308 2201 3440 2239 cum
3466 2184 3555 2239 illi

1899 2274 2217 2331 multorum
2250 2274 2525 2341 cultores,
2550 2275 2620 2329 de
2649 2275 2752 2329 hoc
2788 2292 2902 2329 uno
2929 2276 3170 2329 Domino
3201 2279 3553 2329 cunctorum

1896 2370 1954 2417 et
1985 2370 2273 2420 recturum
2306 2370 2363 2419 et
2394 2370 2613 2419 rectore
2642 2362 3058 2419 consentiant?
3089 2369 3146 2418 et
3170 2368 3325 2419 certe
3347 2364 3418 2419 ab
3438 2380 3555 2419 uno

1897 2454 2103 2524 incipit
2134 2472 2436 2509 numerus.
2476 2454 2642 2509 Prius
2672 2470 2809 2525 ergo
2842 2452 2938 2508 isti
2969 2451 3251 2523 sequendi
3276 2458 3434 2519 sunt,
3455 2451 3553 2523 qui

1898 2559 2081 2597 unum
2111 2543 2289 2598 Dcuni
2324 2561 2626 2598 summum
2661 2544 2853 2598 solum
2904 2560 3103 2597 verum
3138 2542 3344 2612 Deum,
3376 2546 3433 2597 et
3458 2559 3554 2597 so-

1895 2631 2016 2686 lum
2046 2631 2360 2687 colendum
2393 2649 2521 2687 esse
2546 2632 2767 2687 dicunt.
2794 2632 2852 2687 Si
2877 2632 3029 2703 apud
3056 2631 3161 2686 hos
3192 2632 3404 2686 veritas
3436 2647 3551 2685 non

1894 2722 2162 2793 eluxerit,
2221 2729 2344 2777 tum
2394 2723 2631 2777 demum
2689 2721 3063 2793 migrandum
3113 2725 3201 2776 est
3251 2720 3351 2792 (a).
3392 2720 3554 2776 Sicut

1895 2812 2051 2866 enim
2085 2812 2141 2866 in
2174 2812 2302 2883 ipsa
2352 2828 2546 2867 rerum
2599 2816 2811 2866 natura
2860 2812 3046 2881 major
3096 2816 3186 2865 est
3231 2810 3550 2866 auctoritas

1900 2904 2074 2956 unius
2108 2903 2177 2955 ad
2205 2919 2387 2956 unum
2410 2901 2608 2956 omnia
2639 2899 2975 2969 redigentis,
3001 2916 3105 2954 nec
3135 2900 3189 2953 in
3214 2916 3425 2971 genere
3445 2899 3548 2954 hu-

1898 3009 2070 3046 mano
2106 2991 2503 3046 multitudinis
2537 2989 2655 3045 ulla
2693 2988 2951 3060 potentia
2999 2994 3087 3043 est
3129 2988 3242 3043 nisi
3295 3004 3546 3043 consen-

1894 3081 2118 3146 tientis,
2152 3080 2209 3134 id
2242 3085 2330 3135 est
2362 3096 2545 3134 unum
2580 3077 3002 3144 sentientis;ita
3034 3082 3091 3131 in
3119 3076 3405 3147 religione
3438 3078 3542 3148 qui

1896 3171 1967 3225 ad
2004 3187 2186 3224 unum
2220 3174 2446 3239 vocant,
2472 3184 2674 3223 eorum
2709 3168 2897 3238 major
2926 3171 2981 3222 et
3004 3166 3117 3221 fide
3149 3165 3381 3238 dignior
3412 3182 3544 3222 esse

1899 3260 2068 3315 debet
2093 3259 2436 3315 auctoritas.

1970 3351 2053 3403 47.
2089 3348 2283 3405 Altera
2304 3346 2690 3403 consideratio
2722 3353 2812 3403 est
2841 3344 3228 3402 dissensionis
3259 3346 3387 3417 ejus
3418 3362 3544 3416 quea

1898 3442 1967 3496 de
1992 3440 2165 3494 unius
2194 3438 2287 3494 Uei
2315 3437 2475 3493 cultu
2500 3437 2651 3492 inter
2673 3436 2939 3492 homines
2962 3441 3088 3492 orta
3113 3440 3219 3491 est.
3242 3435 3351 3491 Sed
3384 3451 3549 3491 acce-

1899 3531 2116 3601 pimus,
2139 3530 2390 3599 majores
2425 3533 2655 3582 nostros
2678 3543 2743 3582 eo
2776 3526 2960 3598 gradu
2991 3524 3126 3580 fidei
3151 3528 3190 3592 ⁸,
3216 3540 3330 3596 quo
3350 3542 3383 3579 a
3407 3530 3552 3579 tem-

1900 3614 2283 3691 poralibuSad
2297 3623 2511 3673 aeterna
2528 3614 3226 3681 conscenditur,visibilia
3268 3612 3557 3669 miracula

1900 3711 2037 3779 (non
2071 3712 2224 3764 enim
2252 3708 2420 3763 aliter
2441 3706 2729 3778 poterant)
2756 3709 2987 3761 secutos
3008 3720 3135 3759 esse
3163 3721 3175 3757 :
3204 3721 3304 3774 per
3325 3720 3474 3775 quos
3497 3703 3554 3758 id

1902 3805 2093 3854 actum
2131 3802 2242 3863 est,
2278 3802 2343 3851 ut
2380 3796 2708 3851 necessaria
2740 3812 2853 3849 non
2887 3797 3084 3849 essent
3113 3792 3381 3864 posteris.
3413 3796 3557 3847 Cum

1902 3888 2058 3943 enim
2090 3887 2338 3943 Ecclesia
2373 3886 2661 3942 catholica
2687 3901 2787 3955 per
2808 3890 2995 3939 totum
3022 3886 3221 3939 orbem
3244 3883 3458 3939 dill‘usa
3478 3887 3558 3937 at.

1901 3995 2015 4048 que
2047 3977 2291 4031 fundata
2308 3977 2407 4045 sit,
2434 3991 2539 4030 nec
2563 3973 2849 4029 miracula
2873 3972 3047 4028 illain
3073 3978 3273 4028 nostra
3296 3979 3561 4043 tempora

1902 4068 2112 4121 durare
2144 4066 2433 4137 permissa
2463 4068 2625 4132 sunt,
2661 4080 2732 4117 ne
2775 4063 3011 4117 animus
3044 4079 3275 4134 semper
3308 4061 3560 4117 visibilia

1903 4165 2204 4228 quaereret,
2230 4161 2286 4210 et
2309 4172 2511 4210 eorum
2543 4153 2969 4209 consuetudine
3006 4152 3345 4224 frigesceret
3374 4168 3560 4224 genus

1902 4247 2257 4311 humanum,
2285 4260 2538 4317 quorum
2573 4244 2827 4299 novitate
2860 4242 3126 4313 ﬂagravit
3157 4243 3231 4313 (ὁ)
3255 4260 3273 4297 :
3306 4258 3411 4296 nec
3435 4242 3559 4313 jam

1902 4336 2071 4393 nobis
2105 4334 2347 4390 dubium
2382 4350 2511 4389 esse
2543 4338 2772 4405 Oportet
2802 4331 2876 4387 iis
2906 4348 3036 4387 esse
3072 4330 3563 4401 credendum,qui

1901 4443 2034 4482 cum
2062 4442 2130 4481 ea
2162 4424 2545 4497 praedicarent
2572 4440 2699 4493 quae
2735 4419 2908 4493 pauci
2939 4424 3357 4492 assequuntur,
3389 4436 3449 4475 se
3486 4425 3564 4476 ta-

1902 4533 2029 4571 men
2064 4515 2394 4585 sequendos
2418 4511 2651 4585 populis
2676 4511 3028 4582 persuadere
3055 4509 3565 4581 potuerunt.Nunc

1902 4606 2059 4661 enim
2092 4604 2288 4675 agitur
2318 4601 2537 4673 quibus
2568 4601 2924 4656 credendum
2948 4599 3371 4671 sit,a‘ntequam
3410 4600 3568 4671 quis-

1903 4712 2015 4766 que
2041 4692 2119 4749 sit
2138 4694 2385 4747 idoneus
2419 4690 2689 4745 ineundae
2717 4688 2928 4744 rationi
2956 4688 3027 4743 de
3049 4688 3267 4744 divinis
3297 4693 3355 4743 et
3385 4688 3562 4744 invia-

1906 4784 2130 4840 bilibus
2164 4782 2371 4846 rebus;
2408 4797 2543 4835 nam
2570 4779 2679 4851 ipsi
2716 4777 2927 4833 rationi
2952 4777 3307 4849 purgatioris
3328 4778 3561 4846 animo,

1901 4891 2031 4945 qua:
2065 4873 2137 4927 ad
2171 4872 2540 4944 perspicuam
2566 4867 2867 4924 veritatem
2893 4866 3357 4939 pervenit,nullo
3389 4867 3563 4922 modo

1904 4961 2220 5032 auctoritas
2253 4960 2513 5015 humana
2551 4956 2909 5030 prazponitur
2938 4974 2950 5011 :
2985 4956 3085 5011 sed
3119 4958 3187 5011 ad
3222 4955 3373 5010 hanc
3404 4954 3568 5010 nulla

1905 5051 2181 5125 superbia
2212 5050 2479 5123 perducit
2517 5049 2559 5082 ²ο
2612 5048 2745 5111 Quae
2780 5047 2827 5101 si
2861 5062 2975 5102 non
3008 5050 3182 5113 esset,
3218 5061 3330 5100 non
3366 5048 3569 5101 essent

1905 5142 2185 5208 baaretici,
2242 5157 2431 5211 neque
2480 5136 2865 5206 schismatici,
2899 5152 3003 5190 nec
3050 5133 3407 5202 circumcisi,
3462 5151 3566 5191 nec

1908 5238 2183 5289 creatura:
2225 5229 2811 5297 simulacrorumque
2843 5225 3119 5281 cultores.
3157 5224 3221 5278 Hi
3270 5228 3468 5279 autem
3522 5224 3572 5281 si

1910 5341 2025 5379 non
2058 5325 2254 5377 essent
2284 5326 2418 5375 ante
2448 5316 2858 5391 perfectionem
2912 5312 3131 5385 populi,
3166 5330 3291 5385 quae
3324 5314 3573 5385 promit-

1909 5414 2075 5479 titur,
2112 5410 2295 5467 multo
2328 5408 2555 5481 pigrius
2589 5406 2800 5462 veritas
2834 5408 3216 5475 quaereretur.

1978 5504 1993 5537 ¹
2032 5501 2193 5549 Abest
2219 5499 2344 5563 ﬁdei
2376 5513 2407 5547 a
2436 5498 2567 5563 Mss._
2589 5494 2913 5563 quindecim,
2937 5506 3150 5563 necnon
3175 5506 3217 5563 Α
3237 5492 3365 5563 Bad:
3396 5497 3449 5542 et
3478 5491 3573 5541 Er.

1976 5565 1998 5599 ³
2028 5564 2183 5622 Editi,
2216 5554 2361 5612 nulla
2392 5554 2630 5625 superbia
2660 5564 2884 5607 humana
2901 5554 3573 5620 perduci't.Abest.humaim

1914 5642 1946 5679 a
1977 5627 2098 5676 Mss.

1979 5692 2051 5754 (α)
2084 5690 2359 5754 [RetracL
2391 5700 2508 5750 cap.
2544 5688 2618 5747 l3,
2654 5699 2709 5735 n.
2735 5687 2782 5735 6.

1981 5751 2056 5818 (ὁ)
2086 5751 2217 5802 Ibid.
2250 5764 2303 5801 n.
2336 5754 2382 5801 7.
