4030 6398
475 373 586 432 H5

465 509 632 561 erant
651 509 938 574 tempora.
959 502 1085 557 Non
1107 518 1239 572 ergo
1265 518 1579 573 possumus
1594 502 1783 556 dicere
1809 501 1989 556 fuisse
2010 502 2112 556 ali-

464 594 618 666 quod
641 609 870 662 tempus
899 595 1132 662 quando
1155 591 1307 647 Deus
1333 591 1593 646 nondum
1617 589 1838 661 aliquid
1867 591 2108 646 fecerat.

464 683 766 746 Quomodo
790 680 946 735 enim
970 685 1093 734 erat
1113 684 1345 750 tempus
1362 680 1516 750 quod
1542 679 1696 734 Deus
1722 696 1834 734 non
1871 681 2109 747 fecerat,

463 788 598 827 cum
629 770 894 826 omnium
919 773 1248 839 temporum
1281 771 1402 840 ipse
1435 770 1510 823 sit
1561 767 1921 824 fabricator?
1966 773 2032 824 Et
2061 771 2112 825 si

463 865 698 932 tempus
723 875 854 914 cum
879 857 1020 914 ccelo
1043 864 1100 912 et
1117 863 1270 913 terra
1290 875 1417 913 esse
1441 857 1635 929 cmpit,
1657 875 1772 913 non
1800 862 1991 928 potest
2023 859 2113 914 in-

466 949 648 1004 veniri
685 954 917 1019 tempus
950 964 1065 1018 quo
1096 953 1248 1002 Deus
1282 947 1542 1001 nondum
1576 948 1789 1001 fecerat
1819 947 2031 1002 cmlum
2059 952 2117 1003 et

467 1045 702 1093 terram.
737 1039 878 1092 Cum
907 1043 1104 1091 autem
1131 1036 1363 1091 dicitur.
1387 1035 1535 1099 Quid
1558 1035 1609 1090 ei
1641 1035 1860 1106 placuit
1891 1037 2112 1104 subito,

466 1127 551 1182 sic
574 1127 807 1195 dicitur,
832 1125 996 1196 quasi
1020 1125 1220 1195 aliqua
1239 1129 1506 1196 tempora
1525 1126 1882 1193 transierint,
1900 1125 2114 1196 quibus

469 1222 616 1271 Deus
651 1215 794 1270 nihil
829 1221 1100 1285 Operatus
1131 1220 1238 1269 est.
1273 1215 1395 1268 Non
1428 1214 1582 1268 enim
1619 1215 1867 1268 transire
1893 1219 2118 1284 poterat

464 1305 888 1376 tempus,quod
916 1305 1175 1358 nondum
1203 1305 1411 1358 fecerat
1435 1303 1771 1374 Deus;quia
1789 1320 1902 1356 non
1929 1309 2118 1373 potest

463 1411 594 1450 esse
619 1401 890 1465 operator
911 1399 1264 1465 temporum,
1286 1391 1396 1446 nisi
1430 1393 1527 1462 qui
1563 1399 1650 1447 est
1673 1398 1806 1446 ante
1831 1398 2112 1463 tempora.

464 1484 628 1538 Certe
651 1488 708 1537 et
730 1482 841 1553 ipsi
874 1481 1170 1536 Manichasi
1203 1481 1402 1551 legunt
1434 1481 1763 1551 apostolum
1789 1480 2119 1548 Paulum,et

465 1571 710 1627 laudant
731 1577 786 1626 et
810 1571 1115 1634 honorant;
1141 1575 1198 1624 et
1214 1573 1342 1639 ejus
1368 1569 1655 1640 Epistolas
1671 1569 2118 1640 maleinterpre-

467 1663 644 1717 tando
671 1660 889 1715 multos
907 1658 1229 1730 decipiunt.
1253 1659 1457 1713 Dicant
1473 1674 1608 1728 ergo
1627 1658 1792 1712 nobis
1814 1657 1948 1726 quid
1966 1657 2119 1712 dixe-

470 1749 542 1804 rit
562 1747 866 1821 apostolus
886 1747 1125 1814 Paulus,
1152 1748 1502 1817 Agnitionem
1523 1747 1774 1801 veritatis
1797 1761 1922 1816 qua:
1943 1755 2020 1801 est
2035 1761 2117 1801 se-

466 1837 707 1893 cundum
726 1839 990 1908 pietatem
1014 1837 1112 1890 Dei
1129 1838 1186 1889 in
1206 1852 1355 1906 spem
1379 1837 1498 1890 vita»;
1520 1843 1769 1904 wtemze,
1794 1853 1958 1905 quam
1988 1852 2119 1905 pro-

467 1930 619 1982 misit
631 1943 738 1981 non
750 1925 989 1980 mendax
1001 1927 1137 1980 Deus
1149 1933 1279 1979 ante
1289 1927 1535 1995 tempora
1549 1933 1760 1980 aeterna
1775 1927 1788 1994 (
1803 1926 1896 1979 Tit.
1915 1943 1952 1988 ι,
1973 1927 2113 1994 1,2);

468 2022 681 2070 aeterna
694 2016 850 2070 enim
867 2019 1130 2085 tempora
1143 2014 1282 2084 quid
1299 2021 1432 2068 ante
1447 2031 1507 2067 se
1526 2013 1737 2068 habere
1759 2014 2117 2084 potuerunt?

471 2106 584 2160 lloc
602 2121 737 2175 ergo
756 2109 1040 2175 cogantur
1057 2107 1435 2174 exponere,ut
1455 2101 1787 2172 intelligant
1810 2119 1870 2157 se
1898 2119 2010 2157 non
2035 2103 2120 2156 in-

468 2193 750 2265 telligere,
771 2208 903 2246 cum
923 2195 1141 2245 temere
1164 2191 1365 2245 volunt
1380 2191 1800 2260 reprehendere
1823 2193 1975 2261 quod
1992 2190 2120 2245 dili-

471 2288 679 2353 genter
702 2297 957 2354 quazrere
988 2281 1337 2335 debuerunt.

541 2372 591 2425 4.
617 2371 885 2425 Siautem
909 2386 1020 2423 non
1046 2367 1431 2434 dicunt,Quid
1457 2367 1673 2438 placuit.
1691 2368 1802 2422 Deo
1822 2369 2014 2422 subito
2038 2369 2118 2422 fa-

475 2476 604 2515 cere
627 2457 836 2514 cmlum
863 2461 918 2511 et
943 2462 1182 2519 terram,
1219 2457 1320 2510 sed
1355 2455 1567 2509 tollunt
1595 2457 1750 2523 inde,
1775 2459 1968 2510 subito
2000 2475 2011 2523 ;
2066 2461 2124 2511 et

477 2550 585 2603 hoc
609 2553 838 2602 tantum
863 2545 1236 2610 dieunt,Quid
1264 2545 1609 2615 placuitDeo
1635 2548 1818 2600 facere
1840 2546 2047 2600 coelum
2069 2551 2124 2599 et

478 2635 857 2693 terram‘?Non
874 2634 1028 2689 enim
1045 2651 1294 2688 coaevum
1317 2639 1422 2688 Deo
1449 2635 1734 2688 mundum
1768 2633 1946 2689 istum
1971 2634 2122 2688 dici-

485 2725 778 2795 mus,quia
797 2740 908 2778 non
931 2724 1060 2792 ejus
1082 2723 1419 2777 a3ternitatis
1445 2727 1530 2777 est
1553 2723 1644 2777 hic
1669 2723 2124 2791 mundus,cujus

487 2813 828 2872 aeternitatis
843 2819 931 2868 est
953 2813 1106 2867 Deus
1132 2829 1143 2866 :
1173 2813 1459 2866 mundum
1486 2813 1703 2882 quippe
1728 2814 1863 2866 fecit
1891 2817 2123 2880 Deus,et

486 2908 568 2962 sic
590 2921 720 2960 cum
743 2903 872 2974 ipsa
893 2906 1158 2958 creatura
1174 2917 1349 2972 quam
1374 2901 1527 2956 Deus
1554 2902 1976 2972 fecit,tempora
1995 2917 2126 2956 esse

481 2997 815 3067 coeperunt;
835 2997 890 3046 et
911 2992 1037 3046 ideo
1059 2990 1337 3045 dicuntur
1359 2995 1621 3061 tempora
1641 2990 2008 3046 aeterna.Non
2034 2996 2122 3044 ta—

480 3101 612 3140 men
637 3083 720 3139 sic
752 3098 882 3137 cum
911 3086 1126 3134 aeterna
1146 3086 1412 3151 tempora
1432 3080 1723 3150 quomodo
1744 3086 1997 3134 aeternus
2036 3084 2125 3134 est

476 3180 653 3243 Deus,
680 3171 817 3243 quia
834 3171 987 3225 Deus
1009 3173 1098 3224 est
1118 3173 1250 3224 ante
1271 3174 1555 3240 tempora,
1578 3170 1674 3239 qui
1701 3169 2014 3224 fabricator
2034 3173 2123 3224 est

473 3269 809 3334 temporum
837 3277 850 3314 :
887 3259 1040 3313 sicut
1070 3259 1261 3312 omnia
1296 3275 1422 3328 quae
1454 3258 1588 3312 fecit
1617 3259 1770 3312 Deus
1802 3259 1954 3314 bona
1985 3262 2124 3312 sunt

470 3351 664 3418 valde,
699 3351 799 3404 sed
833 3365 947 3403 non
983 3349 1066 3402 sic
1099 3349 1250 3402 bona
1279 3352 1437 3414 sunt,
1473 3348 1762 3418 quomodo
1796 3349 1984 3402 bonus
2037 3354 2122 3402 est

475 3443 644 3505 Deus,
681 3441 820 3510 quia
846 3437 942 3491 ille
975 3435 1125 3501 fecit,
1160 3435 1280 3490 haec
1311 3441 1505 3490 autem
1541 3439 1690 3491 facta
1720 3441 1893 3491 sunt:
1929 3453 2033 3490 nec
2053 3452 2122 3490 ea

469 3529 671 3602 genuit
694 3528 763 3582 de
785 3525 999 3597 seipse,
1024 3531 1087 3580 ut
1103 3526 1206 3580 hoc
1221 3530 1420 3579 essent
1439 3529 1590 3595 quod
1631 3526 1756 3595 ipse
1778 3531 1868 3580 est
1891 3549 1904 3587 ς
1929 3525 2027 3580 sed
2050 3542 2117 3580 ea

469 3619 606 3672 fecit
637 3617 706 3671 de
740 3614 942 3680 nihilo,
971 3620 1033 3667 ut
1055 3629 1168 3668 non
1199 3618 1399 3668 essent
1430 3613 1694 3683 aequalia,
1722 3631 1826 3668 nec
1854 3613 1903 3668 ei
1935 3632 1966 3668 a
1999 3631 2114 3685 quo

473 3708 623 3762 facta
640 3710 796 3770 sunt;
815 3721 917 3758 nec
938 3702 1221 3772 [*‘ilioejus
1237 3718 1520 3772 perquem
1539 3704 1688 3756 facta
1703 3709 1840 3756 sunt
1856 3704 2109 3773 ;justum

469 3800 557 3850 est
576 3794 730 3850 enim
753 3797 793 3848 ¹.
825 3793 883 3847 Si
906 3807 1042 3864 ergo
1063 3791 1156 3845 isti
1189 3792 1458 3860 dixerint,
1479 3792 1624 3855 Quid
1653 3791 1869 3861 placuit
1895 3794 2005 3846 Deo
2030 3793 2112 3846 fa-

471 3901 600 3940 cere
631 3883 840 3939 cmlum
873 3888 929 3936 et
960 3887 1172 3935 terram
1196 3880 1222 3933 ’ἲ
1255 3881 1724 3950 respondendum
1777 3887 1864 3935 est
1912 3883 2017 3947 eis,
2051 3887 2114 3936 ut

468 3970 1001 4043 priusdiscantvim
1017 3969 1737 4041 voluntatishumanaa,qui
1754 3970 2109 4027 voluntatem

472 4065 568 4116 Dei
602 4077 772 4117 nosse
802 4060 1152 4114 desiderant.
1185 4058 1404 4112 Causas
1461 4057 1616 4112 enim
1663 4059 1979 4115 voluntatis
2010 4063 2110 4116 Dei

466 4150 615 4205 scire
642 4152 928 4220 quaerunt,
953 4163 1084 4201 cum
1114 4149 1382 4200 voluntas
1397 4147 1773 4201 Deiomnium
1801 4165 1926 4218 quae
1948 4156 2107 4218 sunt,

462 4239 591 4310 ipsa
614 4238 690 4294 sit
719 4253 915 4292 causa.
941 4237 995 4289 Si
1028 4235 1181 4290 enim
1218 4235 1391 4289 habet
1422 4252 1654 4290 causam
1689 4238 1958 4292 voluntas
1985 4239 2106 4304 Dei,

459 4335 550 4383 est
570 4327 787 4398 aliquid
809 4327 962 4396 quod
986 4326 1292 4379 antecedat
1309 4323 1662 4378 voluntatem
1695 4325 1976 4396 Dei,quod
2004 4343 2106 4381 ne-

457 4417 547 4472 tas
568 4421 658 4472 est
679 4416 933 4470 credere.
960 4414 1066 4478 Qui
1090 4429 1224 4483 ergo
1247 4413 1406 4482 dicit,
1427 4416 1613 4478 Quare
1646 4414 1778 4468 fecit
1811 4415 1962 4470 Deus
1994 4433 2103 4470 cce-

455 4504 650 4560 lumet
663 4507 908 4559 terram?
931 4503 1402 4574 respondendum
1426 4508 1514 4556 est
1537 4503 1762 4569 ei,Quia
1780 4503 2101 4558 voluit.Vo-

454 4593 653 4648 luntas
675 4591 831 4647 enim
856 4591 960 4647 Dei
985 4606 1162 4645 causa
1183 4596 1271 4645 est
1293 4591 1414 4644 coeli
1439 4597 1495 4644 et
1519 4597 1705 4656 terrae,
1728 4597 1786 4646 et
1815 4590 1943 4647 ideo
1977 4610 2101 4647 ma-

446 4683 545 4752 jor
571 4685 660 4736 est
679 4681 950 4736 voluntas
975 4680 1075 4734 Dei
1096 4695 1274 4750 quam
1296 4680 1501 4734 coelum
1522 4685 1578 4734 et
1594 4681 1882 4742 terra.Qui
1905 4687 2099 4736 autem

455 4770 810 4837 dicit,Quare
825 4769 1002 4823 voluit
1017 4772 1199 4822 facere
1215 4767 1424 4822 ccslum
1443 4774 1501 4821 et
1520 4770 1766 4822 terram“?
1781 4772 1972 4839 majus
1991 4770 2100 4825 ali-

453 4859 593 4930 quid
621 4858 830 4930 quzerit
849 4873 1022 4929 quam
1048 4863 1138 4910 est
1155 4857 1421 4911 voluntas
1439 4857 1558 4911 Dei:
1583 4857 1727 4911 nihil
1746 4864 1939 4913 autem
1975 4876 2096 4914 ma-

445 4948 548 5018 jus
569 4945 812 5001 inveniri
829 4945 1383 5017 potest.Compescat
1405 4961 1539 5016 ergo
1563 4963 1623 5001 se
1641 4946 1896 5001 humana
1913 4953 2098 5003 teme-

454 5037 621 5103 ritas,
645 5041 700 5090 et
721 5035 776 5089 id
803 5035 954 5106 quod
985 5051 1095 5088 non
1122 5039 1346 5089 estnon
1372 5041 1613 5105 quierat,
1638 5053 1709 5090 ne
1735 5036 1788 5089 id
1823 5037 1976 5106 quod
2012 5046 2097 5092 est

451 5142 566 5180 non
601 5124 877 5178 inveniat.
901 5125 965 5178 Et
988 5124 1036 5178 si
1061 5124 1412 5178 voluntatem
1448 5123 1544 5178 Dei
1581 5140 1752 5179 nosse
1784 5126 2094 5195 quisquam

450 5213 873 5280 desiderat,{iat
895 5213 1119 5267 amicus
1143 5213 1283 5268 Deo:
1303 5213 1441 5284 quia
1464 5214 1508 5266 si
1530 5215 1886 5267 voluntatem
1913 5214 2098 5268 homi-

448 5302 544 5356 nis
568 5319 741 5358 nosse
774 5303 1084 5373 quisquam
1120 5301 1311 5370 vellet,
1331 5305 1501 5371 cujus
1524 5303 1748 5356 amicus
1773 5319 1884 5357 non
1917 5309 2090 5372 esset,

444 5406 522 5445 om
535 5407 634 5446 nes
647 5391 773 5461 ejus
789 5391 942 5462 impu
955 5392 1200 5446 dentiam
1217 5408 1279 5445 ac
1295 5396 1383 5444 stu
1396 5391 1596 5444 ltitiam
1612 5390 1769 5444 derid
1782 5393 2090 5447 orent.Non

442 5483 638 5536 autem
667 5482 983 5554 quisquam
1010 5481 1260 5536 efﬁcitur
1282 5479 1508 5534 amicus
1535 5479 1649 5549 Dei,
1672 5479 1781 5534 nisi
1808 5483 2093 5552 purgatis-

441 5567 632 5625 simus
652 5572 936 5638 moribus,
955 5575 1012 5626 et
1032 5570 1128 5625 illo
1152 5572 1262 5623 line
1279 5568 1550 5640 praecepti
1569 5569 1638 5624 de
1652 5570 2090 5639 qqupostolus

504 5761 522 5798 ί
555 5759 710 5822 Editi,
739 5760 914 5823 iustus
937 5760 1009 5808 est
1039 5758 1193 5808 enim.
1227 5757 1325 5806 Ms.
1355 5759 1606 5821 quatuor.

1284 365 1388 428 DE
1432 365 1711 429 GENESI
1758 369 2069 430 CONTRA
2117 371 2472 452 MANICH.,
2522 381 2585 439 S.
2633 382 3056 448 AUGUSTINI

3763 393 3877 457 1'76

2226 506 2386 572 dicit,
2412 511 2563 565 Finis
2585 522 2775 568 autem
2797 521 3061 589 praecepti
3081 525 3160 575 est
3188 522 3432 578 charilas
3450 524 3515 580 de
3537 526 3698 582 corde
3715 544 3883 599 puro.

2227 599 2279 648 et
2308 601 2640 655 conscientzu
2668 605 3018 675 bona,elfide
3037 625 3146 664 non
3170 611 3298 680 ﬁcta
3321 613 3363 678 (Ι
3392 614 3524 670 Tim.
3549 632 3588 684 ι,
3610 617 3696 687 5);
3725 619 3880 689 quod

2231 684 2328 738 isti
2361 686 2409 740 si
2443 688 2743 762 haberent,
2779 710 2892 748 non
2923 704 3119 752 essent
3156 699 3429 758 hazretici.

2515 823 2745 879 CAPUT
2773 827 2867 881 Ill.
2908 860 2970 870 —
3005 832 3324 900 Defenditur
3352 853 3492 892 vers.
3532 839 3587 892 2.

2297 934 2350 987 5.
2387 939 2547 1001 Quod
2581 946 2774 996 autem
2809 947 3077 1016 sequitur
3110 949 3163 1002 in
3197 949 3345 1006 libro
3368 955 3677 1020 Geneseos,
3718 958 3885 1014 Terra

2226 1027 2408 1078 autem
2439 1033 2561 1082 erat
2602 1031 2906 1088 invisibilis
2936 1041 2987 1089 et
3017 1038 3396 1109 incomposita,
3430 1043 3515 1097 sic
3566 1046 3886 1116 reprehen-

2227 1110 2375 1166 dunt
2407 1114 2726 1189 Manichtei,
2765 1126 2827 1175 ut
2858 1123 3101 1180 dicant:
3136 1127 3437 1190 Quomodo
3471 1132 3604 1186 fecit
3635 1110 3789 1188 Deus
3823 1136 3880 1190 in

2230 1201 2512 1274 principio
2540 1207 2748 1262 coelum
2783 1217 2839 1264 et
2858 1217 3096 1279 terram,
3125 1216 3311 1287 sijam
3340 1225 3398 1273 et
3423 1230 3574 1276 terra
3596 1231 3718 1276 erat
3743 1226 3887 1279 invi-

2229 1292 2416 1346 sibilis
2441 1300 2495 1348 et
2520 1296 2902 1367 incomposita
2923 1302 2948 1355 ?
2971 1303 3072 1368 Ita,
3088 1321 3219 1359 cum
3239 1307 3783 1382 voluntScripturas
3801 1315 3888 1368 di-

2229 1381 2392 1436 vinas
2416 1385 2577 1452 prius
2608 1387 2933 1458 vituperare
2959 1409 3134 1462 quam
3161 1411 3356 1462 nosse,
3381 1401 3556 1453 etiam
3591 1417 3682 1454 res
3713 1418 3884 1474 aper-

2230 1469 2490 1526 tissimas
2513 1491 2622 1528 non
2651 1475 3004 1546 intelligunt.
3027 1482 3171 1543 Quid
3189 1485 3345 1539 enim
3375 1469 3882 1547 manifestiusdici

2230 1561 2632 1631 potuit,quam
2658 1564 2763 1619 hoc
2788 1567 3009 1623 dictum
3035 1577 3141 1635 est,
3183 1576 3251 1628 In
3282 1577 3558 1647 principio
3582 1581 3714 1647 fecit
3741 1585 3887 1635 Deus

2228 1649 2420 1703 cwlum
2441 1658 2493 1704 et
2525 1661 2726 1707 terram
2741 1672 2760 1713 ,'
2776 1663 2922 1711 terra
2945 1666 3130 1713 autem
3154 1672 3278 1717 erat
3300 1665 3597 1720 invisibilis
3610 1671 3658 1722 et
3677 1671 3887 1726 incom-

2228 1739 2436 1806 posita;
2459 1740 2514 1794 id
2538 1746 2646 1802 est.
2675 1743 2730 1796 ln
2777 1745 3061 1819 principio
3092 1751 3224 1804 fecit
3265 1757 3415 1807 Deus
3447 1755 3657 1812 ccelum
3680 1763 3737 1813 et
3767 1765 3885 1814 ter-

2230 1842 2350 1880 ram
2380 1845 2392 1893 ;
2426 1834 2581 1884 terra
2603 1839 2797 1888 autem
2825 1835 2951 1905 ipsa
2982 1855 3159 1907 quam
3198 1842 3332 1896 fecit
3363 1842 3537 1912 Deus,
3565 1845 3887 1905 invisibilis

2230 1921 2352 1968 erat
2373 1923 2428 1970 et
2453 1916 2858 1991 incomposita,
2880 1930 3193 1996 antequam
3220 1929 3373 1985 Deus
3394 1934 3659 1988 omnium
3681 1952 3882 1992 rerum

2234 2003 2449 2060 formas
2464 2006 2604 2063 locis
2626 2017 2679 2063 et
2694 2013 2932 2067 sedibus
2948 2015 3070 2069 suis
3087 2017 3353 2074 ordinata
3369 2021 3745 2079 distinctione
3765 2027 3886 2082 dis-

2232 2101 2471 2162 poneret
2496 2114 2507 2150 :
2538 2104 2846 2169 antequam
2885 2104 3118 2170 diceret,
3145 2109 3265 2162 Fiat
3287 2108 3405 2176 lux,
3430 2116 3506 2177 et,
3543 2113 3660 2167 Fiat
3681 2115 3883 2184 ﬁrma.-

2227 2187 2490 2246 mentum,
2525 2191 2581 2239 et
2612 2189 3022 2256 Congregentur
3049 2210 3227 2265 aquae,
3262 2203 3337 2263 et,
3369 2200 3645 2269 Appareat
3689 2205 3881 2268 arida,

2231 2275 2286 2323 et
2307 2277 2509 2326 caetera
2529 2290 2653 2343 qua!
2671 2277 2726 2330 in
2748 2279 2945 2334 eodem
2967 2281 3111 2337 libro
3130 2285 3212 2337 sic
3231 2295 3604 2357 exponuntur
3620 2294 3887 2362 perordi-

2232 2363 2888 2427 nem,qucmadmodum
2914 2370 3216 2436 possintea
3238 2376 3459 2442 parvuli
3485 2380 3885 2448 capere?Quze

2231 2447 2430 2500 omnia
2452 2452 2749 2505 continent
2765 2461 2879 2508 tam
2908 2473 3118 2527 magna
3135 2463 3431 2529 mysteria,
3450 2469 3794 2538 utquisqnis
3814 2487 3886 2525 ea

2233 2535 2787 2606 didicerit,omnium
2817 2543 3203 2603 hereticorum
3240 2552 3554 2609 vanitatem
3578 2558 3662 2611 vel
3687 2559 3887 2615 doleat

2233 2624 2370 2694 quia
2401 2626 2668 2684 homines
2701 2640 2861 2698 sunt,
2895 2634 2980 2689 vel
3015 2637 3273 2693 derideat
3301 2642 3435 2710 quia
3453 2646 3690 2715 superbi
3715 2656 3883 2704 sunt.

2301 2714 2353 2766 6.
2385 2716 2663 2786 Sequitur
2685 2720 2738 2773 in
2766 2723 2965 2777 eodem
2991 2724 3158 2793 libro,
3187 2733 3250 2783 Et
3281 2731 3512 2786 tenebrae
3533 2714 3696 2789 erant
3714 2754 3886 2807 super

2231 2801 2683 2872 abyssum.Quod
2712 2810 3010 2866 h‘lanichazi
3038 2819 3474 2885 reprehendunt
3497 2801 3791 2882 dicentesi
3815 2829 3878 2882 In

2234 2893 2487 2948 tenebris
2511 2912 2645 2966 ergo
2668 2904 2790 2952 erat
2812 2899 2982 2971 Deus,
3016 2909 3327 2976 antequam
3381 2908 3592 2965 faceret
3636 2912 3828 2971 lucem
3854 2917 3882 2972 ?

2237 2979 2370 3034 Vere
2395 2984 2502 3053 ipsi
2528 2991 2666 3039 sunt
2688 2988 2744 3040 in
2771 2990 3025 3045 tenebris
3051 2992 3473 3063 ignorantiae,et
3494 2998 3622 3055 ideo
3647 3018 3762 3057 non
3786 3004 3879 3059 in-

2232 3067 2727 3141 telliguntlucem,
2755 3077 2810 3130 in
2845 3095 2962 3149 qua
2991 3081 3142 3135 Deus
3165 3089 3286 3138 erat
3309 3091 3621 3158 antequam
3660 3092 3882 3150 faceret

2231 3155 2401 3213 istam
2426 3159 2634 3217 lucem.
2655 3165 2777 3222 Non
2797 3167 2952 3222 enim
2979 3177 3192 3224 norunt
3213 3171 3535 3240 istilucem,
3565 3179 3876 3251 nisiquam

2229 3249 2456 3304 carneis
2476 3252 2660 3306 oculis
2683 3255 2897 3311 vident.
2919 3257 2980 3310 Et
2998 3258 3122 3313 ideo
3148 3259 3320 3316 istum
3343 3263 3547 3334 solem,
3575 3284 3746 3337 quem
3776 3287 3877 3342 pa-

2230 3337 2370 3392 riter
2397 3357 2506 3395 non
2542 3343 2732 3398 solum
2771 3362 2903 3400 cum
2939 3347 3143 3403 bestiis
3177 3351 3520 3421 majoribus,
3556 3359 3652 3411 sed
3688 3360 3869 3417 etiam

2227 3444 2360 3482 cum
2386 3434 2602 3486 muscis
2620 3435 3021 3490 etvermiculis
3043 3439 3454 3506 cernimus,illi
3478 3445 3563 3499 sic
3590 3447 3791 3504 colunt
3813 3458 3880 3506 ut

2225 3518 2570 3585 particulam
2587 3522 3249 3583 dicantesselucisillius
3267 3530 3319 3583 in
3337 3547 3452 3601 qua
3466 3532 3689 3589 habitat
3707 3539 3876 3595 Deus.

2223 3605 2333 3659 Sed
2367 3623 2472 3662 nos
2502 3609 2896 3681 intelligamus
2917 3614 3082 3669 aliam
3109 3615 3294 3672 lucem
3323 3636 3449 3675 esse
3482 3622 3538 3676 in
3573 3640 3689 3695 qua
3712 3626 3869 3683 Deus

2223 3694 2629 3765 habitat,unde
2651 3707 2740 3755 est
2763 3702 2901 3756 illud
2923 3703 3118 3759 lumen
3143 3708 3212 3761 de
3233 3725 3346 3779 quo
3368 3709 3425 3764 in
3453 3694 3763 3784 Evangelia
3784 3717 3866 3772 le-

2222 3783 2396 3854 gitur,
2419 3788 2544 3841 Erat
2568 3789 2752 3843 Inmen
2770 3807 2978 3857 verum,
2999 3794 3139 3863 quod
3162 3797 3442 3853 illuminat
3462 3816 3674 3858 omnem
3692 3806 3869 3861 homi-

2217 3890 2343 3927 nem
2365 3878 2670 3932 venientem
2693 3880 2750 3932 in
2770 3878 2914 3933 hunc
2942 3883 3206 3937 mundum
3228 3886 3408 3956 (Joan.
3431 3890 3474 3955 1,
3499 3891 3574 3960 9).
3604 3892 3748 3948 Nam
3776 3913 3866 3950 so-

2219 3961 2292 4016 lis
2314 3963 2485 4018 istius
2504 3965 2698 4020 lumen
2725 3984 2836 4021 non
2863 3967 3158 4027 illuminat
3177 3991 3408 4030 omnem
3427 3977 3859 4051 bominem,sed

2218 4067 2429 4121 corpus
2453 4053 2709 4110 hominis
2741 4063 2796 4110 et
2829 4060 3106 4114 mortales
3148 4063 3370 4132 oculos,
3404 4065 3459 4120 in
3506 4068 3722 4138 quibus
3755 4089 3864 4126 nos

2215 4141 2801 4213 vincuntaquilarum
2823 4148 2994 4215 oculi,
3013 4150 3306 4218 quisolcm
3329 4153 3508 4209 istum
3537 4157 3723 4212 multo
3749 4175 3867 4214 rne-

2216 4227 2330 4283 lius
2353 4246 2527 4300 quam
2554 4249 2657 4286 nos
2683 4234 2960 4289 dicuntur
2979 4239 3255 4308 aspicere.
3279 4239 3423 4296 Illud
3447 4250 3641 4300 autem
3664 4245 3866 4303 lumen

2216 4333 2328 4370 non
2354 4318 2842 4377 irrationabilium
2876 4324 3104 4379 aviuml
3135 4330 3340 4386 oculos
3363 4333 3571 4402 pascit,
3593 4336 3691 4390 sed
3722 4354 3871 4408 pura

2213 4407 2388 4460 corda
2416 4425 2615 4463 eorum
2651 4412 2750 4482 qui
2777 4412 2882 4466 deo
2914 4415 3177 4484 credunt,
3209 4423 3264 4472 et
3303 4419 3373 4473 ab
3416 4437 3614 4477 amore
3655 4425 3862 4480 visibi-

2211 4493 2355 4549 lium
2381 4513 2570 4552 rerum
2598 4506 2653 4554 et
2678 4502 3086 4572 temporalium
3115 4522 3176 4560 se
3204 4509 3274 4562 ad
3300 4509 3428 4579 ejus
3453 4519 3740 4584 prmeepta
3762 4516 3870 4570 im-

2213 4584 2423 4653 plenda
2446 4596 2806 4644 convertunt.
2829 4591 2988 4653 Quod
3015 4609 3218 4650 omnes
3243 4597 3509 4655 homines
3533 4609 3784 4671 possunt
3807 4608 3860 4661 si

2208 4673 2651 4747 velint(a),quia
2671 4677 2811 4733 illud
2839 4679 3033 4736 lumen
3061 4700 3291 4741 omnem
3314 4686 3609 4744 hominem
3635 4691 3859 4749 illumi-

2207 4767 2307 4816 nat
2332 4767 2652 4820 venientem
2677 4768 2736 4821 in
2760 4766 2915 4823 hunc
2939 4773 3402 4848 mundum.Ergo
3421 4780 3656 4834 tenebre
3686 4791 3859 4840 erant

2213 4866 2390 4921 super
2423 4852 2697 4922 abyssum
2725 4857 3042 4924 antequam
3076 4857 3175 4912 lux
3218 4859 3331 4916 ista
3361 4864 3559 4918 fieret:
3612 4868 3681 4920 de
3735 4883 3852 4938 qua

2203 4945 2628 5010 consequenter
2657 4941 2764 4995 hoc
2797 4941 2921 4998 loco
2954 4944 3186 5003 dicitur.

2200 5089 2429 5146 CAPUT
2461 5092 2554 5147 IV.
2592 5124 2651 5132 —
2683 5098 2752 5149 In
2781 5095 3154 5164 defensionem
3183 5117 3322 5158 vers.
3355 5104 3389 5158 3
3419 5106 3726 5163 ostenditur
3769 5115 3853 5167 te-

2749 5169 2954 5223 nebras
2983 5172 3127 5225 nihil
3157 5188 3292 5230 esse.

2268 5297 2326 5351 7.
2370 5301 2434 5352 Et
2453 5297 2596 5352 dixit
2629 5302 2787 5370 Deus,
2823 5302 2943 5357 Fiat
2973 5304 3092 5359 lux.
3118 5305 3262 5368 Quia
3299 5309 3398 5364 ubi
3445 5309 3542 5366 lux
3582 5329 3695 5368 non
3731 5321 3846 5386 est,

2199 5389 2448 5440 tenebrm
2480 5391 2636 5455 sunt,
2671 5404 2785 5444 non
2819 5391 2960 5461 quia
2990 5392 3210 5464 aliquid
3244 5403 3386 5452 sunt
3433 5401 3707 5468 tenebras,
3741 5407 3849 5461 sed

2196 5473 2321 5544 ipsa
2345 5473 2495 5532 lucis
2515 5475 2775 5534 absentia
2792 5481 3524 5544 tenebraedicuntur.Sicut
3543 5489 3852 5552 silentium

2195 5578 2309 5618 non
2335 5564 2533 5638 aliqua
2552 5582 2646 5622 res
2667 5570 2775 5636 est,
2800 5568 2902 5624 sed
2931 5569 3027 5626 ubi
3049 5588 3232 5630 sonus
3269 5592 3378 5631 non
3406 5585 3512 5646 est,
3539 5578 3852 5640 silentium

2258 5709 2274 5788 ξ
2291 5700 2791 5788 Ῑξιξίιέμξηέηεαιίωη.
2811 5710 2913 5788 sed
2929 5713 3072 5788 Msa,
3089 5717 3281 5784 avium,
3295 5718 3500 5774 scilicet
3518 5723 3848 5788 aquilarum.

2253 5772 2324 5833 (α)
2355 5772 2372 5820 l
2404 5772 2631 5824 Retract.
2667 5787 2780 5838 cap.
2816 5777 2895 5838 10,
2928 5789 2980 5828 n.
3016 5772 3063 5830 2.
