4030 6358
406 249 516 310 191

407 381 518 436 Sed
552 396 657 435 nec
689 380 802 435 ista
834 383 939 436 aeta
971 383 1228 436 secunda
1257 381 1552 454 generavit
1584 377 1865 451 populum
1924 376 2044 444 Dei,

409 470 546 542 quia
577 487 681 524 nec
723 471 973 541 pueritia
1007 476 1142 543 apta
1181 476 1267 526 est
1291 471 1361 526 ad
1394 470 1816 543 generandum.

478 560 568 615 37.
603 560 661 618 3..
683 577 857 614 τΕτΑε.
884 559 1052 615 Mane
1070 576 1204 632 ergo
1229 561 1291 613 ﬁt
1316 561 1387 615 ab
1419 559 1658 625 Abrah.,
1703 561 1760 612 et
1800 553 2059 612 succedit

409 651 546 704 aetas
569 648 738 703 tertia
757 648 968 704 similis
994 648 1493 703 adolescentiaeEt
1517 648 1662 702 bene
1685 648 2060 716 comparatur

410 737 524 794 diei
550 738 858 808 tertio,quo
882 738 952 793 ab
977 738 1144 809 aquis
1169 743 1319 793 terra
1341 741 1607 807 separata
1628 739 1733 790 est.
1762 735 1844 788 Ab
1872 732 2057 788 omni-

411 828 524 883 bus
546 827 702 882 enim
727 827 1018 899 gentibus,
1044 844 1292 898 quarum
1319 842 1478 881 error
1503 824 1793 880 instabilis
1818 827 1872 877 et
1897 821 2060 875 vanis

411 916 861 972 simulacrorum
898 916 1178 971 doctrinis
1227 922 1504 987 tanquam
1551 916 1739 970 ventis
1787 911 2061 968 omnibus

413 1005 669 1074 mobilis,
691 1006 872 1061 maris
896 1005 1130 1061 nomine
1157 1006 1302 1061 bene
1321 1005 1685 1075 signiﬁcatur
1709 1022 1722 1070 ;
1747 1004 1815 1057 ab
1841 1002 1950 1057 hac
1975 1017 2062 1054 er-

412 1113 484 1170 go
506 1096 765 1168 gentium
789 1095 1044 1150 vanitate
1069 1100 1126 1150 et
1147 1096 1325 1167 hujus
1350 1095 1544 1150 saculi
1592 1093 1869 1148 ﬂuctibus
1898 1107 2062 1161 sepa-

413 1190 576 1240 ratus
602 1189 689 1239 est
710 1184 960 1257 populus
990 1186 1080 1239 Dei
1110 1202 1208 1255 per
1247 1185 1564 1253 Abraham,
1599 1190 1877 1255 tanquam
1914 1184 2068 1233 terra

414 1290 546 1328 cum
573 1274 842 1345 apparuit
867 1273 1050 1341 arida,
1072 1274 1127 1328 id
1153 1279 1259 1342 est,
1285 1275 1490 1330 sitiens
1509 1274 1757 1328 imbrem
1777 1270 2067 1325 ccelestem

412 1363 747 1420 divinorum
773 1364 1184 1419 mandatorum
1213 1381 1225 1419 :
1253 1364 1353 1435 qui
1381 1363 1634 1436 pOpulus
1657 1378 1840 1417 unum
1887 1360 2070 1414 Deum

412 1452 964 1524 colendo,tanquam
989 1453 1727 1526 irrigataterra,utfructus
1748 1450 1920 1506 utiles
1940 1465 2070 1521 pos-

413 1546 504 1600 set
522 1544 985 1610 afferre,sanctas
999 1544 1226 1616 Scriptu
1238 1560 1331 1599 ras
1354 1547 1409 1598 et
1432 1541 1768 1614 Prophetias
1792 1544 1805 1576 ¹
1828 1536 2071 1608 accepit.

416 1631 544 1687 Hrec
573 1631 724 1687 enim
752 1636 892 1688 aetas
917 1633 1242 1705 potuitjam
1285 1649 1565 1706 generare
1612 1629 1893 1704 populum
1939 1631 2073 1681 Deo.

416 1721 555 1796 quia
575 1726 630 1776 et
653 1722 823 1778 tertia
844 1726 1005 1794 aetas,
1034 1723 1090 1777 id
1115 1727 1203 1778 est
1228 1720 1626 1778 adolescentia
1670 1718 1826 1774 ﬁlios
1861 1715 2076 1770 habere

413 1813 532 1885 jam
559 1815 768 1884 potest.
793 1813 862 1866 Et
886 1812 1013 1867 ideo
1037 1812 1107 1866 ad
1134 1811 1426 1867 Abraham
1455 1811 1679 1866 dictum
1705 1812 1794 1864 est
1822 1824 1833 1861 :
1858 1807 2079 1860 Patrem

417 1903 721 1957 multarum
741 1904 986 1972 gentium
1005 1903 1171 1974 posui
1192 1909 1239 1957 te
1261 1902 1360 1971 ’,el
1380 1918 1614 1972 augeam
1638 1904 1688 1955 lc
1708 1898 1880 1954 nimis
1903 1893 2077 1962 valde,

418 1999 469 2048 et
487 2007 688 2064 ponam
711 1999 760 2047 te
779 1993 835 2047 in
848 1996 1113 2061 gentes,et
1133 2007 1283 2061 reges
1301 1992 1372 2047 de
1393 2000 1442 2048 te
1463 1988 2078 2060 exientﬂtponamtes-

419 2087 723 2137 tamentum
739 2097 920 2136 meum
945 2082 1087 2137 inter
1106 2099 1193 2137 me
1212 2086 1264 2138 et
1279 2084 1405 2146 te,et
1427 2081 1572 2136 inter
1589 2096 1774 2134 semen
1792 2083 1948 2131 tuum
1962 2080 2081 2144 post

421 2176 491 2240 te,
518 2174 577 2227 in
596 2174 978 2241 generationes
1001 2189 1182 2227 eorum
1209 2175 1263 2227 in
1291 2175 1678 2228 testamentum
1702 2173 1996 2230 aeternum;
2023 2161 2084 2216 ut

421 2263 525 2316 sim
555 2261 662 2316 tibi
691 2261 849 2326 Deus,
879 2267 930 2316 et
962 2263 1166 2316 semini
1190 2265 1282 2316 tuo
1313 2269 1430 2332 post
1462 2269 1544 2315 te:
1577 2267 1626 2315 et
1650 2258 1786 2312 dabo
1809 2256 1912 2311 tibi
1937 2264 1985 2310 et
2006 2265 2086 2308 se’

426 2351 571 2404 mini
602 2351 695 2404 luo
719 2358 836 2420 post
868 2358 916 2403 te
947 2353 1153 2404 terram
1187 2352 1245 2404 in
1277 2367 1384 2420 qua
1415 2349 1660 2416 habitas;
1711 2362 1922 2403 omnem
1970 2349 2080 2399 ter-

429 2457 554 2494 ram
593 2438 861 2495 Chanaan
894 2440 951 2492 in
981 2441 1374 2510 possessionem
1403 2444 1694 2506 mternam,
1728 2446 1777 2492 et
1823 2452 1914 2492 ero
1963 2435 2082 2489 illis

439 2529 607 2584 Deum
639 2526 788 2594 (Gen.
814 2545 947 2599 xvu,
979 2529 1124 2596 5-8).
1153 2529 1280 2583 Ηωο
1304 2535 1444 2584 aetas
1472 2528 1788 2600 porrigitur
1808 2527 1878 2582 ab
1907 2525 2082 2580 Abra-

436 2617 572 2673 ham
609 2633 796 2688 usque
847 2617 917 2671 ad
978 2617 1153 2672 David
1209 2617 1649 2690 quatuordecim
1701 2614 2081 2689 generationi-

441 2708 574 2763 bus.
604 2706 791 2778 Hujus
823 2723 1062 2779 vespera
1094 2712 1180 2764 est
1213 2708 1268 2762 in
1303 2708 1500 2780 populi
1534 2707 1805 2779 peccatis,
1865 2705 2080 2778 quibus

435 2796 632 2852 divina
669 2797 944 2852 mandata
991 2798 1384 2869 praeteribant,
1438 2814 1624 2868 usque
1674 2797 1743 2852 ad
1796 2793 2078 2850 malitiam

432 2885 675 2959 pessimi
709 2885 861 2955 regis
894 2885 1048 2942 Saiil.

503 2977 594 3030 38.
627 2977 685 3029 4³
713 2991 885 3031 ams.
918 2976 986 3031 Et
1018 2975 1150 3032 inde
1178 2975 1238 3030 ﬁt
1263 2993 1432 3032 mane
1457 2992 1697 3046 regnum
1723 2973 1922 3029 David.
1952 2971 2080 3026 Haec

437 3070 578 3121 tetas
609 3064 822 3120 similis
846 3066 1173 3136 juventutis
1201 3071 1308 3121 est.
1345 3067 1410 3120 Et
1442 3081 1641 3120 revera
1685 3064 1837 3118 inter
1865 3065 2080 3132 'pmnes

433 3158 631 3210 aetates
666 3158 869 3226 regnat
891 3155 1191 3226 juventus,
1227 3159 1282 3210 et
1323 3155 1451 3227 ipsa
1499 3160 1585 3208 est
1616 3154 1850 3206 ﬁrmum
1906 3167 2080 3204 orna-

433 3251 693 3300 mentum
718 3244 734 3278 ¹
762 3244 1028 3299 omnium
1060 3248 1298 3311 aetatum
1327 3260 1339 3298 :
1375 3249 1431 3298 et
1464 3243 1590 3298 ideo
1623 3243 1766 3296 bene
1784 3258 2082 3312 compara-

430 3337 528 3389 tur
557 3337 764 3405 quarto
788 3333 922 3398 diei,
947 3350 1062 3405 quo
1088 3333 1239 3388 facta
1256 3336 1394 3390 sunt
1415 3332 1605 3388 sidera
1629 3332 1685 3386 in
1713 3332 2082 3385 ﬁrmamento

433 3422 583 3478 coeli.
618 3422 766 3490 Quid
798 3422 952 3478 enim
985 3422 1312 3479 evidentius
1370 3421 1658 3492 signiﬁcat
1712 3420 2081 3490 splendorem

432 3511 618 3584 regni,
653 3529 830 3584 quam
863 3511 1002 3567 solis
1034 3511 1414 3568 excellentia?
1446 3512 1508 3566 Et
1532 3511 1758 3583 plebem
1783 3510 2078 3580 obtempe-

436 3608 658 3656 rantem
691 3617 866 3674 regno
896 3601 1172 3673 splendor
1200 3600 1353 3656 lunae
1382 3600 1659 3669 ostendit,
1683 3604 1962 3670 tanquam
1985 3615 2081 3670 sy-

438 3707 724 3764 nagogam
759 3691 970 3763 ipsam,
1005 3697 1060 3748 et
1090 3692 1268 3748 stellae
1303 3691 1591 3764 principes
1621 3693 1769 3764 ejus,
1803 3697 1858 3746 et
1889 3689 2086 3746 omnia

441 3783 724 3852 tanquam
759 3780 817 3836 in
852 3783 1219 3837 ﬁrmamento
1254 3783 1309 3836 in
1343 3781 1505 3854 regni
1537 3781 1852 3837 stabilitate
1884 3779 2087 3834 funda-

441 3873 520 3925 ta.
551 3870 736 3939 Hujus
769 3871 935 3941 quasi
979 3887 1216 3942 vespera
1272 3877 1360 3927 est
1402 3871 1461 3926 in
1512 3871 1762 3943 peccatis
1816 3886 2083 3942 regnum,

443 3958 659 4031 quibus
691 3957 788 4013 illa
820 3976 961 4029 gens
997 3961 1210 4015 meruit
1238 3960 1511 4030 captivari
1554 3948 1727 4032 atque
1778 3959 2012 4014 servire.

515 4046 601 4100 39.
635 4048 694 4102 5³
721 4065 892 4102 aras.
927 4049 994 4102 Et
1025 4049 1087 4102 ﬁt
1120 4066 1285 4104 mane
1303 4049 1740 4122 transmigratio
1767 4049 1823 4103 in
1848 4049 2088 4118 Babylo-

448 4137 765 4205 niam,cum
791 4137 844 4190 in
872 4154 940 4191 ea
960 4138 1244 4208 captivate
1261 4137 1511 4210 populus
1535 4137 1809 4192 leniteriu
1834 4135 2087 4208 peregri-

444 4242 518 4281 no
534 4225 648 4280 otio
667 4225 983 4281 collocatus
999 4227 1181 4282 est.Et
1205 4227 1520 4299 porrigitur
1533 4227 1652 4282 haec
1667 4231 1806 4282 aetas
1822 4242 2006 4296 usque
2019 4225 2090 4280 ad

446 4315 759 4370 adventum
791 4315 1022 4370 Domini
1057 4317 1240 4372 nostri
1269 4317 1407 4372 Jesu
1433 4316 1665 4382 Christi,
1695 4316 1747 4370 id
1775 4319 1864 4370 est
1889 4313 2094 4385 quinta

448 4409 609 4472 tetas,
642 4403 864 4460 scilicet
885 4404 1193 4460 declinatio
1225 4424 1258 4461 a
1278 4407 1585 4476 juventute
1615 4406 1683 4460 ad
1711 4407 2092 4474 senectutem,

448 4495 711 4549 nondum
727 4495 1258 4566 senectus,sedjam
1275 4498 1831 4567 nonjuventuszquze
1847 4491 2094 4548 senioris

450 4587 594 4638 mtas
623 4587 713 4639 est
735 4601 905 4656 quem
933 4583 1112 4640 Graeci
1144 4579 1448 4658 πρεσϐύτην
1483 4588 1708 4640 vocant.
1741 4583 1885 4638 Nam
1919 4600 2096 4638 senex

451 4673 605 4745 apud
637 4690 734 4729 eos
759 4690 871 4728 non
891 4667 1324 4745 πρεσϐύτης,εθὰ
1357 4672 1524 4749 γέρων
1551 4674 1782 4728 dicitur.
1812 4675 1877 4726 Et
1901 4689 2097 4727 revera

449 4762 533 4818 sic
555 4762 669 4819 ista
693 4767 833 4818 tetas
855 4781 887 4818 a
908 4763 1069 4835 regni
1097 4765 1298 4820 robore
1322 4763 1602 4818 inclinata
1621 4767 1677 4818 et
1703 4762 1883 4817 fracta
1915 4766 2004 4816 est
2036 4762 2095 4817 in

449 4851 1473 4925 populoJudazorum,quemadmodu
1486 4869 1536 4906 m
1563 4852 1737 4906 homo
1753 4851 2097 4921 ajuventute

451 4941 517 4995 ﬁt
538 4941 982 4998 senior.Etbene
1004 4941 1472 5015 comparaturilli
1493 4941 1603 4996 diei
1619 4940 1966 5013 quinto,quo
1983 4941 2094 4996 fac-

519 5061 531 5092 ¹
565 5058 760 5118 Regius
789 5061 957 5107 codex
987 5064 1042 5108 et
1069 5058 1174 5108 allii
1205 5059 1476 5120 quinque:
1513 5059 1571 5106 Ut
1599 5058 1755 5120 possit
1776 5059 1975 5116 fructus
1995 5060 2095 5108 uti-

454 5118 534 5192 les;
553 5122 752 5192 afferre
779 5126 1074 5192 sanctarum
1106 5118 1488 5192 Scripturarum
1516 5123 1566 5167 et
1597 5118 1981 5183 Pmphetarum.

455 5246 467 5257 .
514 5183 612 5257 fln
636 5184 783 5257 prius
811 5185 1039 5257 vulgatis
1072 5189 1185 5257 [ξω.
1222 5185 1304 5231 Er.
1337 5188 1387 5254 et
1418 5188 1696 5257 Lovaos-t,
1727 5184 1895 5257 posui,
1917 5185 2102 5234 tabam

452 5246 879 5296 interseruutur:
915 5252 1045 5295 Ante
1075 5247 1233 5294 Deum
1282 5248 1362 5294 cui
1408 5245 1693 5304 credidisti,
1728 5245 1831 5309 ’ίμιὶ
1878 5250 2100 5311 vivi/ica!

453 5315 701 5382 mortuos,
721 5314 766 5356 et
798 5314 1027 5382 tot-utea
1056 5323 1166 5372 quas
1193 5312 1465 5382 non'sunt,
1488 5316 1731 5382 inriguam
1754 5325 1810 5358 ea
1828 5327 1938 5375 quae
1960 5315 2095 5359 sunt.

456 5371 555 5433 Qui
574 5377 756 5420 contra
785 5387 923 5434 spem
944 5372 998 5422 in
1023 5371 1160 5433 spem
1191 5371 1435 5430 credidit,
1464 5375 1520 5420 ut
1549 5371 1691 5429 ﬁeret
1720 5371 1866 5432 pater
1913 5377 2098 5422 multa-

455 5449 571 5482 rum
601 5437 847 5496 gentium,
879 5436 1155 5483 secundum
1187 5434 1327 5497 quod
1352 5434 1540 5482 dictum
1573 5441 1646 5483 ext
1668 5451 1684 5483 :
1699 5437 1781 5485 Sic
1811 5439 1909 5485 erit
1930 5452 2096 5487 semen

457 5501 624 5547 luunt:
654 5512 772 5560 quae
804 5498 986 5547 omnia
1014 5513 1043 5545 a
1068 5499 1190 5546 Mss.
1222 5498 1431 5546 absunt.

523 5561 543 5594 ³
569 5559 739 5610 Editi:
776 5561 1182 5608 Firmamentum
1221 5564 1268 5608 et
1302 5564 1679 5610 ornamentum.
1729 5565 1790 5612 At
1828 5565 1974 5622 Mss.,
2004 5562 2100 5622 [ir-

459 5636 598 5688 gnum
627 5625 1026 5688 ornamentum;
1055 5627 1224 5688 atque
1269 5637 1331 5672 ex
1360 5625 1424 5672 iis
1472 5625 1721 5676 nonnulli
1773 5626 1930 5688 paulo
1981 5626 2100 5687 post

460 5685 677 5744 habent,
709 5691 754 5734 ct
787 5683 982 5748 plebem
1013 5683 1440 5749 obtemperantem
1471 5688 1597 5750 regi.

1216 249 1317 310 DE
1365 250 1645 310 GENESI
1693 246 2006 309 CONTRA
2049 241 2408 313 MANICH.,
2457 238 2522 298 S.
2569 235 2994 298 AUGUSTINI

3699 228 3814 288 192

2161 381 2217 428 ta
2229 376 2367 427 sunt
2381 371 2437 425 in
2455 369 2624 441 aquis
2639 363 3260 431 animalia,etvolatilia
3274 361 3818 435 coeli,posteaquam

2160 461 2242 517 illi
2266 461 2536 515 homines
2553 458 2704 514 inter
2717 460 3230 528 gentes,tanquam
3247 453 3303 507 in
3323 449 3687 520 mari,vivere
3708 465 3820 504 cm-

2161 545 2976 624 perunt,ethabereincertam
3009 544 3209 598 sedem
3226 537 3815 606 etinstabilem,sicut

2161 639 2421 695 volantes
2444 654 2594 692 aves.
2620 637 2730 691 Sed
2757 636 2926 706 plane
2949 637 3113 687 erant
3135 631 3209 686 ibi
3239 631 3416 685 etiam
3440 628 3550 684 ceti
3592 627 3814 699 magni,

2164 729 2218 784 id
2245 736 2331 783 est
2354 727 2436 781 illi
2461 725 2655 798 magni
2679 724 2950 780 homines
2974 722 3072 794 qui
3097 721 3283 791 magis
3313 717 3602 773 dominari
3625 716 3817 772 ﬂucti-

2168 822 2276 873 bus
2309 816 2527 886 szeculi,
2561 832 2730 885 quam
2765 813 2978 868 servire
3008 813 3063 865 in
3099 810 3198 865 illa
3229 808 3561 881 captivitate
3615 811 3817 879 potue-

2168 913 2325 962 runt.
2361 907 2482 961 Non
2515 905 2669 960 enim
2696 905 2766 957 ad
2802 901 3020 958 cultum
3055 899 3344 955 idolorum
3375 896 3573 968 aliquo
3599 902 3822 950 terrore

2169 998 2462 1070 depravati
2487 1001 2645 1051 sunt.
2669 996 2768 1052 Ubi
2796 1011 2934 1049 sane
2956 991 3539 1048 animadvertendum
3561 987 3824 1058 estquod

2171 1089 2463 1144 benedixit
2494 1093 2644 1142 Deus
2678 1086 2773 1140 illa
2806 1083 3078 1139 animalia
3101 1083 3320 1147 dicens,
3357 1080 3588 1135 Crescite
3607 1083 3656 1134 el
3681 1079 3825 1132 mul-

2175 1183 2534 1257 tiplicamini,
2569 1184 2623 1236 et
2654 1181 2875 1250 implete
2896 1193 3063 1249 aquas
3083 1177 3270 1239 maris,
3295 1178 3350 1229 el
3373 1173 3618 1228 volatilia
3640 1171 3830 1224 multi-

2171 1276 2447 1346 plicentur
2466 1287 2632 1342 super
2653 1279 2890 1324 terram:
2925 1265 3062 1337 quia
3087 1281 3278 1318 revera
3299 1279 3441 1335 gens
3461 1260 3802 1316 Judzeorum
3817 1303 3830 1324 ,

2176 1381 2246 1419 ex
2279 1378 2392 1433 quo
2427 1360 2694 1431 dispersa
2722 1361 2809 1412 est
2842 1373 2941 1427 per
2973 1358 3195 1426 gentes,
3229 1350 3395 1406 valde
3438 1347 3832 1421 multiplicata

2177 1457 2285 1509 est.
2313 1451 2500 1521 Hujus
2522 1448 2658 1514 diei,
2684 1448 2792 1503 hoc
2824 1451 2913 1500 est
2942 1445 3121 1515 hujus
3145 1440 3349 1508 zetatis,
3375 1438 3547 1512 quasi
3587 1453 3831 1509 vespera

2179 1548 2268 1600 est
2301 1537 2705 1611 multiplicatio
2738 1540 3105 1608 peccatorum
3132 1533 3186 1586 in
3211 1529 3424 1604 populo
3462 1529 3826 1592 Judaeorum,

2182 1632 2321 1704 quia
2352 1631 2434 1687 sic
2466 1627 2729 1684 excascati
2763 1630 2920 1692 sunt,
2956 1630 3019 1679 ut
3049 1623 3226 1679 etiam
3259 1620 3572 1677 Dominum
3621 1617 3828 1674 Jesum

2183 1721 2476 1777 Christum
2510 1735 2623 1773 non
2660 1721 2898 1788 possent
2919 1727 3254 1785 agnoscere.

2256 1813 2322 1865 40
2348 1813 2406 1865 6a
2431 1809 2779 1865 EusMane
2803 1810 2997 1861 autem
3023 1805 3169 1859 ﬁtex
3191 1797 3830 1874 praadioationeEvang.

2187 1919 2288 1974 per
2310 1900 2625 1956 Dominum
2667 1902 2936 1953 nostrum
2970 1896 3170 1950 Jesum
3197 1891 3517 1958 Christum,
3551 1891 3608 1942 et
3629 1885 3836 1941 ﬁnitur

2187 1992 2310 2047 dies
2345 1990 2617 2062 quintus:
2656 1986 2859 2058 incipit
2880 1990 3099 2053 sextus,
3120 1984 3176 2038 in
3199 1997 3312 2053 quo
3331 1982 3602 2034 senectus
3623 1973 3837 2030 veteris

2187 2079 2447 2137 hominis
2477 2082 2734 2150 apparet.
2761 2075 2878 2130 Hac
2909 2073 3064 2130 enim
3096 2076 3266 2127 aitate
3299 2068 3444 2123 illud
3480 2064 3712 2122 carnale
3743 2081 3834 2119 re-

2187 2186 2366 2244 gnum
2390 2167 2761 2223 vehementer
2783 2165 3046 2220 attritum
3069 2166 3178 2231 est,
3209 2157 3446 2231 quando
3466 2161 3524 2212 et
3546 2153 3838 2226 templum

2189 2260 2475 2329 dejectuin
2505 2259 2611 2322 est,
2642 2261 2699 2310 et
2721 2252 3006 2310 sacriﬁcia
3027 2251 3154 2323 ipsa
3170 2249 3544 2304 cessaverunt
3565 2264 3580 2313 ς
3599 2247 3655 2299 et
3678 2257 3839 2297 nunc

2189 2364 2256 2404 ea
2285 2365 2428 2420 gens
2460 2349 2746 2418 quantum
2780 2344 2850 2399 ad
2885 2341 3048 2414 regni
3081 2339 3174 2395 sui
3205 2339 3352 2393 vires
3383 2335 3611 2400 attinet,
3661 2330 3839 2404 quasi

2189 2443 2507 2494 extremam
2540 2436 2716 2489 vitam
2750 2432 2947 2488 trahit.
2982 2437 3046 2486 1n
3080 2429 3192 2485 ista
3234 2433 3431 2483 tamen
3490 2428 3656 2479 aetate
3712 2426 3841 2476 tan-

2188 2545 2362 2600 quam
2387 2526 2444 2582 in
2462 2528 2762 2580 senectute
2784 2521 2992 2578 veteris
3014 2516 3472 2583 hominis,homo
3496 2528 3682 2568 novus
3706 2527 3842 2566 nas-

2188 2617 2358 2683 citur,
2386 2615 2482 2687 qui
2500 2615 2624 2685 jam
2651 2611 3034 2684 spiritualiter
3056 2608 3210 2664 vivit.
3235 2610 3400 2661 Sexta
3421 2602 3571 2659 enim
3592 2601 3686 2657 die
3708 2600 3840 2656 dicv

2187 2712 2311 2762 tum
2335 2710 2489 2760 erat:
2517 2703 2786 2759 Producat
2807 2710 2953 2757 terra
2969 2700 3219 2755 animam
3243 2696 3438 2751 vivam.
3465 2697 3609 2746 Nam
3627 2689 3840 2762 quinto

2188 2795 2278 2852 die
2301 2790 2523 2850 dictum
2548 2797 2699 2850 erat:
2728 2791 3037 2848 Producant
3077 2801 3257 2858 aquae,
3301 2800 3417 2838 non
3453 2780 3714 2836 animam
3751 2777 3841 2832 vi-

2187 2903 2315 2941 vam
2328 2885 2442 2950 ,sed
2459 2883 2676 2955 reptilia
2689 2882 3014 2935 animarum
3032 2870 3585 2944 vivarum;quoniam
3600 2883 3847 2938 corpora

2189 2972 2684 3046 suntreptilia,et
2731 2971 2921 3026 adhuc
2969 2963 3253 3037 corporali
3293 2958 3740 3017 circumcisione
3785 2961 3846 3010 et

2189 3063 2491 3121 sacriﬁciis
2507 3044 2789 3132 tanquam
2812 3058 2870 3114 in
2892 3056 3036 3112 mari
3063 3052 3332 3110 Gentium
3351 3044 3850 3122 populusilleser-

2187 3153 2377 3209 viebat
2398 3151 2532 3222 Legi
2557 3151 2655 3220 (a).
2684 3151 2861 3203 Istam
2885 3161 3018 3201 vero
3043 3143 3302 3198 animam
3324 3139 3513 3193 vivam
3536 3133 3698 3200 dicit,
3725 3150 3846 3205 qua

2188 3243 2446 3314 vitajam
2469 3239 2759 3310 incipiunt
2781 3242 2994 3292 aeterna
3011 3228 3388 3289 desiderari‘.
3413 3227 3728 3297 Serpentes
3750 3238 3844 3277 er-

2190 3349 2260 3406 go
2279 3312 2337 3387 et
2358 3347 2564 3403 pecora
2586 3346 2712 3399 qua:
2737 3331 2892 3382 terra
2928 3321 3219 3396 producit,
3260 3323 3460 3392 gentes
3501 3312 3846 3386 signiﬁcant

2183 3400 2309 3494 jam
2334 3400 2617 3476 stabiliter
2637 3415 2951 3487 Evangelio
2973 3411 3321 3468 crediturae.
3351 3411 3423 3462 De
3447 3403 3668 3477 quibus
3691 3400 3839 3456 dici-

2193 3489 2287 3566 tur
2306 3512 2363 3564 in
2392 3508 2490 3564 illo
2503 3524 2636 3564 vase
2659 3507 2810 3578 quod
2831 3506 2991 3561 Petro
3006 3502 3470 3557 demonstratum
3495 3499 3585 3549 est
3605 3491 3666 3546 in
3686 3489 3840 3545 Acti-

2194 3600 2304 3655 bus
2327 3595 2754 3670 Apostolorum:
2774 3594 3038 3655 Macto,et
3059 3583 3441 3644 manduca.Et
3461 3598 3593 3638 cum
3617 3578 3839 3634 illeim-

2196 3667 2414 3745 munda
2431 3686 3021 3755 diceret,responsum
3043 3683 3131 3735 est
3151 3678 3365 3745 eizQuae
3385 3667 3842 3733 Deusmundavit,

2196 3783 2257 3834 tu
2282 3795 2348 3832 ne
2370 3774 2655 3831 immunda
2674 3772 3038 3839 dixeris(Act.
3063 3786 3120 3833 χ,
3147 3766 3352 3835 13-15).
3377 3763 3538 3818 Tunc
3568 3760 3632 3814 ﬁt
3666 3757 3844 3812 homo

2197 3865 2266 3921 ad
2286 3863 2602 3934 imaginem
2620 3863 2677 3915 et
2698 3856 3146 3914 similitudinem
3166 3850 3449 3918 Dei,sicut
3471 3848 3525 3901 in
3552 3847 3660 3900 ista
3683 3847 3850 3920 sexta

2199 3957 2363 4008 aitate
2385 3950 2649 4006 nascitur
2680 3949 2737 4003 in
2752 3963 2924 4003 carne
2942 3943 3228 4000 Dominus
3253 3943 3467 4002 noster,
3491 3936 3562 3990 de
3585 3949 3698 4004 quo
3722 3929 3849 3985 dic-

2199 4050 2323 4099 tum
2355 4046 2442 4097 est
2473 4059 2574 4113 per
2606 4038 2972 4112 prophetam,
3007 4039 3071 4091 Et
3103 4034 3257 4088 homo
3287 4033 3384 4099 est,
3415 4033 3464 4082 et
3495 4027 3617 4097 quis
3647 4037 3848 4113 agnos-

2198 4138 2278 4190 cet
2307 4150 2430 4188 eum
2455 4111 2577 4184 {Et
2601 4111 3096 4201 quemadmodum
3128 4122 3186 4176 in
3220 4118 3317 4174 illo
3349 4117 3441 4172 die
3473 4111 3774 4170 masculus
3796 4115 3855 4166 et

2202 4223 2438 4290 femina,
2469 4219 2549 4276 sic
2577 4219 2708 4274 etin
2732 4218 2845 4272 ista
2865 4219 3031 4270 aetate
3068 4209 3333 4267 Christus
3364 4211 3421 4261 et
3451 4201 3725 4259 Ecclesia.
3783 4201 3853 4290 Et

2205 4288 2559 4386 praeponitur
2589 4309 2764 4363 homo
2794 4305 2852 4360 in
2885 4302 2982 4359 illo
3015 4303 3107 4357 die
3138 4297 3442 4371 pecoribus
3474 4299 3530 4348 et
3560 4288 3851 4362 serpenti-

2205 4379 2402 4458 bus—et
2430 4396 2764 4453 volatilibus
2797 4393 2948 4461 coli,
2978 4392 3130 4448 sicut
3158 4389 3218 4444 in
3251 4387 3362 4443 ista
3388 4387 3550 4440 aalate
3580 4379 3853 4437 Christus

2205 4493 2353 4563 regit
2383 4488 2610 4546 animas
2642 4487 3110 4556 obtemperantes
3129 4479 3264 4546 sibi,
3289 4492 3418 4549 qua:
3436 4474 3505 4529 ad
3531 4470 3855 4528 Ecclesium

2205 4559 2354 4652 ejus,
2390 4577 2600 4651 partim
2629 4577 2699 4631 de
2729 4573 3033 4642 Gentibus,
3058 4569 3268 4642 partim
3299 4567 3370 4621 de
3388 4561 3600 4636 populo
3621 4559 3856 4615 Judeeo-

2207 4687 2336 4726 rum
2372 4670 2653 4723 venerunt
2673 4683 2686 4733 ;
2705 4669 2766 4719 ut
2792 4663 2863 4719 ab
2887 4679 2951 4717 eo
2967 4661 3344 4716 domarentur
3361 4659 3534 4724 atque
3549 4665 3857 4706 mansues-

2209 4763 2404 4816 cerent
2434 4756 2720 4821 homines,
2760 4752 2844 4808 vel
2877 4749 3096 4806 carnali
3155 4740 3641 4816 concupiscentia:
3673 4736 3857 4793 dediti

2210 4851 2362 4906 sicut
2404 4863 2631 4920 pecora,
2690 4843 2776 4898 vel
2819 4841 3130 4896 tenebrosa
3178 4833 3515 4892 curiositate
3556 4828 3855 4885 obscurati

2211 4937 2378 5013 quasi
2404 4917 2728 5008 serpentes,
2763 4930 2850 4988 vel
2883 4928 3019 4986 elati
3049 4925 3324 4999 superbia
3366 4919 3533 4996 quasi
3581 4933 3736 4974 aves.
3789 4917 3861 4973 Et

2210 5008 2364 5086 sicut
2392 5028 2451 5082 in
2484 5025 2583 5081 illo
2632 5024 2724 5079 die
2768 5019 3028 5092 pascitur
3070 5017 3245 5072 homo
3282 5018 3339 5070 et
3382 5008 3680 5077 animalia,
3727 5024 3858 5078 quas

2211 5301 2387 5356 homo
2419 5295 2776 5369 quicumque
2798 5291 2987 5346 bonus
3012 5285 3279 5342 minister
3295 5277 3630 5341 estChristi,
3650 5282 3860 5332 etcum

2209 5392 2357 5446 bene
2374 5365 2660 5458 quantum
2685 5385 2874 5454 potest
2894 5378 3178 5443 imitatur,
3198 5388 3331 5430 cum
3353 5371 3482 5443 ipso
3501 5365 3716 5441 populo
3739 5366 3857 5436 spi-

2278 5559 2292 5592 ί
2325 5556 2409 5606 Sic
2443 5554 2566 5601 Mss.
2603 5551 2669 5602 At
2700 5550 2846 5614 prius
2875 5546 3078 5609 vulgati
3106 5544 3344 5595 habent:
3373 5539 3473 5604 Qui
3518 5539 3680 5590 vitam
3731 5537 3864 5590 inci-

2210 5622 2359 5687 piunt
2374 5620 2632 5687 fetentem
2667 5612 2983 5687 desidcf'ftre.

2276 5687 2344 5746 (α)
2374 5681 2393 5731 Ι
2423 5681 2654 5731 Retract.
2686 5690 2801 5740 cap.
2836 5677 2908 5740 to,
2941 5685 2997 5724 n.
3027 5672 3074 5724 3.
