4030 6378
117 347 206 407 19⁸1

110 482 251 538 Adam
287 499 300 538 :
336 484 484 552 Quia
511 483 717 539 audisti
748 500 926 540 vocem
954 483 1208 539 mulieris
1240 491 1373 547 tuae,
1404 490 1455 538 et
1505 480 1742 536 mandu—

108 573 221 626 msti
252 573 318 628 de
346 575 498 640 tigno
525 573 592 628 de
622 590 725 646 quo
751 589 1127 646 praeceperant
1157 574 1278 641 tibi,
1314 589 1383 627 ex
1413 572 1510 627 illo
1532 572 1649 626 solo
1679 587 1748 624 ne

113 662 297 726 ederes,
325 662 688 718 malededicta
710 671 857 718 terra
887 667 995 719 erit
1021 664 1124 718 tibi
1147 666 1204 718 in
1222 664 1471 718 omnibus
1491 660 1747 732 operibus

111 753 221 810 tuis.
256 760 306 806 et
339 755 400 806 in
427 755 661 808 tristitia
710 763 764 809 et
807 754 1014 825 gemitu
1061 756 1154 809 tuo
1182 752 1538 807 marducabis
1586 766 1656 805 ex
1684 766 1748 806 ea

116 841 344 895 omnibus
369 841 560 896 diebus
581 844 704 898 vitm
725 844 1058 915 tuw.Spinas
1079 849 1132 897 et
1149 841 1388 898 tribulos
1407 841 1746 912 germinabit

115 930 269 997 tibi,et
287 928 412 984 edes
438 930 707 999 pabulum
736 932 862 1000 agri
883 933 1052 986 tui.In
1085 929 1282 985 sudore
1302 931 1481 984 vultus
1511 931 1597 984 tui
1626 928 1746 983 edes

114 1033 295 1088 panem
325 1021 476 1072 tuum
489 1063 501 1085 ,
520 1019 689 1074 donec
705 1021 1002 1075 revertaris
1025 1021 1086 1074 in
1107 1023 1333 1088 terram,
1352 1020 1418 1073 de
1433 1036 1537 1090 qua
1558 1034 1744 1087 sump-

116 1114 188 1162 tus
214 1125 303 1169 es;
334 1111 465 1181 quia
486 1118 632 1164 terra
652 1126 727 1174 es,
751 1112 800 1164 et
832 1112 888 1165 in
919 1114 1126 1165 terram
1165 1111 1291 1165 ibis.
1318 1111 1380 1164 Et
1418 1119 1548 1164 tunc
1578 1109 1748 1163 Adam

117 1200 352 1269 imposuit
370 1215 572 1254 nomen
589 1201 764 1254 uxori
779 1215 917 1267 suae,
962 1201 1119 1265 Vita,-
1149 1201 1277 1271 quia
1307 1203 1481 1254 mater
1511 1202 1592 1254 est
1630 1213 1744 1253 om-

116 1290 248 1342 nium
266 1290 535 1343 vivorum.
560 1291 632 1342 Et
652 1292 782 1343 tunc
813 1291 944 1358 fecit
960 1290 1223 1344 Dominus
1246 1289 1387 1343 Deus
1411 1287 1534 1342 Adae
1555 1297 1603 1342 et
1625 1305 1744 1342 mu-

119 1376 232 1433 lieri
257 1379 372 1442 eius
404 1378 617 1433 tunicas
652 1379 932 1449 pelticeas,
979 1383 1031 1433 et
1063 1378 1244 1434 induit
1282 1379 1430 1433 illos.
1466 1380 1531 1434 Et
1560 1377 1703 1432 dixit
1726 1393 1745 1430 :

120 1472 231 1523 Ecce
249 1468 418 1522 Adam
438 1471 614 1537 [actus
637 1477 714 1523 est
735 1473 1002 1540 tanquam
1029 1485 1173 1523 unus
1194 1485 1264 1524 ex
1284 1469 1458 1537 nobis,
1480 1467 1555 1523 ad
1572 1469 1746 1521 scien-

115 1559 234 1611 tiam
252 1556 606 1627 cognoscendi
626 1558 827 1612 bonum
850 1567 900 1613 et
919 1559 1145 1613 malum.
1171 1559 1235 1612 Et
1265 1562 1396 1613 tunc
1415 1574 1482 1613 ne
1500 1558 1746 1629 porrige-

117 1655 188 1700 ret
202 1663 423 1700 manum
441 1663 602 1701 suam
623 1647 794 1702 Adam
813 1647 882 1703 ad
903 1648 1156 1704 arborem
1187 1649 1317 1704 vitae
1335 1656 1389 1702 et
1412 1650 1649 1702 sumeret
1672 1648 1747 1699 si-

116 1735 164 1788 bi
186 1735 382 1798 inde,et
407 1735 586 1791 ederet
601 1745 653 1791 et
674 1739 872 1792 viveret
893 1739 952 1791 in
967 1738 1480 1802 aeternumﬁimisit
1495 1752 1620 1792 eum
1645 1736 1744 1790 Do-

116 1825 286 1879 minus
303 1829 447 1880 Deus
462 1826 533 1880 de
545 1826 801 1896 paradiso
812 1843 909 1881 sua
917 1828 1119 1891 vitatis,
1131 1831 1362 1894 utopera
1370 1835 1524 1882 retur
1541 1830 1749 1880 terram

115 1913 170 1969 de
187 1930 288 1985 qua
316 1918 371 1968 et
385 1923 630 1984 sumptus
649 1919 858 1986 luerat.
893 1916 956 1970 Et
975 1917 1169 1987 ejectus
1196 1918 1346 1985 foras
1385 1915 1448 1972 de
1466 1914 1748 1986 paradiso,

120 2011 352 2056 moratus
381 2005 460 2056 est
500 2012 689 2058 contra
718 2004 1036 2075 paradisum
1065 2004 1754 2076 voluptatis.EtCherubim

116 2100 160 2145 et
197 2091 355 2147 illam
402 2093 717 2161 ﬂammeam
765 2095 1045 2164 frameam
1095 2109 1220 2166 quae
1265 2097 1532 2158 versatur,
1573 2095 1755 2165 posuit

119 2181 246 2235 Deus
274 2183 348 2236 ad
379 2181 786 2237 custodiendam
816 2185 963 2238 viam
994 2185 1205 2240 arboris
1236 2186 1380 2242 vitae.

185 2288 408 2344 CAPUT
447 2289 517 2344 II.
551 2321 618 2331 -—
650 2289 866 2346 Genesis
897 2292 966 2346 ad
1006 2293 1248 2348 litteram
1280 2293 1480 2365 ubique
1511 2308 1617 2345 mm

707 2369 878 2425 potest
905 2368 1128 2435 exponi.

181 2450 230 2505 3.
260 2450 389 2505 llzec
421 2457 643 2506 secreta
665 2453 970 2509 verborum
1003 2456 1050 2509 si
1103 2471 1215 2509 non
1269 2454 1758 2525 reprehendentes

119 2544 169 2590 et
201 2545 564 2609 accusantes,
599 2541 697 2596 sed
732 2549 1056 2613 quaarentes
1104 2549 1160 2597 et
1207 2548 1534 2598 reverentes
1577 2541 1756 2596 Mani-

119 2627 248 2682 chaai
301 2628 546 2684 mallent
590 2630 902 2696 discutere,
938 2649 1054 2686 non
1105 2638 1300 2686 essent
1342 2631 1541 2702 utique
1573 2630 1757 2684 Mani-

117 2717 247 2770 chzei
277 2736 287 2779 ;
324 2719 426 2772 sed
459 2719 700 2773 daretur
730 2720 1086 2790 petentibus,
1137 2726 1192 2776 et
1244 2724 1568 2792 quaerentes
1600 2720 1757 2774 inve-

120 2807 385 2874 nirent,et
408 2806 777 2879 pulsantibus
801 2809 1356 2881 aperiretur.Plores
1387 2811 1542 2865 enim
1571 2827 1759 2881 quaes-

116 2894 291 2950 tiones
318 2896 376 2951 in
405 2895 510 2952 hoc
533 2914 800 2954 sermone
825 2906 1177 2972 proponunt,
1205 2901 1303 2972 qui
1331 2900 1635 2972 diligentia
1669 2899 1764 2970 pia

119 2990 400 3052 quaerunt,
426 3003 601 3056 quam
627 2985 721 3042 isti
751 2988 947 3044 miseri
978 2995 1152 3062 atque
1183 2990 1349 3061 impii
1376 3007 1388 3044 :
1415 2989 1514 3044 sed
1551 2989 1656 3044 hoc
1680 2988 1763 3042 in-

117 3076 484 3146 terest,qu0d
521 3075 604 3130 illi
636 3083 903 3148 quaerunt
935 3085 998 3133 ut
1027 3079 1350 3146 inveniant,
1374 3079 1468 3135 isti
1501 3078 1644 3133 nihil
1679 3079 1760 3133 la-

119 3162 335 3232 borant,
371 3165 484 3220 nisi
521 3183 634 3220 non
668 3167 927 3222 invenire
955 3170 1107 3240 quod
1142 3174 1432 3240 quaerunt.
1475 3169 1578 3223 Hic
1627 3185 1762 3240 ergo

117 3255 266 3306 totus
296 3270 492 3308 sermo
527 3255 713 3324 primo
747 3258 1071 3312 secundum
1104 3257 1410 3313 historiam
1444 3257 1761 3312 discutien-

118 3339 219 3394 dus
249 3346 359 3409 est,
397 3343 608 3397 deinde
639 3346 962 3400 secundum
1012 3347 1759 3419 prophetiam.Secundum

117 3426 418 3485 historiam
469 3432 619 3485 facta
666 3438 998 3501 narrantur,
1028 3435 1350 3491 secundum
1398 3435 1760 3508 prophetiam

120 3516 315 3573 futura
345 3522 835 3588 prrsuuntiantor.
869 3523 1019 3579 Sane
1051 3525 1322 3596 quisquis
1353 3525 1602 3581 voluerit
1634 3541 1763 3580 om-

122 3605 211 3661 nia
242 3624 371 3678 quae
406 3609 563 3664 dicta
596 3615 752 3680 sunt,
787 3612 1108 3668 secundum
1134 3613 1386 3669 litteram
1420 3612 1764 3686 accipere,id

119 3701 197 3750 est
231 3714 346 3752 non
383 3697 552 3753 aliter
582 3697 907 3772 intelligere
938 3719 1113 3774 quam
1148 3704 1339 3758 littera
1368 3709 1559 3770 sonat,
1587 3708 1642 3758 et
1673 3720 1768 3774 po-

117 3785 287 3840 tuerit
329 3789 551 3843 evitare
602 3787 1018 3860 blasphemias,
1053 3796 1107 3847 et
1137 3793 1334 3847 omnia
1387 3792 1769 3866 congruentia

117 3874 240 3929 ﬁdei
272 3876 575 3932 catholica:
629 3880 964 3950 praedicare,
1004 3897 1120 3936 non
1174 3882 1366 3938 solum
1423 3883 1474 3937 ei
1519 3900 1634 3938 non
1677 3886 1768 3938 est

119 3964 521 4030 invidendum,
556 3969 656 4024 sed
679 3969 1020 4043 praecipuus
1054 3972 1424 4045 multumque
1456 3973 1769 4030 laudabilis

120 4054 445 4113 intellector
476 4058 778 4116 habendus
805 4065 911 4116 est.
935 4060 989 4114 Si
1024 4067 1215 4118 autem
1241 4062 1436 4119 nullus
1459 4065 1648 4120 exitus
1669 4065 1768 4120 da-

118 4148 226 4213 tur,
260 4153 326 4202 ut
350 4149 446 4219 pie
469 4151 528 4202 et
549 4148 722 4220 digne
742 4149 854 4206 Deo
880 4167 1004 4222 quas
1029 4151 1244 4223 scripta
1273 4159 1412 4209 sunt
1436 4154 1769 4227 intelligan-

118 4238 226 4301 tur,
264 4236 377 4290 nisi
414 4237 662 4309 ﬁgurate
693 4242 868 4311 atque
911 4241 970 4295 in
1015 4242 1424 4314 aanigmatibus
1475 4245 1771 4317 proposita

119 4321 222 4379 ista
250 4326 608 4395 credamus;
643 4327 923 4386 habentes
954 4333 1357 4388 auctoritatem
1390 4333 1771 4406 apostolicam

119 4430 150 4465 a
176 4414 394 4485 quibus
429 4422 552 4470 tam
589 4415 773 4472 multa
813 4419 882 4474 de
929 4418 1095 4476 libris
1143 4421 1365 4478 Veteris
1413 4423 1771 4480 Testamenti

120 4503 427 4560 solvuntur
504 4506 838 4577 anigmata,
897 4510 1136 4565 modum
1195 4528 1368 4583 quem
1412 4513 1774 4570 intendimus

120 4598 442 4664 teneamus,
482 4596 800 4666 adjuvante
834 4597 931 4654 illo
964 4600 1063 4671 qui
1094 4617 1199 4657 nos
1249 4607 1464 4673 petere,
1517 4619 1776 4675 quaerere

123 4687 172 4734 et
202 4687 440 4754 pulsare
477 4685 824 4742 adhortatur
854 4688 1058 4756 (Matth.
1093 4708 1192 4758 vn,
1225 4693 1317 4764 7);
1355 4697 1418 4747 ut
1460 4710 1664 4749 omnes
1694 4694 1774 4750 is-

122 4776 202 4826 tas
241 4775 471 4846 ﬁguras
531 4792 723 4830 rerum
784 4780 1106 4834 secundum
1170 4782 1517 4837 catholicam
1576 4785 1774 4852 tidem,

123 4863 231 4916 sive
261 4881 392 4935 qure
425 4865 502 4918 ad
548 4863 872 4936 historiam,
925 4869 1044 4924 sive
1098 4888 1224 4942 quas
1286 4873 1356 4927 ad
1408 4873 1776 4945 prophetiam

124 4953 428 5020 pertinent,
468 4954 855 5026 explicemus,
891 4975 1004 5013 non
1053 4961 1501 5032 prajudicantes
1552 4961 1776 5018 meliori

123 5042 604 5115 diligentiorique
639 5048 935 5113 tractatui,
994 5051 1114 5105 sive
1161 5068 1260 5122 per
1322 5070 1446 5118 nos,
1508 5057 1627 5108 sive
1677 5069 1780 5125 per

122 5131 254 5187 alios
281 5135 511 5206 quibus
552 5134 829 5190 Dominus
863 5137 1116 5194 revelare
1147 5141 1442 5212 dignatur.

121 5239 334 5321 C.\l’U_T
357 5242 401 5296 ll
412 5241 541 5296 1.-
568 5241 770 5321 Viride
787 5246 1064 5321 agriquid
1081 5247 1344 5318 designat,
1363 5267 1497 5306 vers.
1522 5252 1575 5318 5,
1600 5269 1698 5321 cap
1720 5255 1772 5306 2.

191 5313 236 5366 4.
261 5317 459 5370 Factus
481 5321 564 5368 est
585 5331 716 5383 ergo
736 5314 870 5385 dies,
903 5313 1008 5388 quo
1049 5321 1140 5374 die
1170 5313 1303 5392 fecit
1329 5323 1469 5378 Deus
1503 5313 1700 5378 cretum
1729 5328 1780 5378 et

125 5409 260 5455 terra
273 5421 340 5473 νη,
366 5408 418 5458 et
438 5419 604 5458 omne
631 5404 804 5461 viride
825 5409 1272 5479 agri,untequa.m
1291 5418 1467 5468 essent
1486 5429 1652 5484 super
1670 5418 1779 5468 ter-

126 5509 235 5547 ram
257 5496 296 5563 ¹,
329 5505 381 5550 et
406 5509 578 5550 omne
605 5494 871 5560 pabulum
901 5499 1046 5566 agri.
1082 5499 1366 5572 Superius
1397 5507 1622 5575 septem
1655 5504 1780 5559 dies

128 5584 1356 5662 numerantur,nuncunusdiciturdiesquo
1373 5591 1465 5648 die
1481 5593 1612 5648 fecit
1631 5597 1780 5650 Deus

129 5674 321 5730 cretum
339 5682 399 5730 et
418 5681 670 5741 terram,
689 5680 744 5729 et
761 5691 933 5732 omne
946 5678 1126 5735 viride
1140 5681 1286 5753 agri,
1308 5686 1363 5737 et
1381 5699 1555 5740 omne
1591 5683 1777 5756 pabu-

184 5774 199 5808 ί
236 5773 386 5825 Ven.:
423 5772 724 5838 Antequam
755 5776 883 5827 esset
917 5789 1070 5844 super
1099 5780 1312 5832 terram.
1408 5781 1478 5832 M.

1446 345 1677 409 LIBER
1725 347 2164 409 SECUNDUS.

3395 357 3511 416 198

1855 480 2178 552 lum,cujus
2201 484 2313 539 diei
2343 485 2578 540 nomine
2593 489 3016 557 omnetempus
3029 487 3346 558 signiﬁcari
3363 490 3511 545 bene

1854 569 2216 642 intelligitur.
2231 574 2386 628 Fecit
2403 575 2555 628 enim
2575 575 2914 630 Deusomne
2929 581 3161 646 tempus
3181 577 3355 632 simul
3373 596 3507 635 cum

1855 661 2129 716 omnibus
2159 663 2441 718 creaturis
2465 669 2579 718 tem
2593 663 3050 736 poralibus,quae
3071 670 3349 722 creaturas
3372 667 3510 724 visi-

1855 749 1998 804 biles
2020 749 2146 805 ασειὶ
2170 756 2226 805 et.
2249 757 2412 806 terra
2436 755 2672 808 nomine
2696 754 3126 826 significantur.
3154 756 3379 811 Movere
3408 775 3510 812 au-

1851 842 1968 893 tem
1997 857 2102 894 nos
2127 841 2297 896 debet
2322 843 2392 896 ad
2417 844 2822 914 quaerendum,
2842 845 2995 915 quod
3029 861 3161 900 cum
3187 845 3364 912 diem,
3411 847 3512 920 qui

1858 928 2044 983 iactus
2068 934 2174 996 est,
2200 936 2255 984 et
2281 931 2513 998 coelum,
2539 938 2593 986 et
2617 938 2831 988 terram
2854 935 3251 989 nominasset‘
3296 935 3512 1007 adjecit

1853 1019 2026 1074 etiam
2039 1021 2245 1079 ,viride
2260 1023 2462 1089 agri,et
2481 1037 2642 1077 omne
2657 1023 3072 1093 pabulumNon
3092 1025 3245 1080 enim
3272 1027 3508 1097 quando

1855 1107 2073 1162 dictum
2099 1113 2208 1175 est,
2245 1111 2300 1164 In
2325 1110 2600 1182 principio
2632 1113 2764 1180 fecit
2795 1113 2934 1166 Deus
2963 1112 3154 1166 cretum
3188 1117 3238 1168 et
3270 1119 3504 1185 terram,

1855 1201 1992 1251 tunc
2015 1198 2238 1253 dictum
2261 1203 2368 1261 est,
2394 1201 2609 1255 factum
2637 1217 2765 1256 esse
2790 1217 2958 1256 omne
2980 1201 3161 1257 viride
3183 1203 3304 1274 agri
3330 1208 3386 1259 et
3402 1221 3507 1277 pa-

1854 1286 2057 1341 bulum
2082 1304 2093 1342 :
2120 1289 2427 1344 manifeste
2450 1289 2601 1345 enim
2638 1289 2870 1359 legitur,
2905 1292 3057 1360 quod
3086 1292 3254 1347 tertio
3277 1292 3369 1349 die
3388 1295 3506 1350 fac-

1852 1379 1977 1430 tum
2003 1381 2287 1432 estomne
2307 1377 2486 1433 viride
2521 1384 2575 1433 et
2597 1378 2879 1449 pabulum
2915 1381 3058 1452 agri.
3102 1381 3262 1445 Quod
3309 1387 3504 1439 autem

1855 1463 2074 1518 dictum
2092 1468 2267 1531 est,ln
2286 1469 2567 1538 principio
2587 1470 2718 1537 fecit
2730 1469 3075 1523 Deusri‘rlum
3093 1477 3143 1524 et
3155 1478 3503 1540 terram,non

1855 1553 2108 1625 pertinet
2129 1556 2200 1609 ad
2224 1555 2476 1627 aliquem
2517 1556 2746 1612 dierum
2771 1574 2840 1612 ex
2865 1557 2982 1613 illis
3012 1563 3233 1630 septem
3270 1561 3498 1618 diebus.

1856 1641 2062 1697 Adhuc
2084 1642 2239 1698 enim
2264 1643 2351 1699 vel
2376 1644 2678 1700 materiam
2703 1645 2886 1717 ipsam
2903 1665 2933 1701 u
2947 1647 3054 1701 nde
3069 1647 3220 1703 facta
3232 1655 3508 1706 suntom-

1857 1731 2109 1796 nia,cceli
2133 1738 2188 1788 et
2201 1739 2365 1788 terrze
2391 1735 2626 1790 nomine
2645 1737 3138 1808 nuncupabatzvel
3164 1743 3321 1795 certe
3343 1741 3509 1812 prius

1858 1825 2038 1876 totam
2063 1828 2414 1889 creaturam,
2440 1823 2564 1879 coeli
2589 1832 2646 1880 et
2666 1829 2721 1881 et
2744 1830 2907 1880 terrae
2931 1827 3168 1882 nomine
3186 1845 3509 1901 proposue-

1859 1915 1949 1966 rat
1973 1911 2308 1978 dicendo,ln
2329 1915 2601 1985 principio
2620 1915 2755 1983 fecit
2777 1916 2912 1970 Deus
2932 1917 3124 1971 caelum
3142 1921 3193 1972 et
3214 1924 3511 1986 terram;et

1858 2004 2061 2072 postea
2086 2001 2478 2072 particulatim
2505 2021 2604 2074 per
2623 2004 2887 2059 ordinem
2916 2005 3144 2060 dierum
3168 2007 3318 2062 sicut
3341 2025 3513 2080 opor-

1859 2091 2282 2161 tebat,propter
2305 2093 2878 2164 prophetiam,quam
2895 2095 2952 2147 in
2979 2095 3167 2166 primo
3189 2096 3337 2152 libro
3352 2115 3511 2153 com-

1861 2179 2438 2246 memoravimus,Dei
2464 2197 2636 2253 opera
2651 2187 2959 2237 exsecutus
2978 2185 3416 2254 exposuit.0uid
3435 2187 3514 2242 si-

1861 2267 1913 2324 bi
1935 2285 2069 2340 ergo
2093 2269 2216 2324 vult
2234 2271 2387 2341 quod
2408 2288 2563 2325 nunc
2587 2272 2886 2326 nominato
2907 2272 3047 2327 cmlo
3071 2279 3128 2327 et
3151 2282 3322 2344 terra,
3347 2276 3519 2331 addi-

1864 2357 1970 2422 dit,
2005 2358 2174 2413 viride
2197 2361 2321 2426 agri
2346 2362 2394 2414 et
2413 2360 2699 2429 pabulum,
2735 2360 2988 2415 ettacoit
3009 2367 3211 2417 caetera
3228 2368 3348 2418 tam
3365 2365 3518 2420 mul-

1867 2451 1942 2512 ta,
1976 2464 2101 2517 qua:
2135 2453 2274 2502 sunt
2307 2447 2361 2502 in
2395 2448 2537 2504 ccelo
2568 2455 2624 2502 et
2656 2451 2712 2505 in
2746 2454 2918 2516 terra,
2945 2451 3030 2505 vel
3052 2453 3303 2507 etiamin
3328 2455 3474 2509 mari
3504 2472 3517 2509 :

1867 2537 1977 2591 nisi
2003 2537 2139 2608 quia
2160 2537 2344 2593 viride
2367 2539 2489 2610 agri
2514 2538 2864 2593 invisibilem
2898 2545 3226 2597 creaturam
3258 2542 3384 2597 vult
3432 2543 3522 2598 in--

1864 2626 2067 2698 telligi,
2104 2628 2254 2681 sicut
2283 2632 2369 2682 est
2399 2628 2596 2682 anima
2618 2628 2646 2682 ?
2677 2631 2826 2699 Ager
2855 2629 3011 2684 enim
3043 2630 3193 2686 solet
3220 2631 3277 2686 in
3329 2633 3522 2705 Scrip-

1865 2717 2015 2772 turis
2049 2717 2293 2788 figurate
2323 2718 2578 2772 mundus
2608 2718 2907 2790 appellari.
2942 2719 3086 2774 Nam
3110 2720 3302 2791 etipse
3330 2723 3521 2778 Domi-

1867 2823 2000 2861 nus.
2036 2807 2180 2878 Ager
2199 2809 2275 2860 est
2297 2807 2405 2870 hic,
2431 2807 2884 2878 inquit,mundus
2905 2808 3111 2878 (Matth.
3133 2812 3518 2883 xm,38),cum

1868 2897 2028 2951 illam
2057 2895 2394 2967 parabolam
2430 2903 2764 2965 exponeret,
2805 2898 2899 2951 ubi
2934 2899 3084 2953 bono
3119 2900 3328 2955 semini
3380 2905 3522 2958 sunt

1868 2984 2182 3040 commixta
2212 2984 2453 3040 zizania.
2483 2985 2679 3040 Viride
2711 3002 2847 3056 ergo
2878 2987 3001 3059 agri
3037 2988 3401 3059 spiritualem
3437 2996 3524 3047 at-

1869 3089 1981 3144 que
2014 3071 2366 3127 invisibilem
2400 3078 2725 3128 creaturam
2758 3073 2920 3141 dicit,
2973 3080 3207 3146 propter
3258 3078 3513 3149 vigorem

1867 3163 2016 3228 vitae,
2050 3169 2106 3216 et
2137 3163 2372 3216 nomine
2407 3161 2605 3234 pabuli
2636 3164 2837 3235 utique
2869 3170 3105 3236 propter
3149 3166 3329 3223 vitam
3373 3169 3519 3225 bene

1871 3251 1977 3307 hoc
2008 3252 2202 3323 ipsum
2235 3251 2693 3324 interpretamur
2722 3254 2818 3324 (α).

1940 3344 1991 3396 5.
2020 3326 2233 3396 Dei‘dde
2255 3342 2408 3412 quod
2433 3342 2678 3406 addidit,
2712 3347 3012 3416 antequam
3033 3356 3206 3401 essent
3235 3364 3400 3419 super
3415 3357 3520 3404 ter-

1871 3449 2014 3502 ram,
2048 3430 2399 3502 intelligitur
2427 3437 2742 3502 antequam
2780 3434 2976 3489 anima
3008 3441 3292 3506 peccaret.
3317 3438 3520 3494 Terre-

1872 3523 1964 3577 nis
1983 3521 2134 3575 enim
2153 3520 2574 3592 cupiditatibus
2588 3521 3194 3595 sordidata,tanquam
3211 3533 3520 3598 superter-

1873 3629 1997 3668 ram
2020 3616 2175 3679 nata,
2209 3610 2297 3666 vel
2331 3629 2505 3683 super
2529 3615 2744 3667 terram
2771 3629 2918 3680 esse,
2943 3615 3344 3672 rectedicitur:
3369 3617 3528 3674 ideo-

1875 3719 1986 3772 que
2000 3701 2509 3767 addidit,Nondum
2535 3705 2686 3757 enim
2699 3704 2918 3773 pluerat
2946 3704 3085 3758 Deus
3105 3721 3272 3776 supra
3293 3710 3520 3763 terram.

1946 3807 2179 3864 CAPUT
2198 3808 2291 3863 IV.
2317 3839 2384 3848 —-
2409 3808 2550 3877 Quid
2570 3809 2939 3884 sit,Nondum
2966 3810 3196 3882 pluerat
3217 3819 3526 3884 superter-

2505 3898 2651 3948 ram,
2686 3897 2822 3936 vers.
2845 3883 2898 3936 5.

1949 3970 2095 4036 Quia
2127 3975 2182 4024 et
2213 3987 2369 4025 nunc
2398 3970 2580 4025 viride
2612 3970 2736 4042 agri
2767 3971 2920 4026 Deus
2954 3970 3109 4040 facit,
3142 3974 3238 4028 sed
3263 3973 3526 4045 pluendo

1879 4079 2055 4133 super
2079 4066 2320 4124 terram,
2355 4060 2406 4114 id
2445 4064 2553 4128 est,
2592 4060 2725 4114 facit
2757 4061 2990 4116 animas
3031 4063 3375 4118 revirescere
3428 4081 3528 4135 per

1877 4152 2117 4207 verbum
2153 4165 2326 4205 suum
2357 4174 2370 4214 ;
2400 4149 2498 4203 sed
2531 4149 2600 4202 de
2635 4149 2893 4204 nubibus
2914 4167 3013 4204 eas
3037 4149 3324 4221 irrigat,id
3348 4157 3438 4207 est
3458 4153 3528 4208 de

1880 4239 2199 4312 Scripturis
2237 4237 2658 4308 Prophetarum
2687 4241 2743 4292 et
2784 4237 3403 4309 Apostolorum.Becte
3424 4258 3529 4296 au-
3575 4231 3582 4237 ’

1881 4335 1999 4386 tem
2030 4328 2404 4401 appellantur
2421 4328 2627 4389 nubes.
2659 4327 2794 4398 quia
2812 4329 2988 4384 verba
3021 4329 3130 4383 ista
3161 4345 3286 4400 quas
3319 4334 3534 4386 sonant

1879 4424 1935 4474 et
1958 4435 2234 4490 percusso
2259 4433 2388 4472 aere
2411 4421 2738 4482 transeunt,
2765 4417 2962 4471 addita
2978 4415 3152 4471 etiam
3173 4418 3532 4473 obscuritate

1881 4508 2293 4580 allegoriarum
2315 4507 2483 4578 quasi
2501 4505 2695 4576 aliqua
2719 4505 3533 4576 caligineobducta,velutnu-

1883 4604 1984 4658 bes
2009 4601 2319 4670 fiuntque:
2343 4597 2802 4652 dumtractando
2822 4597 3254 4668 exprimuntur,
3280 4599 3533 4654 benein-

1881 4688 2278 4762 telligentibus
2295 4693 2579 4758 tanquam
2597 4686 2782 4740 imber
2796 4685 3534 4742 veritatisinl'unditur.Sed

1883 4782 1990 4836 hoc
2017 4780 2274 4835 nondum
2296 4783 2420 4832 erat.
2438 4785 2754 4847 antequam
2789 4775 2986 4830 anima
3027 4782 3320 4846 peccaret;
3347 4776 3406 4832 id
3428 4781 3535 4840 est,

1884 4877 2195 4940 antequam
2223 4867 2404 4920 viride
2453 4865 2575 4937 agri
2612 4871 2768 4920 esset
2805 4882 2982 4936 super
3019 4871 3253 4921 terram.
3279 4866 3536 4922 Nondum

1883 4963 2031 5017 enim
2051 4960 2274 5030 pluerat
2290 4957 2427 5010 Deus
2446 4971 2608 5025 super
2631 4960 2858 5022 terram,
2885 4972 2981 5008 nec
3003 4959 3117 5008 erat
3133 4955 3293 5010 homo
3312 4957 3406 5026 qui
3417 4971 3538 5026 ope-

1885 5060 2105 5105 raretur
2123 5050 2179 5102 in
2196 5044 2600 5101 ea.Laboranti
2616 5047 2771 5098 enim
2789 5045 2941 5098 humi
2957 5047 3006 5096 ui
3028 5046 3081 5097 in
3103 5051 3251 5098 terra
3269 5046 3454 5099 imber
3467 5045 3536 5099 de

1887 5141 2142 5196 nubibus
2159 5136 2649 5203 estnecessarios,
2675 5135 2975 5206 dequibus
2999 5135 3387 5205 nubibusjam
3413 5137 3537 5191 dic-

1889 5238 2009 5285 tum
2031 5229 2281 5283 est.Post
2300 5233 2533 5297 peccatu
2547 5242 2598 5278 m
2615 5231 2808 5278 autem
2827 5224 3000 5278 homo
3017 5223 3278 5278 laborare
3293 5225 3432 5296 ccepi
3446 5229 3464 5280 t
3480 5225 3536 5280 in

1885 5313 2732 5385 terra,etnecessariashabere
2768 5311 2898 5366 illas
2931 5311 3136 5366 nubes.
3164 5314 3307 5368 Ante
3336 5331 3536 5386 pecca-

1889 5417 2010 5464 tum
2039 5424 2190 5473 vero,
2221 5423 2351 5460 cum
2379 5402 2562 5457 viride
2581 5402 2703 5475 agri
2733 5409 2788 5458 et
2814 5401 3096 5474 pabulum
3118 5402 3345 5458 iecisset
3365 5407 3536 5473 Deus,

1887 5517 1999 5571 quo
2025 5497 2257 5552 nomine
2283 5496 2634 5552 invisibilem
2676 5495 3004 5548 creaturam
3048 5490 3367 5563 signiﬁcari
3393 5494 3540 5548 dixi-

1954 5592 1966 5623 ί
2000 5587 2134 5635 Editi
2160 5602 2171 5635 :
2209 5585 2329 5633 Cum
2364 5585 2500 5634 diem
2531 5598 2628 5648 quo
2657 5584 2852 5644 factum
2885 5583 2961 5628 est
2988 5579 3166 5648 caelum
3197 5585 3540 5648 et_terra__noo

1887 5653 2147 5700 minas-set.
2181 5652 2245 5697 At
2273 5650 2399 5697 Mss.
2430 5642 2621 5709 [magno
2657 5642 2950 5694 consensu
2985 5642 3203 5694 ferunt:
3239 5645 3364 5695 Cum
3404 5646 3541 5697 diem

1886 5714 1980 5782 qui
2007 5713 2309 5782 metusest,
2339 5713 2386 5759 et
2417 5711 2597 5782 caelum
2628 5714 2675 5756 et
2707 5714 2900 5782 terram
2928 5709 3259 5761 nominasset.

1950 5774 2023 5844 (α)
2050 5777 2072 5830 Ι
2101 5777 2337 5828 Retract.
2367 5788 2486 5840 cap.
2525 5777 2597 5834 10,
2630 5786 2683 5822 n.
2715 5774 2762 5822 3.
