4030 6390
1296 359 1396 418 DE
1442 357 1720 419 GENESI
1767 355 2081 417 CONTRA
2131 352 2490 428 MANICH.,
2537 355 2601 414 S.
2650 351 3077 416 AUGUSTINI
3783 346 3898 409 200

2315 486 2547 541 CAPUT
2564 486 2718 542 VL—
2753 486 3065 543 lnvisibilia
3079 485 3276 558 quibus
3289 483 3565 540 vocabulis
3576 481 3892 553 signantur.

480 364 594 424 199

483 512 638 561 mus,
662 494 951 567 irrigabat
973 508 1101 548 eam
1124 492 1278 548 fonte
1298 491 1593 556 interiore,
1619 489 1866 562 loquens
1887 489 1945 543 in
1964 486 2134 543 intel-

477 583 692 641 lectum
711 585 1064 655 ejuszutnon
1089 580 1460 637 extrinsecus
1480 579 1651 634 verba
1675 579 1985 651 exciperet,
2010 581 2138 631 tan-
2310 578 2364 630 7.
2397 577 2515 631 Sub
2550 576 2640 631 his
2672 594 2807 648 ergo
2840 576 3040 649 paucis
3072 575 3261 630 verbis
3309 573 3581 629 universa
3619 576 3892 627 creatura

478 689 655 746 quam
679 689 745 728 ex
769 670 1124 744 supradictis
1151 671 1407 724 nubibus
1433 667 1711 740 pluviam;
1737 668 1836 722 sed
1861 667 2016 722 fonte
2031 681 2136 720 suo
2240 666 2410 722 nobis
2439 665 2741 722 insinuata
2770 672 2854 723 est
2883 672 3014 719 ante
3051 669 3351 734 peccatum
3386 663 3617 718 animas.
3644 661 3892 717 Nrmine

480 763 590 817 hoc
610 767 701 818 est
726 759 1040 816 deintimis
1063 759 1188 813 suis
1217 762 1494 812 manante
1512 757 1774 821 veritate,
1798 757 2137 814 satiaretur.
2237 755 2392 811 enim
2426 757 2550 810 cceli
2583 761 2639 811 et
2669 761 2837 811 terra;
2867 752 3395 809 universavisibilis
3413 757 3681 806 creatura
3703 749 3888 824 signi-

482 868 710 925 CAPUT
737 867 806 923 V.
843 898 908 907 —
939 868 1078 922 Fons
1112 867 1355 936 irrigans
1406 869 1616 920 terram
1660 865 1976 934 allegorice.
2027 862 2130 917 Su-

1063 938 1256 1009 perbia
1288 936 1423 1009 quid
1453 939 1542 992 sit.

543 1030 596 1085 6.
627 1031 766 1084 Fons
789 1029 941 1083 enim
956 1025 1316 1092 ascendebat,
1333 1026 1543 1097 inquit,
1563 1025 1626 1080 de
1652 1029 1823 1089 terra,
1847 1031 1897 1078 et
1920 1023 2128 1092 irriga-

475 1119 564 1174 bat
590 1134 806 1173 omnem
820 1118 1025 1188 faciem
1051 1121 1244 1172 terrm.
1272 1119 1348 1168 De
1371 1120 1523 1169 terra
1549 1113 1768 1168 scilicet
1795 1115 1863 1168 de
1891 1129 2006 1183 qua
2041 1111 2128 1165 di-

468 1209 647 1263 citur:
675 1212 809 1278 Spes
830 1223 953 1261 mea
983 1223 1042 1262 es
1075 1209 1156 1271 tu,
1191 1206 1370 1276 portio
1392 1221 1516 1258 mea
1549 1205 1609 1258 in
1641 1207 1793 1258 terra
1825 1202 2127 1256 viventium

465 1295 809 1364 (Psal.cxr.1,
837 1296 913 1366 6).
943 1295 1186 1359 Quando
1215 1298 1408 1348 autem
1446 1293 1646 1348 anima
1668 1291 1772 1346 tali
1804 1293 1962 1345 fonte
1999 1288 2125 1343 irri-

465 1385 733 1457 gabatur,
769 1383 1031 1439 nondum
1067 1400 1168 1454 per
1197 1383 1534 1453 superbiam
1569 1379 2124 1453 projeceratintima

464 1476 834 1530 suaJnilium
859 1473 1015 1528 enim
1037 1473 1316 1542 superbiae
1337 1471 1581 1526 hominis
1606 1475 1920 1542 apostatare
1941 1486 1973 1524 α
1993 1470 2118 1525 Deo-

467 1563 536 1617 Et
568 1561 840 1634 quoniam
875 1562 932 1615 in
967 1561 1252 1616 exteriora
1285 1576 1387 1631 per
1418 1560 1753 1632 superbiam
1788 1564 2120 1615 tumescens

467 1652 642 1723 coepit
671 1669 783 1706 non
818 1651 1044 1723 irrigari
1075 1650 1232 1705 fonte
1262 1649 1492 1717 intimo,
1527 1650 1670 1704 bene
1701 1648 2118 1704 insultaturilli

463 1742 659 1796 verbis
681 1739 1037 1813 propheticis
1063 1740 1160 1810 (a),
1185 1744 1239 1794 et
1262 1739 1504 1794 dicitur:
1543 1738 1683 1807 Quid
1698 1739 1943 1808 superth
1971 1742 2118 1793 terra

452 1838 505 1886 et
516 1830 681 1885 cinis?
702 1830 978 1898 Quoniam
998 1831 1056 1884 in
1081 1830 1191 1884 vita
1208 1845 1307 1884 sua
1326 1830 1550 1900 projecit
1573 1830 1771 1884 intima
1788 1845 1890 1883 sua
1921 1828 2114 1896 (Ereti.

458 1919 707 1986 x,14,9,
739 1920 845 1990 10).
878 1919 1032 1985 Quid
1061 1925 1148 1973 est
1169 1919 1321 1974 enim
1347 1918 1618 1989 superbia
1655 1917 1835 1984 aliud,
1868 1918 1978 1972 nisi
2016 1918 2113 1972 de-

467 2013 623 2063 serto
649 2007 995 2063 secretario'
1021 2008 1386 2063 conscientiae
1412 2008 1549 2062 foris
1571 2006 1751 2061 videri
1782 2006 1925 2062 velle
1956 2007 2112 2077 quod

466 2114 580 2153 non
611 2097 744 2153 est?
775 2099 844 2152 Et
874 2098 1004 2152 ideo
1035 2097 1444 2168 laboransjam
1465 2097 1522 2151 in
1542 2102 1696 2151 terra
1717 2097 2109 2152 necessariam

459 2186 634 2242 habet
663 2187 918 2259 pluviam
953 2188 1024 2242 de
1057 2187 1337 2250 nubibus,
1371 2187 1426 2240 id
1460 2190 1549 2241 est
1568 2185 1890 2241 doctrinam
1912 2187 1982 2239 de
2006 2186 2112 2240 hu-

461 2277 654 2330 manis
684 2277 894 2344 verbis,
931 2281 993 2330 ut
1024 2279 1199 2331 etiam
1234 2275 1342 2330 hoc
1373 2276 1543 2330 modo
1578 2277 1764 2346 possit
1781 2273 1972 2329 abilla
1993 2275 2106 2329 ari-

455 2363 640 2419 ditate
671 2364 1037 2430 revirescere,
1071 2369 1127 2419 et
1160 2365 1370 2419 iterum
1408 2364 1529 2418 fieri
1575 2363 1756 2418 viride
1803 2363 1946 2435 agri.
1995 2363 2104 2418 Sed

464 2453 688 2508 utinam
719 2452 806 2508 vel
842 2452 1101 2523 pluviam
1134 2452 1394 2507 veritatis
1429 2453 1499 2506 de
1542 2452 1688 2520 ipsis
1735 2451 1992 2507 nubibus
2036 2451 2106 2505 li-

456 2542 663 2597 benter
691 2541 962 2614 excipiat.
997 2541 1142 2596 Nam
1161 2545 1396 2612 propter
1424 2539 1585 2595 illam
1609 2541 1887 2596 Dominus
1912 2545 2107 2596 noster

451 2631 722 2686 nubilum
758 2631 952 2686 carnis
988 2635 1198 2685 nostrae
1225 2629 1503 2701 dignatus
1525 2629 2100 2694 assumere,imbrem

454 2721 642 2776 sancti
680 2719 975 2793 Evangelii
1027 2718 1427 2792 largissimum
1473 2719 1708 2788 infudit,
1753 2718 2100 2790 promittens

447 2809 622 2864 etiam
646 2809 799 2880 quod
834 2810 880 2866 si
915 2807 1046 2880 quis
1071 2808 1365 2863 biberitde
1396 2824 1546 2880 aqua
1567 2808 2003 2879 ejus,rediet,ad
2033 2807 2100 2862 il-

455 2897 576 2953 lum
612 2898 883 2954 intimum
917 2898 1156 2964 fontem,
1185 2898 1584 2953 uttorinsecus
1601 2915 1711 2953 non
1735 2903 1952 2969 quaerat
1970 2899 2098 2970 plu-

443 2988 617 3042 viam.
657 2987 800 3042 Dicit
821 2988 1004 3042 enim:
1028 2987 1139 3041 Fiet
1164 2987 1224 3040 in
1245 3003 1304 3041 eo
1328 2992 1452 3057 fons
1475 3001 1638 3058 aqua:
1659 2987 1911 3042 salientis
1938 2991 1994 3044 in
2021 2991 2096 3044 vi-

447 3087 561 3134 tam
588 3089 848 3135 uernam
866 3079 1042 3152 (Joan.
1071 3095 1144 3146 IV,
1174 3080 1279 3149 14).
1305 3079 1438 3145 Iste,
1461 3082 1652 3146 credo,
1673 3082 1799 3136 fons
1823 3087 1954 3136 ante
1971 3099 2094 3153 pec-

437 3174 633 3224 catum
665 3169 1020 3224 ascendebat
1050 3169 1118 3223 de
1152 3173 1327 3233 terra,
1361 3175 1417 3224 et
1446 3169 1723 3241 irrigabat
1753 3187 1984 3226 omnem
2005 3173 2089 3226 fa-

432 3256 579 3311 ciem
612 3262 797 3322 terraa,
831 3259 969 3327 quia
1003 3257 1242 3312 interior
1272 3263 1414 3324 erat,
1449 3259 1770 3313 etnubium
1796 3277 1908 3314 non
1935 3261 2089 3315 desi-

433 3345 678 3401 derabat
703 3345 1017 3400 auxilium:
1053 3346 1305 3401 Nanctum
1335 3349 1485 3401 enim
1509 3349 1732 3418 pluerat
1768 3350 1902 3404 Deus
1929 3367 2092 3420 super

435 3443 662 3502 terram,
694 3451 792 3490 nec
809 3444 923 3490 erat
946 3436 1104 3490 homo
1127 3437 1220 3505 qui
1242 3445 1565 3502 operaretur
1586 3439 1644 3491 in
1665 3455 1746 3492 ea.
1773 3438 1914 3493 Cum
1930 3441 2085 3494 enim

441 3521 708 3590 dixisset,
739 3523 991 3578 Nondum
1019 3526 1168 3577 enim
1194 3523 1414 3593 pluerat
1456 3529 1595 3579 Deus
1651 3542 1815 3598 super
1860 3536 2085 3597 terram,

441 3610 695 3681 subjecit
711 3615 767 3666 et
791 3627 1028 3665 causam
1053 3628 1232 3681 quare
1256 3614 1515 3667 nondum
1541 3613 1800 3684 pluerat:
1824 3617 1959 3688 quia
1979 3633 2084 3672 non

435 3708 560 3756 erat
590 3700 749 3755 homo
779 3702 876 3772 qui
905 3705 1227 3772 operaretur
1259 3704 1317 3755 in
1345 3718 1428 3757 ea.
1462 3703 1627 3758 Tunc
1657 3710 1854 3760 autem
1917 3707 2084 3763 homo

434 3789 608 3860 etrapit.
637 3789 861 3860 operari
889 3789 948 3844 in
982 3795 1153 3857 terra,
1189 3807 1320 3844 cum
1346 3796 1476 3862 post
1500 3798 1797 3862 peccatum
1821 3796 1892 3850 de
1915 3796 2085 3851 beata

433 3877 556 3932 vita
604 3877 890 3934 dimissus
943 3885 1049 3941 est,
1087 3895 1203 3949 qua
1260 3879 1319 3934 in
1353 3881 2082 3952 paradisotruebatur.Sie

428 3966 586 4022 enim
619 3967 901 4036 scriptum
935 3973 1021 4022 est
1045 3986 1058 4021 :
1093 3969 1155 4022 Et
1176 3969 1388 4024 dimisit
1413 3986 1538 4025 eum
1564 3973 1834 4028 Dominus
1857 3975 1997 4028 Deus
2018 3975 2082 4030 de

427 4055 694 4126 paradiso
704 4057 1088 4123 suavitatis,ut
1099 4063 1419 4128 Operaretur
1429 4062 1632 4114 terram
1647 4061 1711 4116 de
1725 4079 1829 4132 qua
1843 4067 1894 4117 et
1905 4079 2084 4135 sump-

432 4152 518 4200 tus
534 4147 714 4215 fuerat
731 4162 749 4198 :
775 4146 929 4200 unde
942 4161 1048 4200 suo
1071 4146 1197 4201 loco
1221 4149 1590 4218 requiremus
1613 4152 1816 4222 (Infra,
1841 4152 2078 4223 cap.22).

429 4233 594 4298 Quod
628 4249 783 4289 nunc
815 4234 885 4288 ad
917 4234 1024 4290 hoc
1046 4237 1600 4302 commemoravi,ut
1622 4239 2081 4311 intelligeremus

429 4321 720 4379 laboranti
752 4323 975 4378 homini
1005 4323 1065 4379 in
1099 4330 1272 4389 terra,
1297 4325 1354 4379 id
1382 4330 1471 4381 est
1492 4326 1552 4381 in
1577 4332 1945 4398 peccatorum
1972 4329 2082 4384 ari-

428 4412 609 4468 ditate
639 4412 976 4478 constituto,
1001 4414 1392 4470 necessariam
1417 4432 1544 4471 esse
1569 4417 1637 4472 de
1660 4417 2080 4475 humanisver-

422 4499 514 4557 his
544 4501 802 4556 divinam
834 4502 1189 4572 doctrinam,
1230 4509 1512 4576 tanquam
1546 4506 1616 4560 de
1650 4506 1907 4563 nubibus
1950 4509 2081 4579 plu-

418 4589 793 4646 viam.Talis
825 4596 1022 4646 autem
1083 4593 1332 4648 scientia
1385 4595 1740 4650 destruetur.
1801 4595 2078 4653 Videmus

423 4679 581 4736 enim
613 4680 852 4735 nuncin
888 4679 1215 4752 mnigmate,
1254 4687 1534 4754 tanquam
1569 4683 1626 4737 in
1674 4685 1873 4740 nubilo
1923 4687 2082 4759 sagi-

429 4785 566 4824 nam
599 4775 966 4842 quaarentes:
1005 4776 1141 4826 tunc
1174 4778 1370 4827 autem
1408 4773 1551 4828 facie
1568 4775 1638 4828 ad
1663 4775 1868 4830 faciem
1893 4777 1934 4846 (Ι
1957 4775 2076 4832 Cor.

427 4875 554 4928 xm,
583 4861 636 4930 8,
673 4861 780 4931 12),
817 4861 1051 4932 quando
1087 4862 1354 4917 universa
1375 4861 1548 4917 facies
1572 4865 2079 4921 terraanostrsein-

428 4949 640 5004 teriore
683 4949 838 5004 fonte
883 4967 1049 5021 aqua
1087 4949 1354 5005 salientis
1415 4950 1773 5021 irrigabitur.
1829 4953 1973 5009 Nam
2026 4957 2075 5011 si

427 5039 648 5093 fontem
699 5038 952 5111 aliquem
1002 5039 1178 5110 hujus
1226 5039 1476 5094 visibilis
1517 5057 1680 5110 aqua:
1722 5041 2076 5101 voluerimus

422 5127 766 5200 intelligere,
803 5130 873 5182 de
891 5145 1006 5199 quo
1026 5129 1249 5182 dictum
1266 5132 1377 5189 est.
1396 5130 1533 5182 Fons
1555 5134 1736 5184 autem
1757 5133 2076 5190 ascendebat

421 5213 486 5268 de
505 5218 676 5282 terra,
698 5221 751 5272 et
797 5218 1070 5287 irrz’gabat
1109 5233 1323 5271 omnem
1353 5218 1553 5286 faciem
1576 5226 1736 5274 terra:
1759 5237 1778 5280 ;
1826 5239 1937 5277 non
1988 5227 2076 5279 est

417 5304 733 5361 verisimile
763 5307 918 5378 quod
951 5321 1085 5361 cum
1108 5309 1227 5360 tam
1253 5305 1425 5360 multi
1457 5307 1643 5363 fontes
1665 5325 1972 5380 perennes,
1994 5313 2073 5368 si-

417 5407 487 5448 ve
517 5393 796 5459 rivorum,
830 5395 949 5450 sive
981 5394 1294 5449 ﬂuviorum
1333 5412 1435 5466 per
1465 5396 1796 5454 universam
1859 5406 2073 5458 terram

424 5481 814 5551 inveniantur,
850 5483 1012 5539 solus
1059 5481 1156 5539 ille
1215 5483 1572 5556 siccaverit”,
1633 5489 1733 5559 qui
1792 5490 2074 5563 irrigabat

424 5587 655 5629 omnem
685 5573 892 5628 faciem
925 5578 1110 5627 terrae.

484 5725 497 5759 ¹
536 5723 695 5774 Editi.
725 5726 933 5773 secreto.
965 5723 1088 5774 Mss.
1122 5723 1426 5787 duodecim,
1456 5728 1752 5781 secretario.

481 5788 503 5822 ³
528 5788 689 5838 Juxta
719 5788 804 5836 Er.
836 5790 889 5837 et
917 5787 1067 5846 Lov.,
1094 5788 1348 5838 siccuerit.
1448 5790 1516 5840 Μ.

477 5850 557 5917 (a)
586 5852 604 5900 ι
639 5851 866 5901 Retract.
898 5863 1015 5914 cap.
1049 5854 1125 5903 10.
1155 5864 1208 5900 n.
1241 5851 1289 5902 3.

2237 843 2408 899 ﬁcata
2438 849 2565 902 est:
2595 849 2652 900 et
2682 846 2914 899 nomine
2949 845 3081 909 diei,
3120 845 3456 897 universum
3501 846 3779 912 tempus;
3829 843 3887 893 et

2236 933 2470 988 nomine.
2501 934 2774 990 viridium
2805 939 2860 989 et
2894 933 3086 1004 pabuli
3138 931 3283 1004 agri,
3312 936 3582 987 creatura
3614 928 3885 983 invisibi-

2232 1020 2340 1089 lis;
2373 1028 2429 1078 et
2461 1024 2692 1078 nomine
2725 1023 2900 1078 fontis
2931 1021 3300 1078 ascendentis
3331 1029 3380 1076 et
3416 1018 3718 1091 irrigantis
3750 1033 3884 1072 om-

2233 1129 2363 1167 nem
2397 1114 2603 1168 faciem
2637 1118 2821 1180 terrae,
2855 1112 3162 1167 inundatio
3192 1110 3455 1166 veritatis
3487 1109 3743 1164 animam
3779 1123 3881 1161 sa-

2230 1201 2383 1257 tians
2415 1207 2546 1258 ante
2579 1208 2902 1275 peccatum.
2939 1203 3070 1257 Dies
3101 1206 3293 1256 autem
3329 1201 3458 1269 iste,
3492 1199 3661 1268 cujus
3686 1195 3881 1252 nomi-

2231 1306 2300 1345 ne
2334 1291 2673 1347 universum
2705 1297 2938 1364 tempus
2971 1290 3287 1364 significari
3313 1289 3591 1353 diximus,
3613 1286 3882 1341 insinuat

2229 1380 2397 1434 nobis
2421 1397 2534 1435 non
2568 1381 2757 1436 solum
2791 1380 3100 1451 visibilem,
3151 1380 3250 1434 sed
3301 1379 3477 1432 etiam
3518 1375 3876 1431 invisibilem

2228 1476 2552 1525 creaturam
2590 1476 2821 1541 tempus
2854 1488 3024 1542 posse
3055 1471 3303 1524 sentire:
3340 1467 3492 1540 quod
3547 1467 3618 1520 de
3677 1465 3880 1520 anima

2226 1559 2393 1614 nobis
2425 1560 2991 1631 manifestatur,quae
3024 1563 3186 1614 tanta
3207 1557 3479 1613 varietate
3499 1554 3877 1610 aifectionum

2226 1665 2486 1719 suarum,
2521 1654 2577 1704 et
2608 1649 2732 1720 ipso
2767 1650 2932 1721 lapsu
2966 1666 3079 1720 quo
3113 1648 3326 1703 misera
3356 1648 3508 1702 facta
3539 1650 3645 1708 est,
3679 1649 3736 1699 et
3788 1659 3878 1697 re-

2224 1742 2517 1810 paratione
2549 1758 2665 1812 qua
2695 1758 2899 1796 rursus
2929 1741 2986 1795 in
3020 1740 3355 1795 beatitatem
3390 1737 3560 1806 redit,
3613 1741 3882 1806 tempore

2221 1830 2431 1884 mutari
2469 1847 2639 1902 posse
2669 1829 3052 1885 convincitur.
3088 1830 3156 1884 Et
3186 1829 3314 1883 ideo
3359 1843 3472 1882 non
3505 1825 3728 1880 dictum
3756 1828 3873 1890 est,

2221 1919 2357 1973 Cum
2385 1922 2565 1990 factus
2593 1929 2726 1974 esset
2748 1920 2878 1989 dies,
2913 1935 3015 1991 quo
3045 1919 3133 1973 die
3158 1919 3285 1988 fecit
3310 1922 3450 1973 Deus
3471 1916 3729 1970 metumet
3751 1916 3866 1968 ter-

2217 2025 2358 2077 ram,
2392 2013 2651 2076 tantum;
2682 2010 2896 2081 quibus
2930 2008 3268 2063 nominibus
3299 2004 3548 2061 visibilis
3595 2007 3869 2058 creatura.

2215 2097 2554 2154 intimatur:
2590 2099 2689 2154 sed
2722 2098 2984 2152 additum
3014 2101 3103 2152 est
3132 2097 3328 2166 etiam,
3355 2094 3552 2160 viride,
3583 2098 3635 2148 et
3690 2091 3866 2164 pabu-

2215 2189 2328 2241 lum
2357 2189 2523 2256 agri;
2556 2205 2669 2259 quo
2689 2191 2924 2243 nomine
2950 2185 3301 2242 invisibilem
3319 2189 3667 2251 creaturam,
3694 2197 3869 2252 prop-

2211 2281 2299 2331 ter
2328 2277 2583 2348 vigorem
2617 2283 2671 2332 et
2698 2277 2898 2343 vitam,
2924 2276 3242 2349 significari
3270 2274 3554 2340 diximus,
3576 2272 3746 2327 sicuti
3771 2275 3868 2325 est

2213 2365 2427 2420 anima.
2461 2367 2529 2420 Et
2561 2367 2642 2420 ita
2672 2367 2892 2422 dictum
2927 2371 3034 2434 est,
3069 2367 3203 2420 Cum
3230 2369 3412 2435 [actus
3443 2370 3573 2418 esset
3592 2361 3728 2430 dies,
3751 2375 3862 2432 quo

2209 2454 2296 2508 die
2323 2456 2453 2523 fecit
2480 2457 2617 2510 Deus
2646 2458 2848 2510 cmlum
2871 2464 2920 2511 et
2954 2466 3178 2524 terram,
3203 2457 3252 2509 et
3283 2469 3441 2509 omne
3472 2451 3666 2518 viride,
3699 2454 3748 2506 et
3763 2467 3864 2521 pa-

2211 2545 2396 2598 bulum
2426 2548 2552 2614 agri
2570 2563 2590 2606 ;
2623 2552 2686 2600 ut
2716 2546 2799 2601 sic
2817 2545 3278 2616 intelligeremus
3300 2560 3415 2599 non
3439 2541 3628 2598 solum
3652 2540 3861 2595 visibi-

2205 2633 2341 2700 lem,
2375 2636 2474 2689 sed
2508 2637 2679 2690 etiam
2713 2634 3068 2690 invisibilem
3102 2638 3427 2689 creaturam
3463 2631 3753 2705 pertinere
3781 2631 3858 2684 ad

2206 2727 2458 2796 tempus,
2493 2729 2725 2796 propter
2757 2724 3240 2788 mutabilitatem;
3295 2723 3432 2794 quia
3487 2721 3650 2777 solus
3699 2719 3858 2775 Deus

2205 2813 2703 2868 incommutabilis
2735 2818 2841 2882 est,
2874 2813 2972 2884 qui
3005 2817 3092 2868 est
3123 2819 3256 2868 ante
3289 2818 3566 2883 tempore.

2336 2901 2572 2958 CAPUT
2602 2903 2722 2957 νη.
2759 2934 2822 2943 -
2856 2904 3041 2957 Limus
3069 2903 3207 2972 quid
3228 2901 3420 2956 habent
3454 2901 3719 2972 mysterii.

2269 2992 2806 3047 8.Nuncvideamus
2831 2997 2959 3063 post
2983 2993 3266 3047 universa:
3288 2994 3564 3046 creaturae
3583 2989 3853 3044 insinua-

2197 3080 2416 3135 tionem
2449 3087 2568 3136 tam
2601 3081 2846 3136 visibilis
2877 3098 3051 3152 quam
3088 3080 3419 3142 invisibilis,
3445 3085 3499 3134 et
3526 3078 3856 3134 universale

2195 3169 2542 3225 beneficium
2558 3170 2736 3225 divini
2758 3171 2934 3225 fontis
2955 3188 3091 3243 erga
3118 3169 3466 3225 invisibilem
3493 3175 3852 3230 creaturam.

2197 3259 2334 3330 quid
2368 3260 2436 3313 de
2468 3259 2702 3314 homine
2735 3259 3072 3330 specialiter
3105 3259 3430 3325 intimetur,
3463 3259 3616 3330 quod
3641 3258 3709 3312 ad
3740 3275 3848 3314 nos

2196 3349 2447 3403 maxime
2481 3350 2747 3418 pertinet.
2785 3350 2978 3403 Primo
3011 3348 3166 3403 enim
3200 3349 3351 3419 quod
3388 3349 3456 3403 de
3487 3347 3626 3401 limo
3677 3352 3846 3402 terra;

2191 3437 2650 3493 Deus’nominem
2671 3439 3008 3505 finxit,solet
3023 3438 3236 3492 habere
3252 3439 3632 3509 quaestionem
3651 3438 3847 3508 qualis

2189 3525 2286 3579 ille
2301 3526 2477 3581 limus
2503 3527 2789 3591 fuerit,vel
2813 3545 2937 3598 quea
2964 3528 3203 3582 materia
3220 3527 3453 3581 nomine.
3470 3526 3504 3580 li
3519 3527 3592 3580 mi
3615 3527 3848 3597 signiﬁ-

2190 3617 2425 3670 catasit.
2455 3615 2537 3670 llli
2560 3622 2752 3670 autem
2770 3617 3269 3671 inimiciveterum
3291 3616 3618 3681 Librorum,
3645 3615 3850 3671 omnia

2190 3704 2501 3761 carnaliter
2531 3705 2844 3773 intuentes,
2880 3711 2935 3760 et
2966 3710 3268 3777 prepterea
3300 3722 3529 3776 semper
3551 3710 3841 3770 errantes,

2188 3795 2362 3850 etiam
2397 3795 2504 3850 hoc
2537 3793 2956 3865 reprehendere
2990 3795 3339 3849 mordaciter
3357 3794 3561 3861 solent,
3593 3795 3747 3866 quod
3769 3796 3844 3850 de

2186 3886 2326 3940 limo
2357 3886 2506 3940 Deus
2541 3886 2835 3940 hominem
2872 3886 3055 3940 ﬁnxit.
3090 3885 3303 3941 Dicunt.
3335 3886 3520 3940 enim:
3556 3886 3743 3950 Quare
3762 3887 3835 3942 de

2184 3975 2324 4030 limo
2360 3975 2491 4030 fecit
2523 3975 2674 4029 Deus
2705 3975 3047 4030 hominem?
3079 3993 3149 4029 an
3183 3975 3439 4030 defuerat
3468 3976 3518 4031 ei
3551 3975 3759 4031 melior
3779 3981 3840 4033 et

2187 4064 2440 4122 caelestis
2474 4064 2736 4126 materia,
2763 4065 2916 4118 unde
2947 4064 3242 4118 hominem
3277 4065 3508 4130 faceret,
3535 4066 3681 4120 utde
3703 4065 3839 4122 labe

2184 4159 2415 4209 terrena
2437 4159 2554 4206 tam
2575 4151 2836 4224 fragilem
2860 4152 3735 4225 m‘ortalemqueformaret?Non
3753 4155 3839 4209 in-

2185 4243 2514 4313 telligentes
2547 4242 2732 4313 primo
2765 4258 2941 4313 quam
2968 4241 3168 4297 multis
3191 4243 3723 4314 signiﬁcationibus
3749 4245 3835 4300 vel

2185 4339 2337 4387 terra
2353 4331 2439 4386 vel
2461 4332 2683 4404 aquain
2699 4332 3014 4403 Scripturis
3030 4332 3647 4402 ponaturzlimusenim
3664 4350 3834 4405 aquae

2188 4425 2246 4475 et
2275 4427 2439 4475 terrae
2480 4421 2819 4476 commixtio
2851 4426 2958 4476 est.
2993 4421 3255 4477 Dicimus
3287 4422 3444 4476 enim
3475 4423 3741 4478 tabidum
3775 4429 3838 4480 et

2187 4510 2390 4581 fragile
2417 4515 2473 4565 et
2506 4511 2676 4565 morti
2709 4511 3070 4566 destinatum
3103 4527 3313 4582 corpus
3346 4511 3671 4568 humanum
3700 4518 3834 4584 post

2186 4605 2488 4670 peccatum
2513 4616 2641 4655 esse
2666 4599 2933 4671 coepisse.
2961 4600 3083 4654 Non
3110 4601 3263 4655 enim
3295 4600 3348 4654 in
3380 4607 3577 4657 nostro
3591 4619 3834 4674 corpore

2183 4688 2280 4742 isti
2295 4689 2711 4745 exborrescunt
2731 4689 2841 4742 nisi
2866 4689 3483 4759 mortalitatem,quam
3503 4692 3836 4748 damnatio-

2183 4794 2256 4833 ne
2292 4779 2635 4834 meruimus.
2668 4779 2813 4842 Quid
2835 4782 3030 4832 autem
3057 4779 3408 4849 mirum,aut
3430 4780 3668 4836 difficile
3692 4781 3834 4853 Deo,

2182 4868 2409 4922 etiamsi
2424 4869 2494 4923 de
2509 4867 2648 4922 limo
2662 4867 2833 4922 istius
2861 4874 3022 4922 terras
3036 4868 3332 4924 hominem
3350 4869 3498 4938 fecit,
3512 4869 3620 4925 tale
3633 4875 3833 4926 tamen

2182 4975 2393 5029 corpus
2411 4959 2538 5028 ejus
2551 4958 2961 5027 efficere,quod
2978 4960 3334 5028 corruptioni
3353 4977 3467 5015 non
3481 4961 3836 5032 subjaceret,

2182 5048 2228 5101 si
2250 5048 2419 5102 homo
2436 5051 2782 5118 praeceptum
2800 5046 2899 5100 Dei
2913 5048 3248 5102 custodiens
3267 5065 3503 5118 peccare
3517 5049 3838 5108 noluisset?

2179 5137 2235 5191 Si
2259 5137 2414 5192 enim
2439 5135 2691 5207 speciem
2718 5135 2842 5190 coeli
2862 5136 3138 5206 ipsiusde
3162 5137 3366 5206 nihilo,
3389 5137 3479 5193 vel
3501 5139 3571 5194 de
3595 5140 3838 5195 informi

2180 5228 2424 5281 materia
2440 5224 2548 5280 dici
2561 5241 2686 5280 mus
2700 5225 3074 5296 factam,quia
3086 5226 3532 5298 omnipotentem
3552 5229 3658 5283 arti
3671 5229 3841 5284 licem

2179 5315 2504 5384 credimus;
2529 5313 2668 5385 quid
2693 5315 2909 5370 mirum
2931 5315 2981 5370 si
3003 5331 3236 5388 corpus,
3262 5318 3418 5388 quod
3443 5318 3514 5372 de
3537 5317 3678 5374 limo
3694 5335 3838 5389 qua-

2177 5404 2474 5474 licumque
2493 5403 2709 5459 factum
2727 5407 2835 5469 est,
2860 5405 3048 5475 potuit
3075 5406 3148 5461 ab
3181 5407 3573 5478 omnipotenti
3604 5408 3834 5465 artiﬁce

2178 5493 2294 5558 tale
2319 5493 2531 5558 fieri,ut
2553 5493 2713 5548 nulla
2747 5494 3034 5560 molestia,
3067 5494 3232 5552 nulla
3254 5496 3578 5568 indigentia
3600 5498 3832 5554 crucia-

2178 5587 2265 5638 ret
2292 5583 2588 5639 hominem
2621 5591 2754 5640 ante
2804 5589 3130 5656 peccatum,
3166 5590 3223 5642 et
3255 5586 3419 5643 nulla
3450 5587 3833 5660 corruptione

2175 5673 2500 5729 tabesceret
2531 5673 2557 5729 ‘i‘

2244 5763 2299 5818 9.
2335 5762 2536 5836 Itaque
2565 5765 2859 5836 superflue
2873 5765 3322 5838 quaariturunde
3339 5765 3596 5824 homini
3619 5783 3839 5841 corpus

2175 5853 2330 5911 Deus
2351 5853 2590 5921 fecerit;
2624 5853 2673 5910 si
2700 5856 2896 5912 tamen
2927 5871 3083 5913 nunc
3105 5855 3176 5912 de
3197 5858 3458 5928 corporis
3487 5856 3844 5917 formatione
