4030 6420
110 361 217 426 109

109 492 357 567 loquitur
381 512 396 563 ;
430 498 607 568 atque
627 493 1076 565 itaturbatur,et
1099 510 1295 551 vocem
1319 493 1479 549 illam
1504 493 1750 565 prophe-

110 589 175 640 tas
205 584 568 652 manifestat,
599 602 716 657 qua
745 584 967 640 dictum
998 589 1108 653 est,
1141 585 1220 641 Ad
1265 588 1539 656 meipsum
1567 586 1765 641 anima

108 692 226 731 mea
240 676 466 731 turbata
480 674 759 746 est(Psal.
774 677 980 745 xu,7).
999 675 1333 746 Itaquejam
1358 674 1760 746 interrogatur

109 766 306 835 Adam,
327 782 443 821 non
474 767 583 822 Deo
605 767 904 821 nesciente
938 764 1036 819 ubi
1064 768 1239 830 esset,
1276 764 1373 820 sed
1409 769 1651 834 cogente
1683 764 1753 819 ad

108 854 526 910 confessionem
550 853 768 925 peccati
797 868 810 909 :
847 869 962 908 non
994 852 1151 908 enim
1183 857 1241 908 et
1267 852 1550 908 Dominus
1580 855 1755 907 Jesus

108 942 363 998 Christus
387 948 509 997 tam
533 943 722 999 multa
744 941 1630 1013 qua;interrogabat,nesciebat.
1651 945 1754 997 Re-

109 1032 333 1105 spondit
351 1040 717 1098 autem,voce
729 1032 857 1102 ejus
880 1030 1489 1096 audita,abscondisse
1507 1047 1588 1099 se,
1613 1047 1755 1101 quo-

106 1123 256 1178 niam
281 1122 477 1178 nudus
498 1126 673 1178 esset.
697 1121 826 1178 Jam
852 1120 1182 1177 miserrimo
1204 1137 1397 1176 errore
1427 1118 1748 1192 respondit,

105 1212 266 1284 quasi
296 1216 413 1268 Deo
445 1216 645 1284 posset
675 1210 984 1283 displicere
1015 1211 1233 1279 nudus,
1266 1211 1420 1266 sicut
1448 1227 1583 1266 eum
1625 1210 1751 1281 ipse

104 1293 326 1349 fecerat.
362 1293 464 1348 Est
492 1297 688 1349 autem
716 1291 827 1347 hoc
872 1291 1087 1347 erroris
1138 1290 1462 1363 proprium,
1496 1295 1561 1345 ut
1591 1290 1748 1362 quod

100 1387 309 1457 cuique
325 1384 917 1457 displicet,hocetiam
940 1384 1057 1440 Deo
1080 1384 1392 1456 displicere
1409 1383 1751 1439 arbitretur.

100 1475 237 1534 Illud
251 1480 448 1532 autem
460 1473 1253 1545 sublimiterintelligendum
1278 1477 1368 1529 est
1381 1473 1537 1543 quod
1552 1471 1747 1529 Domi-

98 1582 205 1622 nus
222 1564 304 1621 ait
327 1582 341 1621 :
370 1566 503 1633 Quis
525 1565 802 1620 nuntiavit
820 1564 923 1620 tibi
942 1562 1083 1635 quod
1102 1562 1281 1618 nudus
1297 1577 1458 1630 esses,
1476 1562 1593 1618 nisi
1613 1564 1749 1635 quia

96 1656 164 1712 ab
194 1656 295 1710 illa
316 1656 513 1711 arbore
531 1653 598 1711 de
619 1670 723 1725 qua
745 1653 986 1709 dixerim
1006 1654 1126 1718 tibi,
1161 1669 1229 1707 ea:
1246 1652 1351 1709 illa
1374 1653 1493 1708 sola
1507 1668 1575 1707 ne
1589 1668 1746 1713 man-

96 1746 341 1811 ducares,
364 1760 435 1799 ea:
454 1744 557 1799 illa
568 1743 913 1798 manducasti
932 1742 1172 1797 iNudus
1188 1742 1342 1797 enim
1366 1745 1491 1798 erat
1511 1758 1545 1796 a
1564 1741 1747 1796 simu-

95 1834 432 1901 latione,sed
457 1833 818 1889 vestiebatur
838 1831 965 1887 luce
987 1830 1204 1887 divina.
1230 1830 1390 1887 Unde
1412 1846 1655 1887 aversus
1684 1833 1747 1885 et

95 1925 161 1979 ad
194 1923 457 1995 seipsum
479 1938 815 1992 conversus,
836 1923 988 1992 quod
1021 1920 1396 1992 signiﬁcatde
1417 1918 1517 1974 illa
1538 1919 1744 1976 arbore

94 2012 835 2081 manducasse,nuditatem
860 2027 1028 2065 suam
1046 2009 1284 2077 vidit,ct
1302 2008 1603 2081 displicuit
1626 2007 1739 2063 sibi

92 2120 159 2159 ex
186 2120 251 2159 eo
284 2101 440 2175 quod
474 2119 589 2158 non
624 2099 875 2157 habebat
905 2100 1126 2173 aliquid
1162 2100 1487 2173 proprium.

90 2191 321 2247 CAPUT
358 2190 525 2246 XVII.
568 2221 634 2231 -—
676 2192 913 2262 Rejectio
941 2189 1120 2262 culpae
1159 2193 1208 2245 et
1245 2192 1519 2261 serpentis
1554 2206 1737 2262 poma.

154 2282 243 2338 25.
279 2280 501 2337 Deinde
522 2281 649 2351 jam
683 2296 843 2336 more
873 2278 1157 2351 superbiae
1190 2280 1248 2333 in
1280 2295 1341 2334 se
1363 2296 1479 2334 non
1502 2282 1743 2334 accusat

88 2372 237 2444 quod
262 2369 560 2426 consensit
574 2368 935 2439 mulieri,sed
955 2368 1011 2423 in
1032 2367 1336 2422 mulierem
1353 2367 1742 2423 refunditcul-

85 2478 219 2533 patr.
247 2476 416 2517 suam
448 2477 460 2527 ;
489 2463 547 2514 et
575 2457 657 2514 sic
688 2457 981 2513 subtiliter
1010 2456 1178 2529 quasi
1210 2458 1279 2512 de
1312 2459 1529 2513 astutia
1559 2474 1738 2530 quam

84 2552 263 2607 miser
294 2553 657 2621 conceperat,
689 2548 872 2604 voluit
901 2550 970 2602 ad
1005 2550 1198 2619 ipsum
1234 2552 1412 2602 Deum
1448 2546 1740 2621 pertinere

82 2641 232 2709 quod
267 2638 544 2711 peccavit.
570 2637 693 2695 Non
718 2637 873 2692 enim
898 2636 1222 2704 ait,Mulier
1244 2636 1405 2691 dedit
1426 2636 1571 2691 mihi
1599 2654 1612 2703 ;
1634 2637 1737 2692 sed

83 2730 309 2785 addidit
325 2728 547 2797 dicens,
568 2726 777 2783 Mulier
792 2744 957 2799 quam
975 2726 1172 2781 dedisti
1187 2727 1349 2781 mihi.
1368 2725 1523 2783 Nihil
1538 2729 1627 2781 est
1643 2743 1739 2781 au-

82 2824 198 2875 tem
223 2824 346 2874 tam
377 2816 665 2874 familiare
697 2816 1097 2890 peccantibus,
1131 2833 1309 2888 quam
1336 2816 1593 2871 tribucre
1623 2819 1737 2872 Deo

82 2905 225 2961 velle
246 2905 659 2977 undecumque
674 2906 1055 2959 accusantur:
1083 2907 1139 2957 et
1156 2904 1265 2958 hoc
1280 2904 1349 2959 de
1370 2902 1738 2958 illavenasu-

89 2996 393 3068 perbiae,ut
413 2994 692 3068 quoniam
718 2994 799 3050 sic
824 2994 995 3051 homo
1018 2994 1277 3066 peccavit
1302 3011 1434 3049 cum
1454 2993 1579 3049 vult
1608 3010 1738 3049 esse

86 3104 189 3156 par
218 3087 357 3155 Deo,
388 3085 443 3142 id
463 3090 552 3141 est
582 3083 730 3140 liber
749 3100 877 3140 esse
908 3085 980 3140 ab
1004 3086 1132 3156 ejus
1157 3083 1441 3151 dominio,
1464 3082 1619 3139 sicut
1640 3081 1738 3137 ille

81 3178 150 3231 ab
163 3176 331 3232 omni
354 3174 612 3231 dominio
633 3172 780 3230 liber
792 3172 1188 3244 est,quoniam
1214 3172 1339 3245 ipse
1353 3178 1442 3229 est
1455 3173 1737 3228 Dominus

82 3266 350 3323 omnium
378 3264 685 3337 ;quoniam
715 3264 775 3318 in
799 3263 1102 3336 majestate
1126 3280 1230 3335 par
1249 3261 1474 3317 illiesse
1494 3278 1609 3317 non
1634 3278 1735 3334 po-

81 3355 358 3426 tuit,jam
385 3353 587 3425 lapsus
613 3352 889 3423 etjacens
915 3352 973 3406 in
997 3356 1233 3424 peccato
1253 3368 1380 3416 suo,
1403 3367 1600 3425 parem
1624 3350 1735 3407 sibi

75 3461 205 3500 eum
230 3444 422 3500 facere
442 3447 702 3498 conetur.
732 3440 833 3497 Vel
854 3441 1047 3513 potius
1079 3440 1244 3495 illum
1273 3440 1398 3496 vult
1428 3442 1736 3497 ostendere

76 3550 372 3603 peccasse,
396 3549 457 3588 se
478 3536 677 3589 autem
698 3548 826 3587 esse
849 3530 1314 3587 innocentem.Et
1329 3528 1539 3586 mulier
1560 3531 1737 3585 inter-

75 3626 275 3695 rogata
298 3620 473 3676 refert
493 3620 729 3690 culpam
752 3620 809 3675 in
837 3625 1168 3691 serpentem
1192 3636 1203 3674 :
1229 3618 1393 3691 quasi
1410 3623 1512 3675 aut
1534 3618 1629 3675 ille
1651 3619 1735 3675 sic

75 3714 378 3784 acceperat
412 3725 645 3765 uxorem
672 3712 736 3763 ut
768 3708 815 3763 ei
840 3710 1288 3779 obtemperaret,
1320 3712 1377 3762 et
1400 3724 1515 3763 non
1535 3706 1734 3780 potius

78 3806 134 3855 ut
166 3800 365 3873 ipsam
398 3798 508 3855 sibi
532 3799 934 3869 obtemperare
957 3798 1206 3865 faceret;
1240 3802 1343 3852 aut
1364 3796 1466 3851 illa
1484 3813 1597 3851 non
1633 3813 1733 3869 po—

72 3895 218 3946 terat
251 3888 354 3945 Dei
388 3893 740 3962 praeceptum
774 3887 968 3961 potius
999 3885 1314 3958 custodire,
1350 3904 1527 3960 quam
1558 3886 1734 3942 verba

74 3978 365 4051 serpentis
397 3977 728 4034 admittere.
1080 3966 1085 3983 ⁸

136 4071 230 4125 26.
254 4068 389 4125 Jam
411 4083 652 4141 serpens
676 4084 789 4123 non
824 4066 1349 4139 interrogatur,sed
1386 4065 1544 4139 prior
1564 4081 1731 4123 exce-

70 4158 154 4230 pit
184 4173 443 4231 pmnam,
470 4158 610 4230 quia
640 4174 743 4212 nec
773 4155 1035 4211 confiteri
1068 4159 1372 4229 peccatum
1397 4159 1733 4228 potest,nec

69 4249 249 4305 habet
280 4247 521 4303 omnino
554 4246 707 4302 unde
740 4262 799 4301 se
826 4250 1079 4301 excuset.
1104 4244 1230 4301 Non
1259 4251 1455 4301 autem
1476 4262 1633 4301 nunc
1665 4261 1733 4300 ea

67 4336 369 4395 damnatio
392 4336 604 4392 diaboli
630 4335 865 4403 dicitur,
891 4335 1466 4408 quieultimojudicio
1482 4351 1733 4391 reserva-

66 4429 262 4495 tur,de
285 4443 406 4499 qua
428 4426 693 4498 loquitur
714 4424 996 4481 Dominus
1020 4441 1153 4480 cum
1183 4425 1345 4492 dicit,
1370 4426 1444 4480 Ite
1470 4428 1529 4480 in
1552 4428 1732 4496 ignem

62 4528 355 4583 zternum,
391 4518 487 4589 qui
513 4524 857 4587 praeparatus
886 4522 962 4569 est
1013 4515 1233 4571 diabolo
1287 4522 1340 4569 et
1376 4516 1590 4583 angelis
1618 4514 1733 4587 ejus

64 4609 276 4677 (Matth.
304 4623 436 4673 xxv,
460 4606 552 4678 41)
579 4624 591 4676 ;
619 4604 719 4662 sed
745 4621 811 4659 ea
831 4621 1000 4676 poena
1022 4606 1149 4675 ejus
1174 4604 1407 4672 dicitur,
1429 4621 1546 4678 qua
1562 4605 1731 4661 nobis

63 4696 364 4755 cavendus
383 4695 675 4752 est.Poena
696 4694 851 4750 enim
875 4695 1002 4766 ejus
1024 4699 1133 4764 est,
1155 4699 1217 4748 ut
1238 4694 1296 4748 in
1317 4700 1605 4766 potestate
1628 4694 1731 4751 ha-

64 4790 197 4843 beat
215 4804 320 4844 eos
336 4784 435 4858 qui
451 4785 549 4840 Dei
568 4790 855 4857 praecepta
875 4786 1281 4839 contemnunt.
1308 4782 1425 4840 Hoc
1458 4786 1613 4841 enim
1636 4803 1732 4841 ex-

66 4878 324 4950 plicatur
343 4876 439 4933 his
462 4872 676 4939 verbis,
697 4873 911 4945 quibus
935 4872 991 4927 in
1024 4890 1159 4928 eum
1186 4873 1476 4945 profertur
1492 4881 1731 4932 senten-

67 4968 145 5023 tia
170 4984 182 5022 :
211 4972 271 5024 et
296 4966 433 5021 inde
458 4965 647 5034 major
670 4980 842 5035 poena
857 4969 964 5033 est,
986 4962 1125 5035 quia
1146 4962 1215 5017 de
1240 4964 1345 5017 hac
1376 4968 1491 5019 tam
1515 4963 1731 5021 infelici

66 5061 359 5131 potestate
382 5055 636 5123 laetatur,
663 5052 760 5125 qui
793 5052 1016 5109 solebat
1037 5057 1350 5125 antequam
1384 5054 1636 5121 caderet,
1663 5056 1733 5111 de

66 5146 307 5217 sublimi
328 5144 577 5201 veritate
598 5142 851 5215 gaudere
867 5143 922 5197 in
951 5159 1065 5215 qua
1086 5159 1195 5196 non
1216 5143 1395 5199 stetit.
1417 5144 1486 5197 Et
1502 5144 1631 5202 ideo
1648 5144 1731 5201 illi

63 5238 239 5293 etiam
270 5251 488 5309 pecora
510 5236 951 5306 praeponuntur,
974 5249 1089 5287 non
1118 5232 1175 5285 in
1210 5237 1514 5304 potestate,
1540 5237 1639 5291 sed
1674 5236 1731 5291 in

64 5325 543 5382 conservatione‘
575 5326 795 5378 natura:
810 5339 928 5376 sua:
946 5339 956 5373 :
976 5322 1112 5392 quia
1127 5338 1367 5394 pcccora
1384 5339 1496 5380 non
1522 5325 1733 5381 amise-

68 5421 201 5473 runt
237 5412 669 5472 beatitudinem
702 5412 962 5485 aliquam
1012 5412 1328 5481 ecclesiam,
1363 5432 1542 5485 quam
1582 5434 1734 5474 nun-

70 5523 242 5577 quam
279 5504 642 5568 habuerunt,
676 5501 779 5558 sed
812 5501 870 5556 in
916 5519 1023 5557 sua
1054 5506 1264 5557 natura
1295 5521 1471 5576 quam
1504 5524 1735 5581 accepe-

132 5662 146 5692 ¹
182 5658 322 5709 Editi
356 5660 476 5709 Am.
507 5657 591 5706 Er.
618 5659 670 5706 et
690 5653 798 5704 duo
821 5654 965 5714 Msa,
985 5655 1326 5707 conversione.
1354 5657 1502 5717 ιον..
1532 5658 1736 5717 aliquot

73 5723 229 5773 etiam
258 5719 683 5786 andragantibus
700 5720 843 5777 Mea,
863 5720 1256 5786 conversatione.
1282 5719 1384 5771 Sed
1412 5723 1605 5775 melius
1621 5719 1730 5777 Re-

75 5787 192 5850 gius
218 5786 394 5840 codex
422 5782 602 5849 alique
632 5782 763 5845 duo,
787 5783 1186 5836 conservatione.
1376 5804 1385 5811 -

1456 361 1692 424 LIBER
1733 360 2168 424 SECUNDUS.

3408 366 3530 437 210

1870 495 2009 547 runt
2030 493 2322 562 peragunt
2351 492 2552 547 vitam.
2578 493 2806 548 Dicitur
2844 508 2982 566 ergo
3012 493 3184 551 huic:
3216 496 3443 551 Pectore
3469 501 3531 553 et.

1865 586 2057 638 ventre
2088 597 2255 653 repes.
2302 580 2464 646 Quod
2501 584 2744 654 quidem
2775 588 2835 640 et
2860 585 2919 641 in
2973 584 3213 641 colubro
3246 584 3521 643 animad-

1864 671 2134 737 vertitur,
2164 676 2220 726 et
2251 687 2319 727 ex
2351 672 2448 728 illo
2478 674 2781 729 animante
2811 673 3029 729 visibili
3075 676 3149 729 ad
3180 674 3337 731 hunc
3379 675 3524 731 invid-

1866 760 2097 817 sibilem
2130 760 2435 816 inimicum
2489 771 2756 819 nostrum
2808 763 3025 819 locutio
3066 764 3374 834 ﬁguratur.
3406 765 3523 820 No-

1865 851 2025 905 mine
2054 850 2212 905 enim
2244 850 2522 921 pectoris,
2544 842 2912 921 signiﬁcatbr
2941 852 3237 923 superbia,
3271 852 3410 923 quia
3440 851 3522 908 ibi

1864 941 2207 996 dominatur
2234 941 2491 1012 impetus
2521 940 2742 997 animi:
2779 941 3017 997 nomine
3047 947 3245 997 autem
3277 944 3519 1011 ventris,

1862 1029 2232 1101 significatur
2287 1028 2519 1085 carnale
2578 1030 2959 1098 desiderium,
3020 1031 3160 1102 quia
3212 1030 3333 1087 haec
3384 1049 3521 1103 pars

1862 1118 2098 1176 mollior
2127 1118 2380 1175 sentitur
2410 1119 2469 1174 in
2501 1135 2763 1191 corpore.
2798 1120 2866 1175 Et
2910 1120 3047 1190 quia
3076 1120 3169 1176 his
3212 1122 3389 1178 rebus
3420 1121 3520 1179 ille

1860 1208 2045 1279 serpit
2074 1208 2146 1264 ad
2176 1224 2277 1264 eos
2306 1225 2454 1279 quos
2478 1207 2604 1263 vult
2634 1209 2900 1280 decipere
2925 1226 2938 1277 ;
2963 1214 3271 1280 propterea
3292 1209 3517 1266 dictum

1858 1303 1968 1367 est,
2001 1302 2221 1355 Pectore
2250 1304 2303 1355 et
2335 1304 2524 1356 ventre
2553 1316 2724 1371 repet.

1928 1414 2159 1471 CAPUT
2191 1415 2386 1471 XVIII.
2420 1446 2490 1457 —-—-
2521 1416 2797 1488 Serpentis
2826 1433 2951 1473 cum
2982 1419 3093 1473 Eva
3120 1420 3439 1475 inimicitia.

1928 1523 2017 1579 27.
2049 1524 2113 1579 Et
2139 1526 2367 1592 terram,
2401 1523 2616 1596 inquit,
2650 1524 3009 1581 manducabis
3038 1526 3289 1583 omnibus
3320 1527 3515 1586 diebus

1857 1614 1982 1669 vitae
2013 1616 2165 1670 tuae.-
2197 1614 2255 1668 id
2290 1618 2379 1669 est
2409 1614 2685 1670 omnibus
2719 1614 2929 1671 diebus
2952 1616 3169 1688 quibus
3204 1618 3329 1690 agis
3362 1618 3514 1690 hanc

1856 1707 2229 1776 potestatem,
2261 1707 2395 1758 ante
2445 1701 2607 1761 illam
2667 1703 2940 1760 ultimam
2993 1723 3225 1778 pcenam
3248 1688 3513 1779 judiciir;

1854 1792 1975 1848 hac
2006 1793 2163 1849 enim
2211 1792 2330 1848 vita
2369 1794 2497 1864 ejus
2547 1795 2795 1862 videtur,
2823 1796 2891 1851 de
2924 1812 3039 1868 qua
3086 1798 3303 1870 gaudet
3334 1803 3510 1871 atque

1853 1881 2158 1957 gloriatur.
2197 1883 2423 1938 Terram
2453 1898 2589 1955 ergo
2624 1885 3009 1954 manducabis,
3053 1886 3285 1942 duobus
3315 1886 3507 1943 modis

1855 1970 2103 2043 intelligi
2136 1975 2363 2042 potest:
2398 1972 2484 2027 vel
2517 1973 2588 2027 ad
2622 1975 2676 2028 te
2709 1973 3107 2046 pertinebunt,
3142 1992 3291 2047 quos
3320 1980 3505 2033 terre-

1853 2086 1929 2124 na
1961 2066 2280 2141 cupiditate
2310 2069 2629 2141 deceperis,
2660 2071 2717 2125 id
2759 2076 2847 2125 est
2878 2076 3230 2145 peccatores,
3265 2074 3365 2145 qui
3388 2079 3506 2129 ter-

1852 2175 1928 2213 rae
1958 2157 2197 2213 nomine
2238 2156 2685 2230 significantur;
2733 2160 2822 2214 vel
2872 2165 3023 2216 certe
3053 2177 3239 2234 genus
3264 2164 3500 2219 tertium

1850 2246 2190 2303 tentationis
2221 2244 2314 2303 his
2342 2247 2533 2303 verbis
2578 2248 2887 2321 figuratur,
2929 2250 3084 2321 quod
3135 2257 3225 2307 est
3255 2252 3503 2308 curiosi-

1852 2336 2213 2392 tas.Terram
2236 2337 2393 2391 enim
2419 2336 2519 2408 qui
2545 2337 2882 2404 manducet,
2908 2339 3243 2411 profundat,
3264 2348 3318 2397 et
3345 2346 3505 2396 tene-

1850 2428 2026 2483 brosa
2050 2430 2335 2499 penetrat,
2375 2432 2638 2483 ettamen
2661 2428 3010 2500 temporalia
3031 2433 3204 2502 atque
3251 2437 3506 2487 terrena.

1921 2517 2153 2573 28.Non
2177 2521 2371 2573 autem
2390 2516 2709 2573 inimicitia:
2739 2524 3040 2590 ponuntur
3061 2520 3213 2575 inter
3238 2522 3432 2593 ipsum
3454 2526 3510 2576 et

1852 2609 2059 2678 virum,
2083 2610 2185 2665 sed
2210 2608 2365 2664 inter
2388 2609 2583 2681 ipsum
2608 2613 2664 2665 et
2687 2610 3014 2666 mulierem.
3038 2610 3335 2684 Numquid
3370 2614 3508 2684 quia

1849 2697 2004 2755 viros
2024 2715 2138 2755 non
2164 2698 2382 2770 decipit
2400 2703 2458 2754 et
2475 2696 2807 2754 tentat?Sed
2837 2699 3212 2756 manifestum
3236 2705 3327 2756 est
3349 2702 3503 2774 quod

1851 2789 2087 2861 decipit.
2114 2790 2199 2844 An
2223 2790 2363 2862 quia
2385 2788 2581 2861 ipsum
2610 2790 2796 2845 Adam
2825 2806 2936 2844 non
2958 2787 3203 2863 decepit,
3238 2792 3339 2847 sed
3374 2809 3503 2846 mu-

1849 2878 2049 2934 lierem
2066 2879 2194 2950 ejus
2207 2878 2233 2932 ?
2247 2878 2357 2933 Sed
2374 2876 2657 2949 numquid
2674 2882 2977 2949 propterea
2992 2895 3105 2934 non
3121 2885 3209 2936 est
3227 2879 3502 2937 inimicus

1849 2969 1999 3039 ejus,
2024 2967 2093 3023 ad
2110 2983 2284 3039 quem
2309 2966 2686 3039 pervenitper
2706 2966 3013 3023 mulierem
3034 2986 3202 3024 suam
3218 2969 3320 3026 illa
3343 2971 3504 3026 dece-

1849 3057 1992 3130 ptio,
2019 3056 2269 3132 maxime
2302 3055 2438 3127 quia
2456 3057 2526 3111 de
2547 3056 2883 3127 t'uturojam
2907 3057 3142 3127 dicitur,
3173 3060 3501 3115 Inimicitias

1842 3164 2053 3220 ponam
2068 3149 2277 3202 interte
2295 3152 2347 3202 et
2368 3144 2667 3201 mulierem
2688 3146 2715 3199 ?
2733 3146 2789 3200 Si
2812 3149 3007 3202 autem
3027 3148 3178 3218 quod
3203 3165 3317 3203 non
3342 3149 3500 3203 dein-

1848 3253 1984 3309 ceps
2005 3235 2234 3308 decepit
2253 3236 2461 3301 Adam,
2485 3252 2589 3291 nec
2609 3235 2800 3307 ipsam
2824 3237 3001 3292 Evam
3032 3237 3307 3309 deinceps
3332 3238 3498 3295 dece-

1848 3330 1954 3400 pit.
1987 3328 2176 3392 Quare
2205 3342 2342 3397 ergo
2370 3326 2451 3381 ita
2477 3324 2715 3391 dicitur,
2748 3326 2863 3381 nisi
2893 3327 3033 3397 quia
3066 3327 3160 3384 hic
3193 3329 3501 3385 manifeste

1847 3416 2179 3474 ostenditur
2192 3432 2306 3471 non
2322 3431 2495 3486 posse
2508 3432 2615 3470 nos
2630 3432 2662 3470 a
2691 3414 2923 3471 diabolo
2946 3420 3099 3471 tenta
3110 3416 3298 3485 ri,nisi
3320 3418 3501 3488 peril-

1845 3507 1964 3564 lam
1984 3504 2301 3562 animalem
2316 3509 2695 3577 partem,quae
2716 3505 2886 3575 quasi
2903 3506 3167 3561 mulieris
3182 3507 3501 3579 imaginem

1843 3596 1934 3652 vel
1966 3594 2301 3667 exemplum
2326 3594 2383 3649 in
2410 3610 2524 3649 uno
2552 3594 2680 3665 ipso
2712 3593 2950 3649 homine
2979 3595 3260 3661 ostendit,
3283 3597 3355 3652 de
3385 3613 3502 3668 qua

1845 3685 2251 3757 superiusjam
2267 3682 2455 3740 multa
2471 3682 2730 3739 diximus
2742 3682 2931 3749 ?Quod
2948 3688 3143 3739 autem
3155 3688 3334 3741 etiam
3350 3685 3501 3741 inter

1845 3790 2044 3831 semen
2066 3772 2304 3843 diaboli,
2330 3779 2386 3829 et
2407 3788 2609 3829 semen
2632 3772 2897 3829 mulieris
2921 3778 3223 3844 ponuntur
3243 3773 3496 3829 inimici-

1842 3864 1955 3933 tia,
1992 3863 2360 3935 significatur
2390 3864 2610 3918 semine
2632 3862 2850 3918 diaboli
2872 3878 3142 3934 perversa
3156 3865 3455 3935 suggestis
3481 3880 3496 3932 ;

1843 3953 2069 4012 semine
2087 3956 2286 4009 autem
2311 3951 2834 4015 mulieris,fructus
2854 3951 2992 4008 boni
3014 3951 3351 4023 operis,quo
3366 3970 3495 4025 per-

1840 4060 2020 4099 versa)
2050 4042 2416 4115 suggestioni
2478 4041 2718 4098 resistit.
2772 4043 2841 4097 Et
2882 4042 3011 4098 ideo
3060 4042 3331 4099 observat
3370 4043 3497 4115 ipse

1842 4133 2107 4206 plantam
2130 4131 2489 4201 mulieris,ut
2512 4131 2561 4186 si
2586 4131 2822 4203 quando
2851 4131 2911 4186 in
2937 4130 3138 4187 illicita
3164 4130 3383 4188 labitur
3404 4133 3501 4190 de-

1842 4222 2076 4279 lectatio
2100 4224 2143 4289 ί,
2173 4226 2313 4276 tunc
2351 4220 2511 4276 illam
2544 4219 2772 4291 capiat:
2802 4226 2860 4277 et
2890 4220 2993 4277 illa
3022 4222 3292 4277 observat
3322 4227 3500 4293 caput

1842 4313 1996 4383 ejus,
2028 4316 2094 4368 ut
2124 4327 2259 4367 eum
2282 4309 2481 4381 iuipso
2508 4308 2857 4366 initiomalaa
2888 4310 3187 4366 suasionis
3204 4310 3496 4367 excludat.

1986 4427 2228 4483 CAPUT
2261 4426 2409 4484 XIX.
2440 4457 2509 4468 -——
2542 4427 2614 4481 De
2636 4427 2814 4496 pomis
2847 4427 3076 4481 mulieri
3104 4428 3353 4499 inﬂictis.

1914 4538 2004 4592 ‘29.
2038 4536 2169 4592 Jam
2189 4535 2259 4591 de
2284 4551 2453 4607 poena
2476 4533 2744 4590 mulieris
2770 4532 2933 4589 nulla
2955 4533 3199 4605 quaestio
3230 4538 3320 4590 est
3343 4551 3353 4589 :
3382 4551 3501 4591 ma-

1843 4627 2054 4683 nifeste
2067 4626 2222 4681 enim
2239 4622 2661 4696 multiplicatos
2675 4622 2901 4678 dolores
2920 4622 3297 4696 habet,atque
3313 4624 3501 4697 suspi-

1845 4718 1929 4773 ria
1953 4718 2010 4772 in
2037 4717 2213 4788 hujus
2237 4714 2363 4769 vitae
2380 4713 2847 4778 calamitatibus;
2872 4713 3169 4783 etquodin
3195 4714 3496 4770 doloribus

1844 4806 2033 4882 pariat
2057 4802 2507 4877 ﬁlios,quamvis
2530 4808 2586 4858 et
2616 4803 2673 4857 in
2698 4802 2809 4858 ista
2832 4799 3052 4857 visibili
3077 4802 3320 4858 muliere
3342 4819 3496 4859 com-

1845 4896 2095 4970 pleatur,
2127 4900 2320 4949 tamen
2365 4894 2436 4948 ad
2480 4893 2642 4948 illam
2693 4892 3055 4947 secretiorem
3105 4893 3495 4947 consideratio

1845 4985 2169 5041 revocanda
2200 4988 2305 5040 est.
2330 4983 2473 5039 Nam
2499 4987 2557 5038 et
2581 4982 2639 5037 in
2665 4982 2969 5055 pecoribus
2993 4982 3219 5037 feminae
3242 4998 3375 5037 cum
3401 4983 3497 5038 do-

1843 5074 1963 5132 lore
1987 5074 2222 5147 pariunt
2248 5073 2483 5141 ﬁlios,et
2505 5071 2625 5128 hare
2644 5077 2732 5128 est
2750 5072 2805 5127 in
2831 5071 2947 5129 illis
2973 5071 3340 5127 mortalitatis
3358 5088 3497 5128 con.

1844 5165 1989 5220 ditio
2016 5164 2209 5237 potius
2235 5180 2412 5236 quam
2438 5180 2609 5235 poma
2636 5162 2877 5234 peccati.
2907 5162 3099 5217 Potest
3120 5177 3257 5235 ergo
3281 5162 3403 5217 fieri
3438 5165 3501 5218 ut

1844 5255 2021 5311 etiam
2044 5255 2101 5310 in
2125 5253 2353 5311 feminis
2374 5253 2715 5308 hominibus
2738 5251 3071 5308 mortalium
3099 5268 3409 5325 corporum
3429 5253 3506 5310 sit

1845 5343 2370 5401 istacondilio.Sed
2398 5343 2506 5398 hoc
2529 5347 2615 5398 est
2640 5359 2919 5415 magnum
2948 5342 3503 5416 supplicium,quod

1845 5435 1917 5491 ad
1950 5436 2123 5491 istam
2148 5451 2461 5508 corporum
2486 5432 2905 5489 mortalitatem
2939 5450 3007 5488 ex
3030 5430 3131 5488 illa
3152 5430 3504 5490 immortali-

1846 5529 1965 5582 tate
2000 5528 2728 5581 vmcrunt.Verumtamen
2756 5539 3036 5596 magnum
3063 5529 3499 5580 sacramentum

1844 5789 1863 5839 ι
1914 5725 2083 5840 alites,
2114 5740 2224 5776 non
2252 5724 2409 5789 pauci
2432 5724 2713 5775 habentzsi
2741 5721 2947 5788 quando
2960 5720 3145 5775 illicita
3166 5722 3388 5775 elabitur
3410 5724 3493 5775 de-

1864 5804 1915 5840 cc
1940 5805 1970 5839 α
1998 5804 2064 5839 ιο.

1864 5804 2064 5842 θοιαιιο.
