4030 6352
159 326 279 389 213

163 461 325 529 tatis,
357 464 413 517 et
438 465 589 518 Deus
622 478 865 535 corpora
895 477 1096 519 eorum
1116 462 1173 519 in
1196 463 1370 520 istam
1396 460 1813 518 mortalitatem

161 553 359 608 carnis
385 551 654 620 mutavit,
688 553 788 609 ubi
820 552 1003 609 latent
1033 553 1209 609 corda
1254 552 1577 609 mendacia.
1612 550 1813 622 Neque

161 642 320 699 enim
346 644 403 697 in
432 642 551 698 illis
582 642 925 715 corporibus
958 641 1292 698 caelestibus
1323 642 1407 698 sic
1439 641 1619 697 latere
1643 657 1815 713 posse

158 734 544 805 cogitationes
577 732 931 789 credendum
966 738 1073 801 est,
1107 732 1607 804 quemadmodum
1642 729 1699 785 in
1722 728 1813 785 his

156 824 501 896 corporibus
528 822 709 879 latent
735 823 865 879 :sed
891 822 1045 878 sicut
1072 822 1337 878 nonnulli
1365 826 1559 877 motus
1584 820 1811 875 animo-

157 930 288 969 rum
314 917 601 985 apparent
623 912 677 967 in
704 912 894 977 vultu,
926 917 982 968 et
1032 912 1283 967 maxime
1306 911 1363 966 in
1388 910 1595 977 oculis,
1631 909 1714 964 sic
1757 909 1814 963 in

156 1002 259 1059 illa
291 1002 708 1075 perspicuitate
738 1018 803 1057 ac
843 999 1221 1073 simplicitate
1252 1000 1577 1056 cmlestium
1612 1014 1814 1069 corpo-

159 1110 291 1148 rum
325 1107 531 1147 omnes
553 1089 790 1147 omnino
822 1094 1017 1145 motus
1049 1090 1229 1145 animi
1262 1088 1442 1145 latere
1487 1106 1602 1144 non
1656 1087 1816 1144 arbi—

160 1185 303 1237 tror.
330 1182 531 1252 Itaque
562 1179 645 1235 illi
676 1180 1060 1235 merebuntur
1090 1179 1518 1236 habitationem
1550 1178 1714 1234 illam
1762 1180 1820 1234 et

164 1269 685 1328 commutationem
718 1269 776 1324 in
806 1268 1131 1342 angelicam
1167 1271 1438 1339 formam,
1491 1268 1592 1339 qui
1640 1268 1816 1323 etiam

152 1362 213 1417 in
245 1361 355 1416 bac
384 1360 505 1416 vita
525 1376 659 1415 cum
693 1360 922 1432 possint
944 1360 1055 1416 sub
1090 1359 1305 1415 tunicis
1326 1358 1584 1431 pelliceis
1619 1357 1816 1414 occul-

156 1456 281 1506 tare
313 1449 645 1516 mendacia,
675 1450 923 1505 oderunt
953 1454 1150 1505 tamen
1182 1466 1249 1505 ea
1272 1452 1547 1503 etcavent
1570 1448 1819 1520 flagran-

162 1539 396 1597 tissimo
427 1555 625 1595 amore
656 1539 1008 1606 veritatis,et
1038 1540 1150 1594 hoc
1182 1538 1374 1593 solum
1407 1542 1635 1611 tegunt,
1659 1537 1817 1609 quod

156 1629 197 1685 ii
230 1629 331 1701 qui
363 1628 636 1699 audiunt,
667 1628 813 1684 ferre
844 1645 960 1683 non
987 1633 1269 1699 possunt;
1305 1627 1406 1684 sed
1438 1626 1603 1683 nulla
1653 1644 1820 1682 men-

162 1719 417 1774 tiuntur.
448 1717 653 1774 Veniet
682 1715 837 1773 enim
870 1721 1101 1789 tempus
1135 1721 1197 1772 ut
1230 1716 1373 1771 nihil
1407 1716 1585 1772 etiam
1627 1721 1820 1772 conte-

160 1813 336 1881 gatur
368 1827 381 1864 :
416 1806 561 1863 nihil
595 1812 684 1863 est
708 1806 865 1863 enim
897 1807 1191 1862 occultum
1223 1807 1379 1878 quod
1407 1823 1520 1862 non
1542 1806 1817 1861 manifes-

164 1896 618 1969 tabitur(Mattli.
640 1897 817 1966 11,26).
841 1896 1093 1951 Tamdiu
1113 1902 1307 1951 autem
1328 1895 1385 1950 in
1410 1895 1681 1966 paradiso
1698 1894 1819 1950 ἰαθ-

167 1993 308 2044 runt
339 1986 457 2057 isti,
491 1986 756 2056 quamvis
792 1985 917 2057 jam
977 1986 1087 2041 sub
1141 1984 1432 2041 sententia
1488 1984 1822 2040 damnantis

168 2076 292 2146 Dei,
324 2077 757 2132 donecventum
788 2078 944 2130 esset
974 2075 1043 2129 ad
1080 2073 1351 2146 pelliceas
1374 2073 1623 2140 tunicas,
1656 2073 1710 2129 id
1734 2077 1823 2129 est

166 2168 237 2224 ad
270 2166 452 2237 hujus
472 2165 603 2221 vitis
629 2163 1060 2221 mortalitatem.
1093 2166 1217 2230 Quo
1236 2163 1396 2219 enim
1418 2165 1636 2235 majore
1668 2164 1820 2218 indi-

166 2258 255 2313 cio
275 2255 466 2329 potuit
482 2254 800 2327 significari
819 2271 977 2310 more
995 2271 1171 2325 quam
1197 2253 1492 2309 sentimus
1510 2254 1570 2309 in
1584 2270 1823 2326 corpore

167 2363 345 2419 quam
381 2344 630 2418 pellibus
665 2361 791 2417 qua:
826 2345 1073 2401 mortuis
1105 2344 1413 2416 pecoribus
1442 2343 1670 2399 detrahi
1724 2360 1821 2400 so-

167 2437 294 2492 lent
310 2435 338 2489 ?
370 2437 570 2506 Itaque
584 2450 715 2489 cum
735 2438 937 2489 contra
958 2438 1335 2505 praeceptum,
1361 2450 1474 2489 non
1499 2433 1825 2489 imitatione

168 2523 787 2598 legitima,sedillicita
808 2524 1266 2596 superbia,Deus
1302 2539 1431 2579 esse
1462 2524 1686 2595 appetit
1720 2524 1822 2580 bo-

170 2632 290 2683 mo,
313 2631 494 2685 usque
520 2615 593 2670 ad
622 2613 951 2669 belluarum
978 2613 1397 2669 mortalitatem
1417 2613 1682 2685 dejectus
1710 2618 1821 2669 est.

240 2706 330 2761 33.
368 2706 497 2761 Ideo
530 2706 615 2760 sic
646 2703 730 2760 illi
761 2703 851 2760 lex
885 2704 1081 2760 divina
1113 2704 1358 2759 insultat
1405 2719 1503 2759 ore
1538 2704 1673 2772 Dei;
1708 2720 1826 2776 qua

173 2794 557 2852 insultatione
590 2811 699 2851 nos
725 2795 1113 2850 admonemur
1162 2798 1455 2866 quantum
1509 2810 1826 2865 possumus

176 2900 381 2941 cavere
413 2884 773 2957 superbiam.

247 2974 485 3031 CAPUT
522 2974 688 3030 ΧΧΙΙ.
711 3006 773 3015 -
792 2973 1057 3045 Expulsio
1088 2973 1220 3030 Adae
1243 2973 1377 3044 quid
1406 2974 1715 3045 allegoriae.

246 3070 379 3122 Ecce
400 3065 571 3121 Adam
598 3064 784 3138 factus
805 3072 884 3120 est
911 3072 1175 3134 tanquam
1242 3080 1384 3119 unus
1433 3081 1502 3119 ea:
1537 3064 1699 3119 nobis
1758 3064 1828 3119 ad

178 3152 838 3225 scientiameognoscendi
867 3153 1065 3208 bonum
1083 3158 1133 3208 et
1154 3153 1529 3217 malum.Quae
1551 3153 1831 3225 ambigua

184 3243 405 3300 locutio
438 3243 685 3316 figuram
720 3242 886 3299 facit:
914 3260 1073 3309 nam,
1094 3244 1270 3313 factus
1298 3249 1378 3299 est
1398 3253 1666 3315 tanquam
1686 3260 1831 3299 unus

181 3349 252 3389 ex
271 3332 443 3403 nobis,
467 3332 779 3405 dupliciter
795 3332 1040 3404 intelligi
1066 3337 1285 3404 potest:
1306 3332 1391 3389 vel
1416 3349 1560 3388 unus
1578 3349 1648 3389 ea:
1674 3334 1832 3388 nobis

188 3422 360 3496 quasi
394 3424 591 3493 etipse
606 3421 944 3493 Deus,quod
972 3420 1223 3493 pertinet
1240 3422 1309 3477 ad
1349 3421 1831 3490 insultationem;

186 3513 347 3570 sicut
377 3512 611 3579 dicitur,
648 3529 801 3567 unus
820 3529 887 3568 ex
917 3512 1311 3577 senatoribus,
1337 3511 1539 3585 utique
1563 3519 1830 3569 senator:

185 3608 289 3659 aut
322 3606 494 3667 certe,
511 3603 649 3674 quia
670 3602 863 3674 etipse
884 3602 1029 3657 deus
1059 3605 1230 3667 esset,
1251 3602 1520 3673 quamvis
1552 3601 1838 3658 Creatoris

186 3694 280 3750 sui
313 3692 737 3762 beneficio,non
769 3691 1051 3757 natura,si
1074 3692 1183 3747 sub
1217 3693 1345 3763 ejus
1376 3696 1662 3763 potestate
1710 3709 1839 3748 ma-

191 3799 330 3840 nere
360 3782 755 3851 voluisset,sic
784 3781 1005 3838 dictum
1020 3787 1208 3851 est,ex
1228 3784 1413 3844 nobis;
1437 3782 1731 3855 quomodo
1754 3781 1840 3837 di-

194 3874 363 3939 citur,
398 3890 465 3928 ex
494 3871 835 3929 consulibus
863 3898 877 3941 ;
908 3876 1027 3941 aut,
1064 3889 1165 3946 pro
1198 3872 1560 3941 consulibus,
1594 3873 1693 3945 qui
1715 3874 1842 3944 jam

194 3981 310 4020 non
335 3968 444 4019 est.
474 3962 584 4019 Sed
619 3962 689 4018 ad
724 3977 897 4033 quam
922 3978 1043 4017 rem
1065 3963 1253 4019 factus
1274 3968 1361 4018 est
1383 3967 1666 4034 tanquam
1693 3978 1846 4017 unus

194 4071 262 4110 ex
294 4052 508 4109 nobis?
538 4052 618 4107 Ad
639 4052 942 4107 scientiam
976 4051 1601 4123 scilicetdignoscendi
1636 4052 1771 4109 boni
1790 4057 1849 4109 et

197 4144 359 4211 mali,
387 4148 450 4199 ut
481 4143 590 4199 iste
613 4158 714 4214 per
742 4142 1203 4213 experimentum
1229 4141 1478 4197 disceret
1506 4142 1645 4197 dum
1668 4142 1851 4198 sentit

201 4233 613 4306 malum,quod
646 4232 799 4287 Deus
818 4249 918 4304 per
934 4231 1279 4304 sapientiam
1304 4232 1463 4287 novit
1483 4250 1495 4299 ;
1512 4235 1569 4287 et
1592 4236 1849 4304 potesta-

198 4332 316 4382 tem
342 4323 502 4379 illam
532 4322 965 4394 Omnipotentis
988 4339 1164 4394 quam
1183 4324 1301 4395 pati
1326 4320 1515 4377 noluit
1536 4322 1742 4378 beatus
1764 4326 1850 4378 at-

200 4431 317 4487 que
332 4411 726 4483 consentiens,
752 4429 919 4484 pcena
941 4428 1049 4467 sua
1070 4412 1256 4467 discat
1279 4428 1409 4468 esse
1428 4411 1847 4468 inevitabilem.

268 4505 360 4560 34.
394 4505 458 4559 Et
478 4508 608 4559 tunc
622 4520 693 4557 ne
710 4503 1022 4574 porrigeret
1040 4501 1219 4557 Adam
1238 4519 1467 4557 manum
1488 4518 1647 4557 suam
1668 4502 1739 4556 ad
1758 4518 1851 4556 ar-

202 4598 388 4653 borem
416 4596 561 4664 vita,
581 4600 636 4649 et
663 4592 868 4648 viveret
886 4596 943 4647 in
973 4601 1263 4658 aternum,
1286 4591 1501 4647 dimisit
1530 4592 1697 4647 illum
1717 4592 1855 4646 Deus

201 4686 266 4743 de
294 4684 573 4758 paradiso.
608 4684 755 4738 Bene
777 4682 999 4738 dictum
1019 4687 1127 4748 est,
1149 4681 1383 4748 dimisit,
1408 4698 1546 4750 non,
1570 4680 1854 4751 exclusit;

203 4781 266 4833 ut
298 4776 427 4848 ipso
452 4777 820 4847 peccatorum
851 4790 1090 4829 suorum
1119 4773 1375 4845 pondere
1393 4770 1856 4844 tanquaminlo-

203 4884 337 4923 cum
371 4864 485 4921 sibi
518 4880 842 4936 congruum
877 4863 1172 4918 videretur
1204 4861 1416 4934 urgeri.
1441 4862 1599 4929 Quod
1635 4861 1860 4933 patitur

202 4957 551 5029 plerumque
564 4951 757 5009 malus
772 4952 946 5008 homo
963 4969 1097 5008 cum
1118 4952 1267 5007 inter
1280 4953 1464 5009 bonos
1475 4952 1664 5008 vivere
1681 4968 1861 5023 coepe-

202 5047 355 5115 rit,si
379 5062 445 5101 se
467 5044 524 5099 in
552 5042 761 5099 melius
777 5030 1139 5099 commutare
1163 5042 1443 5097 noluerit:
1468 5058 1537 5096 ex
1555 5040 1655 5096 illa
1674 5040 1859 5096 bono-

204 5153 335 5193 rum
351 5132 1085 5207 congregatione,pondere
1098 5132 1264 5186 malai
1281 5149 1397 5186 suae
1416 5129 1862 5187 consuetudinis

209 5226 483 5301 pellitur;
510 5222 664 5278 etilli
698 5238 830 5277 eum
852 5238 967 5277 non
994 5221 1316 5277 excludunt
1345 5219 1862 5287 reluctantem,sed

208 5316 519 5371 dimittunt
543 5311 1061 5384 cupientem.Quod
1082 5315 1275 5367 autem
1297 5308 1519 5366 dictum
1540 5310 1869 5380 est,Nepor-

210 5409 407 5479 rigeret
426 5404 600 5460 Adam
614 5420 741 5457 man
753 5420 840 5457 um
864 5418 1023 5457 suam
1045 5400 1112 5455 ad
1130 5402 1379 5457 arborem
1398 5400 1720 5470 vitaz,etiam
1745 5399 1867 5455 haec

213 5491 845 5567 ambigualocutioest.
881 5491 1202 5564 Loquimur
1221 5490 1376 5545 enim
1421 5490 1525 5555 sic,
1552 5507 1685 5545 cum
1725 5488 1867 5544 dici-

210 5604 361 5651 mus,
394 5584 528 5641 ideo
556 5586 614 5638 te
644 5597 873 5647 moneo,
908 5595 979 5636 ne
1010 5580 1224 5635 iterum
1258 5578 1436 5635 facias
1468 5579 1625 5651 quod
1652 5578 1866 5647 fecisti,

212 5676 471 5732 volentes
504 5672 707 5745 utique
738 5675 801 5725 ut
834 5687 946 5725 non
982 5671 1152 5725 faciat
1185 5687 1196 5725 :
1232 5674 1289 5725 et
1322 5669 1533 5724 iterum
1578 5668 1681 5735 sic,
1737 5668 1869 5723 ideo

212 5772 267 5825 te
301 5782 530 5829 moneo,
558 5780 629 5819 ne
655 5762 798 5819 forte
821 5760 906 5818 sis
928 5762 1139 5831 bonus,
1156 5760 1413 5817 volentes
1436 5758 1639 5831 utique
1670 5762 1732 5813 ut
1754 5758 1869 5826 sit;

223 5856 277 5914 id
307 5860 418 5933 est,
447 5867 660 5916 moneo
690 5855 771 5927 te,
804 5867 920 5912 non
961 5850 1281 5929 desperans
1314 5847 1470 5925 quod
1513 5848 1703 5907 bonus
1735 5862 1875 5921 pos-

1513 325 1745 388 LIBER
1788 324 2227 389 SECUNDUS.

3465 333 3581 391 2M

1924 459 2007 516 sis
2029 477 2177 517 esse.
2196 460 2354 517 Sicut
2370 462 2632 534 loquitur
2646 463 3120 537 Apostolus,cum
3144 462 3315 519 dicit:
3341 464 3417 519 Ne
3436 465 3579 535 forte

1921 548 2009 605 det
2040 551 2155 605 illis
2188 553 2325 608 Deus
2342 556 2725 623 paenitentiam
2746 554 2819 608 ad
2838 553 3262 625 cognoscendam
3287 554 3576 610 veritatem

1922 640 1991 710 (ΙΙ
2028 642 2160 696 Tim.
2188 658 2249 708 ιι,
2272 644 2384 711 25),
2412 643 2609 699 Potest
2629 661 2766 717 ergo
2786 644 2967 699 videri
2994 648 3301 715 propterea
3320 642 3495 699 homo
3516 644 3575 698 in

1920 728 2150 786 labores
2172 732 2353 803 hujus
2372 734 2500 788 vitae
2520 750 2649 789 esse
2672 733 2980 801 dimissus,
3006 738 3072 787 ut
3108 732 3427 805 aliquando
3452 749 3576 787 ma-

1924 835 2065 874 num
2101 820 2359 892 porrigat
2380 823 2451 877 ad
2477 823 2744 878 arborem
2770 822 2979 893 vitas,et
3002 822 3155 876 vivat
3182 821 3240 876 in
3266 826 3574 877 aeternum.

1923 910 2129 964 Manus
2163 915 2358 965 autem
2394 912 2679 982 porrectio
2708 912 2855 967 bene
2877 911 3168 983 signiﬁcat
3196 928 3451 979 crucem,
3478 929 3578 985 per

1924 1013 2103 1068 quam
2131 998 2247 1054 vita
2276 1004 2492 1055 aeterna
2523 1004 2921 1073 recuperatur.
2959 1000 3241 1065 Quamvis
3296 1000 3476 1057 etiam
3529 1002 3578 1056 si

1922 1087 2023 1143 illo
2052 1089 2225 1145 modo
2258 1089 2684 1162 intelligamus,
2710 1108 2779 1146 ne
2808 1107 3035 1145 manum
3063 1094 3339 1162 porrigat,
3355 1096 3407 1146 et
3438 1094 3581 1146 vivat

1924 1179 1984 1233 in
2001 1189 2425 1248 aeternummon
2451 1180 2673 1251 injuste
2696 1198 2865 1252 poma
2886 1185 2975 1235 est
2996 1185 3128 1251 post
3144 1186 3448 1251 peccatum
3492 1181 3578 1235 in-

1924 1268 2245 1323 terclusum
2270 1286 2398 1325 esse
2421 1271 2646 1325 aditum
2666 1271 2737 1325 ad
2761 1270 3326 1342 sapientiam.donec
3350 1270 3449 1325 Dei
3470 1271 3578 1325 mi-

1926 1358 2245 1413 sericordia
2275 1359 2573 1413 mensuris
2603 1363 2937 1430 temporum
2970 1358 3279 1415 reviviscat
3298 1359 3395 1430 qui
3423 1376 3580 1415 mor-

1924 1451 2064 1503 tuus
2087 1452 2259 1515 est,et
2275 1448 2605 1504 inveniatur
2621 1450 2719 1521 qui
2747 1448 3318 1521 perierat.Dimissus
3340 1453 3425 1505 est
3443 1466 3580 1521 ergo

1925 1538 1997 1593 de
2028 1538 2299 1609 paradiso
2323 1539 2722 1609 suavitatis,ut
2751 1543 3093 1611 operaretur
3113 1544 3329 1595 terram
3355 1539 3425 1595 de
3464 1556 3581 1611 qua

1927 1632 2199 1699 sumptus
2230 1632 2392 1694 erat,
2428 1628 2484 1683 id
2518 1633 2628 1696 est,
2652 1632 2719 1684 ut
2748 1628 2807 1683 in
2842 1644 3085 1700 corpore
3132 1629 3243 1684 isto
3266 1628 3578 1695 laboraret,

1924 1717 2071 1774 etibi
2088 1718 2138 1774 si
2157 1722 2357 1789 posset
2376 1718 2689 1775 collocaret
2710 1718 2822 1774 sibi
2844 1719 3119 1774 meritum
3145 1718 3449 1773 redeundi.
3465 1718 3583 1772 Mo-

1928 1811 2089 1863 ratus
2119 1812 2209 1863 est
2231 1812 2426 1863 autem
2461 1812 2665 1864 contra
2693 1808 3036 1881 paradisum
3068 1809 3125 1863 in
3152 1807 3394 1864 miseria
3421 1823 3581 1879 :qure

1927 1896 2131 1968 utique
2162 1897 2349 1953 beatae
2368 1897 2499 1953 vitae
2521 1898 2815 1953 contraria
2835 1901 2943 1954 est.
2965 1898 3111 1954 Nam
3138 1898 3368 1953 beatam
3402 1896 3582 1953 vitam

1928 1985 2185 2057 paradisi
2216 1986 2455 2043 nomine
2476 1986 2867 2059 significatam
2892 1988 3185 2043 existimo.

1928 2121 2157 2178 CAPUT
2196 2121 2473 2178 XXIII.-—-
2496 2122 2795 2249 Cherubim
2821 2131 2875 2249 (et
2890 2125 3113 2193 framea
3142 2122 3423 2179 versatilis
3455 2125 3588 2195 quid

2649 2210 2719 2248 no
2747 2211 2812 2249 en
2848 2235 2860 2248 .

2649 2202 2860 2249 notent.

1998 2302 2088 2357 35.
2123 2302 2317 2359 Posuit
2342 2306 2535 2357 autem
2566 2302 2703 2356 Deus
2727 2301 3024 2357 Cherubim
3054 2310 3103 2357 et
3131 2304 3444 2372 ﬂammeam
3464 2307 3580 2374 fra-

1928 2408 2115 2448 meam
2145 2407 2269 2463 quae
2300 2400 2574 2463 versatur,
2598 2409 2727 2462 qua:
2760 2408 2871 2447 uno
2897 2392 3133 2448 nomine
3155 2393 3450 2448 versatilis
3473 2394 3587 2448 dici

1930 2486 2141 2555 potest,
2174 2483 2247 2537 ad
2276 2482 2692 2539 custodiendam
2721 2484 2869 2537 viam
2899 2482 3111 2537 arboris
3139 2484 3282 2537 vitae.
3310 2483 3475 2538 Sicut
3505 2482 3588 2537 illi

1930 2572 2134 2629 volunt
2155 2572 2257 2644 qui
2289 2572 2518 2628 hebreea
2549 2572 2725 2628 verba
2757 2572 2814 2627 in
2866 2572 3186 2645 Scripturis
3225 2571 3589 2643 interpretati

1930 2662 2412 2731 sunt,Cherubim
2427 2661 2606 2717 latine
2619 2661 2883 2717 Scientiaa
2899 2660 3199 2733 plenitudo
3214 2678 3340 2716 esse
3354 2660 3589 2717 dicitur.

1932 2750 2231 2807 Flammea
2260 2766 2394 2805 vero
2420 2751 2641 2805 framea
2670 2748 2981 2818 versatilis,
3021 2748 3377 2821 temporales
3410 2766 3589 2822 pcenes

1932 2839 2366 2912 intelliguntur,
2402 2838 2681 2911 quoniam
2726 2844 2995 2910 tempora
3045 2837 3412 2893 volubilitate
3462 2854 3591 2893 ver-

1933 2933 2159 2985 santur.
2186 2930 2495 3001 Pr0pterea
2517 2935 2571 2984 et
2591 2928 2863 2983 ﬂammea
2888 2926 3120 2998 dicitur,
3146 2926 3283 2998 quia
3310 2927 3427 2982 urit
3451 2944 3590 2999 quo-

1933 3020 2247 3075 dammodo
2271 3018 2464 3074 omnis
2486 3016 2809 3073 tribulatio.
2836 3016 2946 3071 Sed
2969 3015 3127 3071 aliud
3150 3015 3342 3071 esturi
3365 3017 3436 3071 ad
3452 3033 3591 3071 con-

1935 3110 2356 3181 sumptionem,
2381 3112 2438 3162 et
2470 3108 2628 3163 aliud
2652 3111 2740 3162 est
2763 3106 2852 3161 uri
2876 3106 2945 3161 ad
2972 3105 3403 3177 purgationem.
3439 3104 3588 3160 Nam

1935 3203 1993 3255 et
2023 3197 2331 3270 Apostolus
2364 3197 2542 3252 dicit:
2576 3198 2718 3269 Quis
2758 3196 3197 3259 scandalizatur,
3232 3198 3283 3250 et
3330 3212 3423 3266 ego
3479 3211 3591 3250 non

1938 3305 2074 3344 uror
2105 3289 2172 3359 (ΙΙ
2199 3288 2326 3344 Cor.
2350 3304 2429 3351 ιιι,
2456 3288 2548 3359 29)
2572 3287 2599 3341 Ῠ
2619 3286 2728 3342 Sed
2745 3286 2851 3341 iste
2876 3285 3117 3341 allectus
3143 3286 3431 3357 purgabat
3452 3301 3585 3340 eum

1940 3378 2150 3451 magis,
2189 3378 2327 3451 quia
2364 3378 2435 3433 de
2465 3377 2750 3433 cbaritate
2780 3375 3065 3432 veniebat.
3100 3375 3166 3429 Et
3198 3374 3308 3429 ἱΙΙευ
3342 3374 3587 3430 tribula-

1940 3470 2128 3525 tiones
2150 3486 2297 3541 quas
2314 3468 2459 3539 justi
2485 3467 2888 3540 patiuntur,ad
2911 3465 3085 3521 istam
3110 3465 3405 3536 pertinent
3428 3466 3590 3520 llam-

1944 3575 2134 3615 mcam
2169 3559 2485 3613 frameam:
2522 3558 2795 3625 Quoniam
2829 3557 2890 3610 in
2924 3557 3049 3626 igne
3076 3555 3345 3625 probalar
3392 3572 3595 3609 aurum

1945 3653 1994 3705 et
2022 3650 2336 3719 argentum,
2369 3656 2418 3703 et
2451 3648 2695 3702 homines
2718 3644 3078 3716 acceptabiles
3097 3647 3153 3699 in
3178 3646 3398 3699 camino
3420 3643 3601 3699 humi~

1953 3738 2205 3794 liationis
2228 3738 2427 3809 (Eccli.
2463 3754 2523 3804 ιι,
2555 3737 2632 3807 5).
2667 3736 2737 3790 Et
2766 3734 3015 3790 iterum:
3050 3738 3189 3789 Vasa
3219 3735 3380 3801 ﬁguli
3404 3736 3600 3803 probat

1949 3833 2172 3899 tornum,
2205 3832 2255 3882 et
2288 3826 2533 3881 homines
2575 3828 2752 3897 justas
2799 3825 3032 3879 tentatio
3068 3822 3447 3879 tribulationis
3499 3822 3601 3893 (Id.

1950 3934 2125 3988 xxvn,
2157 3918 2235 3987 6),
2268 3916 2555 3980 Quoniam
2579 3932 2714 3986 ergo
2745 3932 2903 3987 quem
2924 3914 3110 3982 diligit
3141 3914 3304 3978 Dous,
3330 3914 3603 3983 corripit;

1952 4010 2001 4064 el
2030 4007 2282 4078 ﬂagellat
2314 4021 2529 4060 omnem
2559 4005 2737 4075 [ilium
2768 4019 2927 4075 quem
2961 4003 3155 4073 recipit
3187 4002 3369 4074 (Hebr.
3391 4003 3605 4072 xu,6);

1955 4090 2109 4146 sicut
2140 4088 2282 4143 dicit
2312 4086 2643 4159 Apostolus.
2666 4088 3182 4157 Scientesquoniam
3204 4084 3489 4139 tribulatio
3505 4100 3608 4155 pa-

1956 4178 2232 4247 (tentiam,
2292 4179 2574 4247 operatur,
2632 4175 2917 4246 patientia
2982 4177 3167 4228 autem
3223 4172 3608 4244 probationem

1956 4269 2131 4338 (Rom.
2156 4285 2211 4337 v,
2236 4268 2288 4335 3,
2326 4267 2399 4337 li),
2440 4270 2496 4320 et
2531 4264 2785 4338 legimus
2818 4268 2875 4319 et
2918 4263 3217 4331 audimus,
3261 4267 3317 4317 et
3364 4263 3608 4318 creden-

1957 4362 2093 4417 dum
2139 4365 2229 4415 est
2268 4359 2535 4415 arborem
2583 4359 2739 4425 vitae,
2786 4355 3213 4429 plenitudinem
3255 4354 3511 4411 scientiis
3553 4359 3611 4410 et

1958 4455 2293 4511 ﬂammeam
2314 4453 2594 4508 frameam
2632 4450 2925 4506 custodire
2940 4452 2979 4503 ί.
3014 4448 3195 4503 Nemo
3243 4464 3380 4521 ergo
3420 4451 3611 4519 potest

1960 4542 2344 4616 perveniread
2364 4539 2799 4605 arboremvitte,
2820 4536 2932 4593 nisi
2954 4554 3054 4609 per
3084 4536 3193 4591 has
3224 4535 3393 4604 duas,
3424 4534 3477 4589 id
3524 4537 3614 4591 est

1960 4649 2063 4704 per
2084 4628 2454 4687 tolerantiam
2480 4628 2907 4694 molestiarum,
2941 4632 2998 4682 et
3053 4625 3309 4682 scientia:
3354 4623 3611 4694 plenitu-

1963 4722 2184 4776 dinem.

2030 4811 2119 4866 36.
2143 4811 2252 4865 Sed
2285 4807 2593 4864 tolerantia
2624 4805 3027 4861 molestiarum
3064 4804 3342 4858 omnibus
3392 4802 3508 4857 fere
3555 4800 3615 4856 in

1964 4903 2071 4957 hac
2116 4901 2233 4955 vita
2263 4898 2572 4953 subeunda
2602 4901 2709 4965 est,
2770 4893 3150 4951 tendentibus
3214 4893 3283 4947 ad
3347 4891 3617 4947 arborem

1961 4993 2117 5047 vites:
2155 4988 2458 5060 plenitudo
2505 4990 2703 5041 autem
2734 4985 2991 5041 scientiae
3039 4982 3272 5038 videtur
3323 4980 3621 5053 pauciori-

1966 5082 2079 5137 bus
2112 5077 2449 5152 provenire;
2474 5081 2537 5131 ut
2567 5075 2735 5147 quasi
2768 5091 2882 5129 non
2913 5088 3118 5128 omnes
3142 5069 3244 5143 qui
3276 5069 3623 5141 perveniunt

1969 5172 2041 5226 ad
2064 5170 2329 5225 arborem
2352 5166 2610 5237 vitze,per
2632 5163 2890 5221 scientias
2914 5160 3340 5235 plenitudinem
3357 5159 3619 5227 veniant,

1970 5261 2240 5333 quamvis
2272 5276 2477 5315 omnes
2509 5258 2883 5315 tolerantiam
2934 5254 3364 5317 molestiarum,
3425 5252 3482 5307 id
3532 5254 3627 5307 est

1974 5354 2307 5409 flammeam
2342 5352 2621 5405 frameam
2652 5347 3011 5408 versatitem,
3035 5343 3312 5398 sentiant.
3342 5341 3454 5397 Sed
3474 5342 3520 5397 si
3539 5347 3624 5398 at-

1974 5444 2249 5500 tendatur
2278 5441 2429 5511 quod
2481 5437 2801 5510 Apostolus
2868 5436 3032 5497 dicit,
3094 5433 3398 5488 Plenitudo
3445 5438 3628 5489 autem

2046 5610 2056 5638 τ
2088 5607 2234 5660 Lov.,
2255 5600 2781 5665 plenitudinem‘esse
2809 5596 3056 5665 scientiis,
3084 5597 3135 5643 et
3153 5596 3397 5665 ﬂammea
3433 5599 3634 5665 [ramea

1977 5657 2345 5715 ausim/iri.'Sie
2373 5667 2529 5712 etiam
2555 5657 3297 5724 antit'juinreseditioues,nisi
3322 5657 3461 5724 quod
3486 5657 3637 5705 omit-

1981 5730 2353 5801 lliHl,"~‘S_ﬂ.St3d
2380 5730 2493 5801 ipsa
2525 5719 2783 5801 orationis
2803 5724 2965 5801 series
2988 5722 3179 5786 probat
3206 5719 3490 5801 legendum
3513 5733 3632 5768 cum

1979 5799 2127 5908 illi?”
2156 5784 2527 5857 plenitudinem
2565 5788 2806 5848 scientia,
2839 5789 2886 5838 et
2906 5784 3203 5851 ﬂammeam
3234 5784 3487 5847 frameam
3520 5797 3625 5831 cus-

2004 5874 2032 5908 o
2077 5872 2169 5908 ire.

1983 5858 2169 5911 todire.
