4030 6352
188 349 303 406 241

192 482 438 552 quintus.
474 479 580 534 Hic
604 481 917 550 postquam
950 478 1113 543 dixit,
1148 480 1210 533 Et
1236 482 1315 533 sic
1339 482 1547 549 factum
1576 484 1674 543 est,
1736 495 1850 533 non

192 567 649 624 subdiditsicuti
667 567 813 623 solet
829 568 1455 641 exsecutionem,quasi
1472 574 1678 623 iterum
1701 568 1850 622 facta

190 659 347 725 sint;
383 660 501 727 iam
532 656 689 712 enim
721 657 993 729 superius
1023 656 1245 713 dictum
1278 664 1419 713 erat.
1458 662 1571 713 Nec-
1595 674 1662 712 ea
1685 658 1855 712 bene-

192 747 603 818 dictione,qua3
630 746 701 801 ad
733 746 1089 818 gignendum
1117 746 1335 817 prolem
1370 748 1637 817 pertinet,
1660 744 1856 816 aliqua

193 853 340 892 nova
374 841 587 891 natura
619 835 1043 902 fabricabatur;
1080 837 1179 890 sed
1206 854 1332 907 quze
1366 837 1517 891 facta
1546 840 1712 890 erant
1756 851 1856 905 per

190 925 1174 990 successionem,conservabantur.
1201 926 1265 978 Et
1296 925 1425 979 ideo
1457 942 1563 979 nec
1595 924 1739 977 illud
1774 923 1855 976 di-

193 1020 352 1070 ctum
385 1019 491 1079 est,
516 1015 585 1069 Et
605 1013 750 1068 vidit
782 1018 930 1068 Deus
963 1013 1103 1084 quia
1138 1014 1363 1068 bonum
1382 1018 1472 1068 est
1499 1030 1510 1068 ε
1538 1015 1661 1083 jam
1696 1013 1855 1067 enim

192 1120 287 1160 res
318 1104 449 1175 ipsa
477 1103 796 1175 placuerat,
830 1119 957 1173 quae
1002 1108 1229 1157 tantum
1286 1103 1573 1158 servanda
1624 1106 1747 1156 erat
1796 1102 1854 1155 in

194 1194 434 1249 fetibus.
473 1192 625 1248 Nihil
650 1193 744 1246 hic
787 1192 986 1263 itaque
1007 1192 1317 1262 repetitum
1365 1196 1474 1257 est,
1529 1190 1641 1245 nisi
1702 1190 1855 1261 quod

197 1284 299 1346 ait,
338 1285 400 1337 Et
429 1286 641 1349 factum
670 1289 752 1336 est
780 1283 894 1335 sic:
918 1280 1236 1352 statimque
1270 1282 1598 1351 subjectum
1629 1281 1697 1334 de
1728 1296 1858 1334 ves-

197 1388 337 1443 pera
371 1376 424 1424 et
452 1386 654 1424 mane:
689 1370 906 1440 quibus
959 1370 1302 1437 nominatis,
1344 1375 1641 1424 transacta
1685 1387 1859 1439 opera

196 1462 269 1515 de
298 1460 539 1514 informi
574 1459 817 1513 materia
846 1464 902 1513 et
932 1460 1123 1530 specie
1148 1476 1274 1530 quae
1310 1460 1656 1530 imponitur,
1675 1459 1858 1531 signi-

197 1549 361 1604 ficari
394 1549 620 1603 dictum
652 1552 760 1602 est.
794 1547 915 1602 Nisi
962 1548 1107 1601 forte
1140 1548 1361 1618 aliquid
1424 1546 1635 1603 melius
1684 1553 1859 1618 atque

197 1637 522 1694 sublimius
553 1637 807 1691 occurrit
831 1637 1249 1703 quaerentibus.

267 1738 359 1790 53.
393 1738 461 1791 Et
488 1736 637 1791 dixit
668 1738 826 1805 Deus,
859 1736 1057 1805 Ejiciat
1086 1741 1240 1789 terra
1271 1738 1517 1789 animum
1548 1737 1730 1789 vivam
1776 1752 1856 1791 se-

198 1827 440 1882 cundum
460 1842 617 1881 suum
640 1841 846 1893 genus;
868 1825 1311 1896 quadrupedum,
1345 1833 1397 1879 et
1425 1827 1787 1895 serpentium,
1810 1834 1861 1881 et

206 1918 517 1970 bestiarum
551 1919 717 1969 terrae
738 1914 1031 1968 secundum
1049 1930 1240 1983 genus,
1267 1918 1317 1967 et
1346 1930 1543 1981 pecora
1560 1912 1859 1967 secundum

202 2021 392 2074 genus.
423 2007 485 2060 Et
514 2011 720 2071 factum
750 2005 941 2057 estsic.
972 2004 1111 2057 Cum
1138 2003 1359 2057 dictum
1385 2001 1558 2056 fuerit
1587 2004 1856 2066 animam,

206 2111 311 2148 cur
342 2094 612 2148 additum
638 2093 714 2146 sit
741 2094 953 2157 vivam;
985 2091 1192 2163 etquid
1222 2092 1300 2146 sit
1327 2092 1627 2145 secundum
1660 2107 1857 2160 genus:

202 2188 259 2237 et
282 2184 353 2237 de
377 2181 550 2236 solita
580 2180 953 2235 conclusione
976 2197 1094 2250 qua
1124 2180 1412 2248 dicitur,et
1433 2181 1641 2249 factum
1668 2181 1855 2248 estsic,

201 2272 355 2326 sicut
389 2272 662 2342 superius
694 2273 1008 2324 tractatum
1032 2275 1138 2336 est,
1175 2269 1601 2324 consideranda
1631 2274 1685 2323 et
1715 2268 1860 2323 acci-

202 2361 419 2432 pienda
448 2363 753 2415 sunt.Cum
776 2364 969 2413 autem
995 2358 1049 2411 in
1074 2358 1259 2413 latina
1280 2358 1481 2428 lingua
1502 2357 1740 2413 nomine
1762 2359 1858 2413 be-

204 2451 454 2505 stiarum
487 2466 659 2504 omne
689 2448 1022 2503 irrationale
1054 2448 1269 2501 animal
1296 2448 1646 2519 generaliter
1676 2448 1858 2519 signi-

204 2541 441 2605 ficetur;
475 2539 568 2592 hic
610 2542 805 2592 tamen
853 2537 1282 2607 distinguendae
1316 2542 1457 2591 sunt
1497 2536 1743 2607 species,
1796 2542 1860 2592 ut

207 2629 358 2700 quad
371 2628 613 2698 ropedes
628 2625 985 2697 accipiamus
1000 2626 1197 2681 omnia
1215 2628 1279 2697 ju
1292 2632 1513 2693 menta;
1537 2634 1859 2698 serpentes,

206 2718 409 2773 omnia
440 2718 701 2788 repentis
726 2734 739 2782 ;
766 2716 986 2770 bestias
1008 2715 1095 2771 vel
1112 2716 1498 2783 feras,omnia
1524 2717 1860 2787 quadrupe-

206 2807 303 2862 dia
338 2806 663 2861 indomita:
698 2821 903 2877 pecora
929 2822 1080 2875 vero,
1116 2806 1523 2876 quadrupedia
1584 2822 1714 2875 quae
1746 2824 1860 2861 non

208 2896 507 2968 operando
531 2895 831 2965 adjuvant,
865 2894 963 2948 sed
989 2894 1130 2948 dant
1162 2894 1414 2965 aliquem
1449 2894 1706 2948 fructum
1729 2912 1863 2965 pas-

206 2985 500 3041 Gentibus.

283 3080 518 3137 CAPUT
547 3080 684 3135 XVI.
712 3081 882 3133 —5li.
919 3083 982 3135 Et
1010 3084 1141 3151 fecit
1175 3082 1310 3135 Deus
1343 3081 1542 3135 bestias
1566 3090 1724 3136 terra,
1776 3098 1863 3135 se-

208 3171 451 3228 cundum
482 3185 669 3237 genus,
694 3174 744 3224 et
762 3186 968 3241 pecora
999 3170 1299 3225 secundum
1332 3187 1521 3241 genus,
1576 3180 1626 3225 et
1674 3173 1864 3226 omnia

209 3261 485 3331 serpentia
512 3262 679 3315 terrae
693 3258 989 3313 secundum
1004 3276 1199 3332 genus.
1220 3258 1348 3314 Haec
1361 3260 1589 3314 iteratio
1605 3262 1756 3331 quod
1774 3261 1805 3313 d
1818 3261 1861 3313 i-

211 3355 374 3405 ctum
406 3353 513 3414 est,
539 3351 603 3403 Et
632 3349 764 3417 fecit
794 3352 959 3413 Deus,
990 3364 1121 3403 cum
1154 3349 1280 3419 jam
1314 3348 1535 3402 dictum
1579 3353 1755 3419 esset,
1802 3352 1864 3405 Et

208 3443 419 3510 factum
448 3440 526 3492 est
553 3439 669 3497 sic;
703 3438 1025 3491 secundum
1058 3438 1419 3508 superiorem
1446 3438 1708 3509 regulam
1726 3456 1862 3494 con-

211 3528 520 3583 sideretur.
552 3526 699 3580 Sane
723 3525 815 3580 hic
846 3542 1119 3597 pecorum
1144 3527 1381 3582 nomine
1402 3528 1601 3581 omnia
1625 3533 1763 3599 puto
1787 3530 1864 3583 si-

212 3616 489 3689 gnificata
518 3631 647 3669 esse
679 3615 1084 3687 quadrupedia
1115 3632 1241 3687 quas
1266 3617 1527 3671 subcura
1560 3616 1868 3671 hominum

213 3707 436 3761 vivunt.
466 3706 528 3760 Et
560 3705 694 3759 vidit
717 3705 856 3760 Deus
876 3707 1008 3777 quia
1023 3706 1223 3760 bonum
1242 3710 1351 3760 est:
1383 3706 1551 3760 solite
1583 3707 1871 3777 accipien-

217 3797 387 3852 dum.

290 3894 377 3947 55.
416 3896 481 3949 Et
508 3892 635 3947 dixi
664 3896 821 3958 Deus,
854 3894 1155 3949 Faciamus
1176 3893 1452 3948 hominem
1484 3895 1552 3948 ad
1574 3896 1871 3966 imaginem

214 3989 265 4037 et
320 3982 744 4037 similitudinem
778 3993 1046 4038 nostram.
1102 3984 1169 4037 Et
1214 3983 1308 4037 hic
1353 3985 1872 4041 animadvertenda

219 4072 483 4142 quasdam
502 4060 987 4141 etconjunctio,et
1003 4072 1277 4127 discretio
1302 4073 1869 4130 animantium.Nam

218 4161 423 4216 eodem
458 4160 783 4215 diefactum
809 4161 1105 4216 hominem
1134 4162 1295 4227 dicit,
1321 4179 1434 4233 quo
1466 4163 1703 4217 bestias.
1726 4165 1873 4219 Sunt

218 4249 373 4305 enim
391 4250 567 4305 simul
587 4251 783 4305 omnia
808 4257 1036 4306 terrena
1057 4250 1417 4319 animantia;
1441 4256 1497 4305 et
1524 4257 1717 4307 tamen
1737 4271 1869 4325 pro-

218 4344 349 4411 pter
368 4339 768 4395 excellentiam
789 4340 1052 4407 rationis,
1076 4342 1399 4396 secundum
1419 4358 1597 4411 quam
1620 4342 1692 4397 ad
1724 4344 1869 4397 ima-

220 4428 415 4501 ginem
446 4428 545 4482 Dei
578 4433 633 4483 et
655 4428 1101 4484 similitudinem
1135 4430 1387 4485 efﬁcitur
1410 4430 1608 4499 homo,
1643 4448 1872 4502 separa-

218 4518 325 4572 tim
360 4518 431 4571 de
462 4517 561 4573 illo
594 4518 828 4589 dicitur,
881 4524 1193 4590 postquam
1243 4520 1313 4573 de
1354 4520 1575 4574 caeteris
1626 4522 1873 4575 terrenis

221 4607 623 4664 animantibus
654 4608 822 4664 solite
841 4609 1185 4664 conclusum
1217 4615 1327 4679 est,
1371 4609 1638 4676 dicendo,
1690 4613 1752 4666 Et
1781 4612 1871 4666 vi-

222 4698 303 4753 dit
332 4698 471 4753 Deus
500 4699 633 4769 quia
665 4699 865 4753 bonum
894 4707 994 4754 est.

292 4798 382 4851 56.
416 4797 917 4853 Considerandum
960 4798 1131 4851 etiam
1165 4795 1332 4862 illud,
1362 4798 1512 4868 quod
1562 4798 1617 4852 in
1650 4799 1873 4853 caeteris

223 4902 340 4941 non
369 4886 513 4941 dixit
534 4886 706 4950 Deus,
738 4886 1059 4945 Faciamus;
1092 4891 1157 4940 ut
1189 4887 1296 4941 hoc
1320 4903 1552 4958 quoque
1583 4889 1754 4941 modo
1776 4904 1872 4941 vo-

224 4973 400 5029 luerit
434 4974 685 5046 Spiritus
720 4980 961 5029 sanctus
1004 4974 1272 5029 humans:
1312 4982 1531 5029 natura)
1574 4975 1873 5030 insinuare

224 5064 645 5136 praestantiam.
670 5064 981 5118 Cuiautem
1008 5064 1394 5118 nuncdictum
1421 5072 1529 5129 est,
1564 5067 1871 5132 Faciamus,

224 5153 335 5207 nisi
370 5154 461 5207 cui
484 5153 856 5207 dicebaturin
883 5153 1127 5223 caeteris,
1156 5153 1329 5208 Fiat?
1355 5153 1563 5208 Omnia
1596 5156 1749 5209 enim
1775 5174 1875 5227 per

224 5243 416 5315 ipsum
469 5243 621 5295 facta
674 5248 833 5305 sunt,
875 5249 930 5297 et
962 5242 1088 5296 sine
1134 5242 1259 5313 ipso
1316 5244 1527 5297 factum
1581 5250 1669 5297 est
1728 5244 1870 5298 nihil

223 5332 463 5403 (Joan.1,
495 5329 571 5397 3).
605 5330 713 5384 Sed
740 5330 873 5400 quid
911 5334 1193 5401 putamus
1234 5331 1399 5386 aliter
1450 5332 1673 5387 dictum
1722 5350 1869 5400 esse,

224 5423 361 5489 Fiat,
398 5419 510 5475 nisi
544 5427 603 5474 ut
637 5421 759 5491 ipse
785 5422 996 5475 faceret
1016 5420 1190 5490 jussu
1217 5421 1405 5475 Patris
1432 5438 1444 5487 ;
1470 5426 1525 5475 et
1552 5421 1740 5487 aliter,
1772 5424 1875 5477 Fa-

226 5514 459 5580 ciamus,
496 5509 692 5565 nisiut
721 5511 893 5565 ambo
926 5510 1141 5581 pariter
1191 5510 1483 5565 facerent?
1538 5517 1624 5565 An
1677 5514 1876 5566 omnia

229 5617 352 5671 qua:
390 5600 527 5653 fecit
561 5599 742 5669 Pater,
772 5616 873 5671 per
898 5598 1083 5653 filium
1119 5600 1276 5667 facit,
1318 5603 1374 5653 et
1416 5598 1544 5655 ideo
1584 5617 1740 5655 nunc
1774 5603 1869 5655 Fa-

227 5692 438 5745 ciamus
459 5689 686 5743 dictum
717 5693 824 5757 est,
851 5691 913 5742 ut
963 5688 1072 5759 ipsi
1132 5687 1379 5755 homini,
1430 5693 1662 5759 propter
1701 5706 1875 5759 quem

229 5781 535 5853 Scriptura
567 5778 695 5848 ipsa
726 5778 876 5832 facta
893 5782 1003 5841 est,
1034 5777 1115 5832 ita
1144 5777 1203 5831 in
1236 5777 1426 5849 seipso
1456 5778 1879 5833 demonstrare-

1485 346 1717 405 [ΛΒΕῆ
1766 345 2349 407 IMPERFECTUS.

3496 347 3614 404 242

1965 483 2062 533 tur
2083 495 2150 533 ea
2181 496 2307 550 quas
2343 478 2519 535 Filius
2549 481 2777 536 dicente
2803 481 2971 536 Patre
3007 484 3161 546 facit,
3209 482 3387 537 etiam
3419 483 3616 553 ipsum

1966 568 2195 621 Patrem
2222 568 2407 623 facere
2428 586 2441 635 ;
2468 575 2533 623 ut
2559 570 2714 641 quod
2739 571 2796 625 in
2819 572 3039 625 caeteris
3063 571 3383 639 dicebatur,
3405 574 3548 641 Fiat,
3570 582 3619 627 et

1963 658 2176 726 factum
2195 664 2294 724 est,
2318 657 2411 712 hic
2435 664 2783 730 exponetur,
2811 676 2923 713 non
2948 659 3265 730 separatim
3289 659 3472 715 fuisse
3498 660 3618 717 dic-

1965 746 2182 800 tionem
2218 751 2273 800 et
2303 749 2621 818 separatim
2650 748 3033 813 effectionem,
3069 750 3171 803 sed
3203 754 3516 819 utrumque
3548 750 3621 805 si-

1969 835 2112 899 mul,
2136 852 2270 889 cum
2303 835 2397 890 hic
2444 837 2979 905 dicitur,Faciamus
3000 837 3027 891 ?

2036 943 2125 995 57.
2161 944 2225 996 Et
2253 943 2400 997 dixit
2432 944 2892 1009 Deus,Faciamus
2923 944 3199 1000 hominem
3219 947 3298 1001 ad
3318 948 3622 1014 imaginem

1966 1036 2018 1086 et
2035 1032 2474 1087 similitudinem
2502 1034 2982 1089 nostram.0mnis
3004 1036 3193 1106 imago
3227 1034 3442 1090 similis
3465 1042 3553 1091 est
3569 1038 3621 1093 ei

1967 1122 2137 1192 cujus
2169 1121 2363 1193 imago
2397 1128 2513 1189 est;
2552 1141 2655 1177 nec
2681 1130 2873 1178 tamen
2907 1141 3080 1177 omne
3113 1126 3266 1196 quod
3302 1125 3493 1180 simile
3535 1133 3625 1182 est

1969 1209 2165 1274 alicui,
2188 1210 2364 1265 etiam
2396 1213 2590 1283 imago
2622 1220 2711 1267 est
2742 1214 3069 1281 ejuszsicut
3097 1214 3153 1267 in
3186 1215 3425 1284 speculo
3453 1222 3509 1270 et
3532 1216 3624 1287 pi—

1970 1304 2154 1363 ctura,
2190 1297 2329 1368 quia
2360 1298 2647 1370 imagines
2675 1306 2833 1363 sunt,
2867 1300 3041 1354 etiam
3076 1301 3300 1355 similes
3335 1308 3502 1369 sunt;
3538 1310 3621 1357 ta-

1972 1403 2104 1440 men
2128 1388 2179 1441 si
2211 1386 2358 1441 alter
2388 1406 2457 1443 ex
2488 1388 2671 1443 altero
2705 1394 2880 1444 natus
2915 1407 3031 1443 non
3053 1396 3160 1455 est,
3190 1391 3385 1446 nullus
3417 1409 3621 1447 eorum

1974 1477 2165 1546 imago
2188 1477 2427 1531 alterius
2461 1478 2571 1531 dici
2590 1478 3007 1549 potest.lmago
3022 1480 3177 1532 enim
3202 1486 3341 1534 tunc
3373 1487 3620 1548 est,cum

1969 1564 2039 1618 de
2070 1564 2267 1636 aliquo
2297 1566 2662 1637 exprimitur.
2696 1566 2811 1621 Cur
2839 1583 2996 1637 ergo,
3023 1584 3155 1621 cum
3190 1568 3411 1623 dictum
3444 1576 3622 1635 esset,

1970 1653 2038 1707 ad
2070 1656 2400 1723 imaginem,
2429 1656 2695 1709 additum
2732 1661 2905 1721 est,et
2934 1657 3367 1711 similitudinem
3395 1684 3408 1722 ;
3449 1660 3619 1729 quasi

1971 1744 2157 1812 possit
2187 1746 2525 1815 esseimago
2549 1744 2896 1800 dissimilis?
2924 1744 3231 1799 Sufficeret
3246 1763 3380 1816 ergo
3394 1748 3462 1800 ad
3481 1749 3619 1801 ima-

1968 1834 2147 1902 ginem
2174 1833 2383 1887 dicere.
2409 1837 2489 1887 An
2526 1833 2682 1888 aliud
2699 1839 2789 1889 est
2818 1834 3034 1900 simile,
3068 1834 3226 1889 aliud
3261 1834 3619 1903 similitudo;

1970 1921 2123 1975 sicut
2154 1921 2309 1975 aliud
2346 1927 2433 1976 est
2466 1929 2682 1989 castus,
2719 1923 2876 1977 aliud
2912 1925 3188 1991 castitas;
3222 1924 3380 1978 aliud
3438 1925 3623 1990 tortis,

1971 2010 2125 2063 aliud
2144 2011 2448 2077 fortitudo;
2482 2017 2544 2065 ut
2566 2013 3067 2082 quemadmodum
3084 2029 3465 2085 quaecumque
3484 2019 3625 2068 sunt

1970 2099 2163 2170 fortia,
2196 2100 2537 2155 fortitudine
2572 2108 2711 2156 sunt
2743 2102 2914 2156 fortia
2945 2120 2958 2169 ;
2988 2106 3045 2157 et
3072 2119 3455 2174 quaecumque
3486 2108 3627 2158 sunt

1970 2194 2154 2255 casta,
2188 2190 2452 2243 castitate
2485 2195 2623 2244 sunt
2645 2195 2833 2246 casta:
2870 2190 2951 2245 ita
2971 2208 3351 2262 quaecumque
3383 2198 3522 2246 sunt
3553 2193 3625 2247 si-

1972 2278 2152 2347 milia,
2185 2279 2572 2333 similitudine
2600 2280 2718 2333 sint
2748 2279 2997 2334 similia?
3030 2280 3153 2333 Non
3199 2287 3393 2335 autem
3429 2282 3621 2353 imago

1970 2373 2169 2421 nostra
2200 2367 2341 2421 satis
2375 2368 2606 2439 proprie
2636 2368 2851 2423 dicitur
2882 2368 3205 2422 similitudo
3243 2376 3439 2423 nostra
3470 2388 3619 2435 esse,

1971 2474 2103 2512 cum
2134 2462 2327 2511 tamen
2364 2457 2592 2527 proprie
2623 2458 2852 2511 dicatur
2896 2457 3109 2512 similis
3159 2460 3326 2513 nobis
3364 2477 3521 2514 t'sse:
3559 2466 3619 2515 ut

1972 2545 2051 2600 ibi
2075 2546 2152 2599 sit
2183 2562 2247 2600 ea
2278 2544 2626 2612 similitudo,
2658 2563 2775 2618 qua
2798 2546 3015 2601 similia
3058 2553 3196 2601 sunt
3236 2565 3621 2620 quaecumque

1974 2635 2326 2699 similia,ubi
2350 2642 2437 2689 est
2467 2642 2522 2689 et
2549 2636 2943 2707 castitas,qua
2963 2640 3125 2691 casta
3158 2643 3297 2691 sunt
3328 2655 3622 2708 quascum-

1975 2742 2087 2796 que
2116 2730 2253 2779 sunt
2285 2730 2465 2781 casta.
2508 2726 2754 2779 Castitas
2794 2731 2990 2779 autem
3053 2725 3273 2779 nullius
3306 2728 3625 2798 participa-

1975 2816 2133 2868 tione
2165 2819 2325 2868 casta
2354 2822 2462 2883 est,
2496 2814 2596 2868 sed
2630 2815 2758 2883 ejus
2807 2814 3248 2885 participatione
3278 2820 3419 2869 sunt
3466 2821 3629 2871 casta

1976 2920 2362 2976 quiscumque
2395 2910 2555 2958 casta
2576 2907 2734 2958 sunt.
2761 2905 2895 2967 Quae
2920 2904 3121 2974 utique
3154 2904 3209 2957 in
3241 2909 3354 2959 Deo
3386 2910 3493 2972 est,
3528 2906 3625 2960 ubi

1976 2998 2064 3048 est
2094 2994 2263 3047 etiam
2300 2992 2399 3047 illa
2429 2992 2738 3064 sapientia,
2773 3009 2898 3063 quas
2932 3009 3044 3046 non
3101 2994 3503 3064 participando
3540 3011 3627 3049 sa-

1978 3084 2139 3152 piens
2154 3087 2259 3146 est,
2297 3083 2395 3136 sed
2412 3083 2582 3153 cujus
2599 3080 3048 3153 participatione
3062 3082 3297 3151 sapiens
3319 3087 3407 3137 est
3428 3083 3627 3139 anima

1976 3188 2360 3243 quaecumque
2394 3172 2629 3242 sapiens
2660 3175 2767 3225 est.
2803 3172 3165 3241 QuaprOpter
3214 3170 3389 3225 etiam
3424 3171 3626 3227 simili-

1974 3261 2115 3315 tudo
2146 3260 2267 3329 Dei,
2304 3277 2403 3331 per
2425 3276 2602 3331 quam
2638 3260 2784 3314 facta
2808 3264 2945 3314 sunt
2972 3260 3191 3327 omnia,
3227 3261 3458 3332 proprie
3481 3262 3626 3315 dici-

1976 3355 2073 3403 tur
2098 3348 2461 3415 similitudo;
2495 3348 2631 3416 quia
2664 3366 2776 3403 non
2804 3348 3245 3419 participatione
3278 3348 3527 3421 alicujus
3550 3350 3627 3406 si-

1980 3436 2267 3491 militudis
2301 3435 2514 3491 similis
2537 3442 2645 3504 est,
2679 3437 2777 3491 sed
2804 3437 2932 3507 ipsa
2955 3441 3044 3490 est
3066 3435 3257 3507 prima
3279 3436 3629 3503 similitudo,

1980 3527 2148 3597 cujus
2180 3524 2623 3597 participatione
2654 3524 2873 3580 similia
2904 3531 3062 3594 sunt,
3098 3542 3481 3597 quascumque
3531 3542 3632 3598 per

1979 3614 2140 3670 illam
2178 3615 2313 3669 fecit
2342 3614 2515 3669 Deus.

2050 3714 2138 3767 58.
2164 3713 2458 3783 Expositio
2480 3729 2616 3784 ergo
2653 3712 2898 3767 fortasse
2929 3716 3035 3779 est,
3071 3712 3224 3781 quod
3258 3713 3523 3767 additum
3542 3718 3632 3768 est

1981 3804 2057 3859 ad
2086 3803 2535 3867 similitudinem,
2558 3818 2687 3857 cum
2724 3802 2839 3871 iam
2873 3802 3092 3855 dictum
3125 3806 3299 3867 esset,
3328 3800 3399 3855 ad
3432 3804 3627 3870 imagi-

1980 3910 2138 3953 nem;
2162 3899 2225 3945 ut
2256 3891 2664 3946 ostenderetur
2692 3907 2817 3945 eam
2853 3907 2979 3961 quae
3003 3890 3196 3961 imago
3218 3890 3373 3945 dicta
3399 3896 3625 3957 est,non

1982 3985 2063 4039 ita
2076 3981 2327 4037 similem
2344 3997 2471 4034 esse
2486 3980 2795 4050 Deo,quasi
2812 3978 3059 4050 alicujus
3080 3978 3487 4034 similitudinis
3504 3998 3629 4051 par-

1981 4070 2449 4143 ticipantem,sed
2465 4068 2613 4123 hanc
2634 4067 2825 4139 ipsam
2840 4085 2968 4123 esse
2981 4068 3632 4138 similitudinem,cujus

1980 4162 2399 4233 participarent
2420 4156 2760 4228 omniaquaa
2782 4157 3058 4211 dicuntur
3079 4174 3207 4212 esse
3228 4158 3634 4213 similia.Sicut

1981 4251 2111 4323 ipsa
2132 4256 2221 4304 est
2251 4255 2307 4303 et
2336 4247 2595 4313 castitas,
2632 4247 2803 4316 cujus
2827 4247 3272 4317 participatione
3291 4252 3461 4302 castas
3494 4252 3633 4301 sunt

1983 4341 2190 4396 animae
2216 4356 2229 4395 :
2266 4342 2321 4393 et
2352 4334 2657 4407 sapientia,
2678 4336 2846 4405 cujus
2871 4334 3319 4405 participatione
3340 4337 3633 4407 sapientes

1982 4428 2342 4486 suntanimze
2362 4451 2375 4492 ;
2392 4430 2449 4481 et
2469 4424 3037 4496 pulchritudo,cujus
3054 4424 3496 4496 participatione
3513 4424 3637 4497 pul-

1984 4521 2124 4577 chra
2140 4522 2279 4574 sunt
2301 4530 2687 4588 quaecumque
2710 4513 2954 4585 pulchra
2981 4514 3206 4568 sunt.Si
3228 4515 3382 4569 enim
3402 4520 3632 4569 tantum

1984 4608 2435 4666 similitudinem
2467 4604 2705 4668 diceret,
2732 4620 2843 4656 non
2879 4604 3238 4675 signiﬁcaret
3260 4604 3332 4658 ab
3356 4605 3483 4674 ipso
3506 4620 3633 4660 esse

1984 4700 2242 4773 genitam
2270 4714 2282 4750 :
2319 4695 2367 4750 si
2393 4698 2585 4749 autem
2610 4694 3017 4747 tantummodo
3046 4692 3362 4762 imaginem
3395 4692 3633 4759 diceret,

1984 4788 2339 4859 significaret
2365 4785 2437 4839 ab
2460 4784 2586 4854 ipso
2609 4781 2847 4853 quidem
2878 4782 3270 4853 genitam,sed
3306 4798 3419 4835 non
3453 4780 3636 4851 signi-

1987 4881 2183 4932 ﬁcaret
2216 4876 2293 4929 ita
2326 4873 2601 4937 similem,
2626 4876 2685 4925 ut
2718 4888 2831 4925 non
2862 4875 3089 4925 tantum
3114 4868 3349 4935 similis,
3383 4870 3481 4923 sed
3508 4869 3635 4939 ipsa

1985 4966 2311 5021 similitudo
2343 4968 2513 5017 esset.
2554 4961 2622 5016 Ut
2648 4973 2841 5015 autem
2868 4959 3009 5013 nihil
3045 4959 3265 5012 castius
3297 4958 3425 5028 ipsa
3458 4958 3631 5012 casti-

1984 5061 2123 5117 tate,
2159 5061 2213 5108 et
2238 5052 2380 5107 nihil
2406 5050 2725 5121 sapientius
2760 5050 2887 5119 ipsa
2918 5048 3226 5118 sapientia,
3260 5057 3309 5101 et
3346 5046 3489 5100 nihil
3516 5047 3635 5117 pul-

1985 5146 2185 5200 chrius
2208 5144 2336 5214 ipsa
2359 5140 2823 5212 pulchritudine;
2853 5140 2929 5191 ita
2962 5136 3103 5191 nihil
3131 5135 3532 5207 similiusipsa
3555 5136 3633 5191 si-

1988 5233 2320 5289 militudine
2352 5228 2977 5299 dici,autcogitari,aut
3007 5243 3133 5281 esse
3156 5227 3394 5280 omnino
3422 5231 3628 5298 potest.

1985 5323 2145 5379 Unde
2179 5320 2522 5392 intelligitur
2554 5319 2633 5372 ita
2664 5318 2815 5371 Patri
2849 5334 2977 5370 esse
3008 5314 3263 5369 similem
3294 5314 3632 5370 similitudi-

1986 5430 2117 5468 nem
2153 5429 2342 5479 suam,
2368 5415 2431 5464 ut
2461 5410 2587 5479 ejus
2619 5413 2886 5461 naturam
2937 5404 3277 5477 plenissime
3325 5405 3631 5477 perfectis-

1986 5503 2249 5571 simcque
2273 5499 2533 5570 impleat.

2054 5601 2142 5653 59.
2169 5600 2460 5663 Quantum
2496 5599 2686 5650 autem
2724 5595 2791 5648 ad
2827 5594 3077 5665 speciem
3116 5594 3288 5649 rebus
3326 5594 3632 5666 imponen-

1986 5690 2122 5744 dam
2140 5686 2326 5742 valeat
2357 5686 2451 5740 Dei
2487 5684 2833 5753 similitudo,
2860 5699 3153 5754 perquam
3179 5684 3326 5739 facta
3355 5688 3494 5739 sunt
3516 5700 3634 5739 om-

1988 5778 2107 5847 nia,
2139 5791 2480 5849 quanquam
2511 5773 2802 5829 humanas
2816 5773 3197 5843 cogitationes
3234 5771 3517 5829 altissime
3538 5789 3633 5828 su-
