2015 3179
204 164 265 194 243

204 233 298 267 perct.
314 230 381 260 licet
395 232 493 259 tamen
504 233 663 268 utcumque
678 231 829 265 arbitrari;
853 230 879 258 si
901 228 1032 258 conside-

203 283 303 303 remus
318 283 435 303 omnem
452 276 662 309 naturam,sive
677 284 741 312 quas
756 273 1029 306 sentientibus.sive

203 329 269 356 quae
280 320 522 348 ratiocinantibus
538 321 825 354 occurrit,similibus
835 320 911 348 inter
922 327 953 347 se
963 326 1030 354 par-

203 364 282 392 tibus
297 372 412 392 servare
424 365 564 393 unitatisl
585 365 723 400 efﬁgiem.
739 365 813 393 Nam
828 373 863 394 ex
885 362 1031 400 sapientia

203 408 254 436 Dei
269 409 416 444 sapientes
425 411 565 436 vocantur
575 409 679 437 anima:
690 408 891 443 rationales.et
905 407 1029 436 ulterius

205 452 259 480 hoc
276 461 382 481 nomen
398 461 456 480 non
466 453 624 489 porrigitur
636 462 642 481 :
660 462 728 482 nam
739 462 834 490 neque
845 453 906 481 ulla
916 460 1029 490 pecora,

205 498 234 524 et
249 497 341 525 multo
354 496 452 524 minus
467 497 596 533 arbores,
614 500 665 525 aut
676 498 785 534 ignem,
801 496 844 526 vel
861 505 968 533 aerem,
985 495 1029 524 vel

205 549 323 577 aquam,
336 539 381 568 vel
403 544 511 569 terram
541 542 705 578 sapientem
735 550 894 578 possumus
923 540 1028 577 dicere,

205 594 374 622 quanquam
391 595 441 622 per
456 586 549 621 ipsam
577 587 625 614 Dei
655 587 828 622 sapientiam
854 587 912 614 sint
940 586 1027 613 etiam

203 630 302 658 omnia
316 630 376 657 haec
391 630 420 657 in
439 634 582 666 quantum
600 635 678 659 sunt.
691 634 727 659 At
742 641 808 659 vero
825 631 936 659 similes
953 631 1029 658 inter

203 683 233 702 se
248 677 276 702 et
291 675 403 711 lapides
418 675 554 709 dicimus,
568 680 595 703 et
611 677 760 711 animalia,
784 680 811 704 et
827 676 973 709 homines,
999 679 1026 704 et

201 719 337 755 Angelos.
349 719 414 747 Jam
427 728 492 747 vero
508 720 537 747 in
550 719 675 756 singulis
691 723 789 754 rebus,
806 725 834 749 et
848 724 967 755 terram,
995 730 1027 748 eo

202 765 280 800 quod
292 763 404 792 similes
426 765 502 792 inter
522 774 552 793 se
572 765 677 793 habeat
692 769 790 802 partes
814 775 891 798 suas,
910 766 970 793 fieri
997 768 1028 792 ut

200 811 278 837 terra
288 809 341 842 sit;
358 811 386 836 et
401 818 507 845 aquam
521 810 651 845 qualibet
663 819 779 846 quoque
795 814 876 846 parte
901 810 1025 838 similem

200 861 265 881 esse
278 854 390 881 caeteris
405 854 547 889 partibus,
566 863 617 882 nec
645 855 730 882 aliter
755 864 861 891 aquam
882 864 947 883 esse
978 863 1025 890 po-

201 897 306 931 tuisse;
318 900 347 926 et
361 898 589 934 quamtumlibet
604 899 691 932 aeris,
709 900 733 927 si
757 903 859 927 eastero
876 902 951 927 esset
968 900 1026 926 dis-

200 941 306 975 simile,
322 941 402 969 nullo
420 946 503 977 pacto
517 951 612 970 aerem
636 952 700 970 esse
731 943 878 979 potuisse;
905 947 932 971 et
952 943 1027 978 ignis

200 986 311 1014 lucisve
323 986 509 1022 particulam,
524 996 556 1014 eo
571 988 647 1023 quod
666 997 722 1015 non
735 988 773 1015 sit
789 988 943 1015 dissimilis
967 987 1029 1015 reli-

202 1031 269 1066 quis
284 1030 427 1066 partibus,
447 1031 508 1058 ﬁeri
526 1034 556 1058 ut
573 1032 611 1059 sit
627 1033 703 1068 quod
726 1036 771 1059 est
786 1033 814 1059 2:
832 1033 872 1060 ita
898 1033 933 1060 de
957 1041 1028 1060 uno-

202 1083 318 1112 quoque
335 1075 466 1111 lapidum
478 1074 520 1103 vel
534 1076 672 1103 arborum
683 1076 727 1105 vel
740 1085 858 1112 corpore
872 1077 1030 1112 cuiuslibet

202 1119 362 1148 animantis
374 1120 501 1147 discerni
519 1122 548 1147 et
563 1121 685 1156 intelligi
702 1123 807 1156 potest,
820 1122 897 1157 quod
914 1130 970 1149 non
987 1130 1029 1149 so-

200 1162 264 1190 lum
275 1172 342 1190 cum
358 1163 423 1191 aliis
439 1163 484 1190 sui
500 1164 615 1199 generis
632 1165 784 1199 rebus,scd
801 1165 829 1192 in
848 1165 953 1201 seipsis
968 1166 1027 1193 sin-

201 1207 279 1244 gulis
293 1216 350 1235 non
371 1210 479 1242 essent,
497 1208 552 1235 nisi
564 1211 661 1244 partes
676 1209 752 1236 inter
767 1218 797 1237 se
813 1209 924 1237 similes
940 1210 1028 1238 habe-

200 1254 275 1280 rent.
291 1253 325 1279 Et
340 1254 420 1279 tanto
437 1254 480 1279 est
490 1252 643 1288 pulchrius
657 1262 772 1288 corpus,
804 1257 913 1289 quanto
942 1255 1026 1282 simi-

200 1295 324 1324 lioribus
336 1296 411 1324 inter
428 1305 458 1324 se
474 1297 608 1333 partibus
625 1298 686 1324 suis
702 1300 824 1325 constat.
846 1299 911 1326 Jam
943 1308 1027 1334 porro

202 1339 380 1375 animarum,
397 1350 454 1368 non
469 1341 563 1368 solum
581 1341 704 1369 aliarum
721 1351 787 1369 cum
808 1342 874 1370 aliis
898 1343 1028 1372 amicitia

203 1382 351 1412 similibus
361 1384 372 1400 ⁸
387 1385 518 1412 moribus
530 1385 634 1417 confit;
649 1386 697 1412 sed
708 1386 794 1413 etiam
804 1386 831 1413 in
849 1395 1026 1422 unaquaque

203 1427 299 1456 anima
314 1427 425 1455 similes
441 1429 570 1456 actiones
584 1432 671 1465 atque
687 1430 817 1465 virtutes,
832 1430 895 1458 sine
920 1431 1028 1466 quibus

204 1472 368 1500 constantia
382 1481 444 1500 esse
460 1482 516 1500 non
533 1476 637 1509 potest,
649 1474 764 1501 beatam
777 1474 867 1502 vitam
886 1475 1027 1504 indicant.

204 1516 318 1545 Similia
330 1525 396 1545 vero
412 1517 509 1545 omnia
521 1518 590 1552 haac,
609 1527 665 1546 non
683 1522 781 1546 autem
802 1520 895 1555 ipsam
924 1520 1027 1547 simili-

203 1560 336 1589 tudinem
351 1570 510 1598 possumus
526 1563 835 1600 dicere.0uapropter,
848 1564 872 1591 si
892 1564 1028 1592 rebusin-

204 1608 248 1634 ter
260 1613 291 1633 se
302 1605 449 1634 similibus
464 1607 640 1635 universitas
656 1610 779 1641 constat,
793 1608 953 1644 utsingulte
970 1610 1028 1637 sint

203 1650 348 1686 quidquid
364 1654 441 1684 sunt,
454 1654 482 1679 et
497 1660 598 1679 omnes
611 1653 704 1688 ipsum
721 1653 938 1681 universitatem
951 1662 1027 1682 com-

202 1694 311 1731 pleant,
329 1703 418 1731 quam
432 1696 506 1723 Deus
522 1699 550 1723 et
562 1697 693 1724 condidit
716 1699 743 1724 et
758 1698 975 1734 gubernat;per
990 1699 1026 1726 si-

201 1738 399 1767 militudinem
415 1740 479 1775 ejus
494 1741 631 1776 profecto,
642 1741 691 1776 qui
708 1741 839 1769 condidit
854 1742 960 1776 omnia,
975 1752 1026 1771 su-

201 1783 432 1819 pereminentem
449 1787 536 1820 atque
552 1785 824 1813 incommutabilem
841 1789 867 1814 et
893 1787 1024 1815 inconta-

199 1827 392 1855 minabilem‘
410 1828 479 1855 talia
498 1830 571 1856 facta
588 1832 666 1862 sunt,
685 1833 716 1857 ut
731 1830 878 1858 similibus
894 1832 970 1859 inter
995 1840 1026 1859 se

199 1871 333 1908 partibus
345 1871 467 1908 pulchra
483 1874 552 1906 sint,
569 1874 603 1901 ad
621 1874 713 1910 ipsam
737 1876 834 1902 tamen
856 1876 1025 1904 similitudi-

186 1924 268 1944 nem
284 1917 385 1944 omnia
399 1925 457 1944 non
475 1918 551 1945 facta
566 1918 634 1951 sint,
652 1919 702 1945 sed
719 1919 781 1946 sola
797 1919 962 1947 substantia
980 1929 1024 1947 ra-

197 1960 332 1989 tionalis:
351 1969 439 1996 quare
454 1962 553 1989 omnia
571 1971 622 1998 per
633 1963 738 1998 ipsam,
751 1963 800 1991 sed
812 1965 846 1991 ad
864 1964 957 2000 ipsam
967 1974 1024 1993 non

199 2006 256 2034 nisi
274 2005 373 2034 anima
385 2006 405 2032 ⁵.
664 2037 669 2041 ’

233 2050 279 2077 60.
291 2049 453 2078 Rationalis
462 2051 560 2086 itaque
573 2051 738 2080 substantia
747 2055 775 2080 et
782 2062 833 2089 per
845 2053 939 2089 ipsam
951 2054 1026 2081 facta

197 2095 253 2130 est,
269 2096 299 2122 et
315 2094 350 2121 ad
367 2094 462 2130 ipsam
474 2104 479 2121 :
491 2104 547 2122 non
564 2096 641 2123 enim
657 2098 701 2124 est
711 2097 771 2124 ulla
783 2101 886 2124 natura
898 2097 1025 2134 interpo-

198 2139 513 2174 sita.Quandoquidem
526 2148 608 2167 mens
621 2141 847 2177 humana(quod
858 2151 915 2169 non
927 2142 1026 2178 sentit,

198 2183 256 2211 nisi
272 2191 339 2211 cum
356 2184 516 2219 purissima
527 2186 734 2213 etheatissima
744 2187 799 2221 est)
811 2186 884 2213 nulli
901 2186 1027 2214 cohazret

197 2227 255 2256 nisi
271 2228 328 2264 ipsi
338 2229 464 2261 veritati,
481 2238 545 2264 qum
559 2230 721 2257 similitudo
733 2236 761 2257 et
776 2231 872 2266 imago
887 2230 983 2258 Patris
998 2233 1027 2259 et

198 2271 344 2308 sapientia
367 2272 483 2300 dicitur.
502 2276 586 2301 Recte
602 2275 692 2310 igitur
706 2275 867 2302 secundum
885 2275 938 2303 hoc
949 2276 1024 2311 quod

197 2316 321 2344 interius
336 2319 364 2344 et
380 2317 544 2353 principale
558 2318 686 2346 hominis
702 2322 755 2353 est,
770 2319 796 2346 id
810 2321 853 2346 est
864 2320 1024 2346 secundum

199 2362 339 2395 mentem,
357 2362 509 2397 accipitur,
527 2365 673 2391 Faciamus
684 2364 820 2391 hominem
828 2363 863 2390 ad
879 2364 1026 2400 imaginem

195 2410 223 2434 et
235 2405 445 2434 similitudinem
464 2412 599 2435 nostram.
621 2408 661 2435 Ex
674 2407 723 2435 illo
740 2408 817 2435 enim
834 2409 912 2444 quod
927 2408 956 2436 in
972 2409 1025 2436 ho—

199 2449 279 2477 mine
293 2450 490 2487 principatum
508 2454 595 2484 tenet,
607 2453 683 2488 quod
701 2460 767 2480 cum
780 2452 949 2488 disjungita
965 2453 1026 2480 bel-

197 2494 349 2529 luis,totus
360 2498 405 2523 est
416 2495 503 2523 homo
519 2496 831 2524 aestimandus.Castera
847 2497 876 2524 in
889 2505 921 2524 eo
933 2506 1025 2533 quan-

197 2547 286 2575 quam
302 2539 332 2566 in
349 2547 402 2567 suo
422 2548 528 2576 genere
544 2540 667 2576 pulchra
682 2541 751 2575 sint,
767 2544 865 2568 tamen
891 2550 956 2569 cum
975 2550 1025 2578 pe-

198 2583 315 2611 coribus
331 2585 501 2612 communia
516 2588 595 2619 sunt,
614 2594 647 2612 ac
657 2594 708 2621 per
718 2585 772 2612 hoc
787 2585 817 2612 in
833 2585 951 2613 homine
963 2595 1026 2622 par-

198 2628 390 2664 vipendenda.
405 2628 465 2656 Nisi
478 2629 550 2656 forte
566 2629 640 2664 quod
658 2629 693 2656 ad
718 2629 893 2657 intuendum
919 2630 1024 2658 cmlum

200 2672 427 2708 ﬁgurahumani
444 2673 573 2709 corporis
603 2675 697 2701 erecta
728 2676 781 2709 est,
810 2673 886 2701 valet
913 2674 1023 2710 aliquid

232 2726 240 2743 ι
253 2725 301 2750 Ms.
313 2726 406 2754 Vatic.,
419 2725 603 2750 universitatis.

231 2758 242 2774 ι
258 2757 336 2784 Editi.
348 2757 416 2787 quod
424 2765 476 2781 non
490 2760 535 2781 est.
552 2757 634 2782 Abest
647 2765 699 2783 non
708 2765 724 2782 a
738 2759 786 2783 Ms.
802 2758 885 2783 Vatic.

230 2788 242 2824 ξ
255 2787 303 2824 litis.
313 2788 411 2824 _Yati_c_.,
418 2795 478 2824 qua
485 2788 625 2824 similibus.

231 2819 242 2836 ⁸
257 2819 297 2843 Sic
313 2819 361 2844 Ms.
377 2819 461 2844 Vatic.
477 2820 510 2844 At
523 2821 613 2851 excusi
625 2820 735 2845 habent:
749 2821 803 2851 ()ua
810 2820 928 2845 condidit
936 2820 1024 2845 omnia

199 2851 426 2906 sbulagreminenter,
438 2852 514 2881 atque
528 2850 783 2881 incommztial‘ililer,
798 2853 823 2876 et
834 2852 1023 2876 incontamina-

218 2889 226 2905 ι
238 2889 247 2906 ι
260 2888 296 2906 er.

218 2881 296 2906 iliter.

234 2914 243 2929 ⁵
258 2913 305 2936 Ms.
320 2912 415 2942 Velim,
429 2912 474 2936 sed
488 2912 524 2936 ad
537 2913 618 2944 ipsam
632 2920 684 2937 non
699 2913 794 2938 omnia.

567 164 619 194 DE
641 164 795 201 GENESI,
819 165 852 195 S.
876 160 1102 194 AUGUSTINI.
1126 159 1243 190 LIBER
1264 160 1552 192 IMPERFECTUS.

1854 165 1917 195 Ωιι

1087 227 1177 256 etiam
1193 228 1226 255 ut
1239 236 1345 264 corpus
1360 227 1460 264 ipsum
1475 228 1512 257 ad
1538 229 1763 258 similitudinem
1777 230 1829 259 Dei
1853 231 1914 259 fac—

1087 274 1151 300 tum
1166 272 1317 307 credatur;
1331 275 1364 300 ut
1388 274 1640 309 quemadmodum
1655 282 1673 302 a
1695 274 1781 303 Patre
1801 274 1854 302 illa
1878 275 1916 303 si-

1085 315 1219 344 militudo
1243 325 1300 345 non
1328 317 1479 352 avertitur,
1504 317 1545 346 ita
1569 326 1676 354 corpus
1706 319 1870 347 humanum
1895 328 1912 348 ι

1085 359 1156 388 ccelo
1176 369 1234 389 non
1249 361 1288 389 sit
1302 369 1449 396 aversum,
1465 362 1542 390 sicut
1556 362 1682 392 aliorum
1697 371 1819 400 corpora
1845 363 1909 391 ani-

1084 404 1208 434 malium
1223 414 1325 435 aversa
1335 409 1415 442 sunt,
1430 407 1498 442 quia
1514 415 1606 444 prona
1620 407 1651 436 iu
1666 407 1764 437 alvum
1780 410 1911 444 proster-

1085 452 1206 478 nuntur.
1222 450 1278 480 Sed
1294 453 1391 480 tamen
1406 452 1462 480 hoc
1476 460 1534 481 non
1551 452 1631 480 omni
1651 453 1738 481 modo
1763 453 1911 489 accipien-

1085 494 1157 522 dum
1173 497 1232 525 est:
1248 504 1316 524 nam
1332 504 1438 532 corpus
1454 499 1590 525 nostrum
1611 505 1629 524 τι
1650 497 1722 526 calo
1743 497 1910 533 plurimum

1084 539 1195 574 diﬁ‘ert;
1207 540 1237 568 in
1248 540 1300 569 illa
1309 549 1376 569 vero
1387 541 1593 575 similitudine,
1606 550 1670 577 quin
1682 541 1774 570 Filius
1789 545 1909 576 δείδιθι]

1085 587 1180 621 potest
1192 586 1353 621 quidquam
1369 595 1433 614 esse
1454 586 1596 614 dissimile
1619 586 1661 614 illi
1673 587 1720 614 cui
1734 587 1840 615 similis
1854 590 1909 615 est.

1084 631 1227 663 Quoniam
1251 631 1360 658 similia
1388 639 1579 666 quascumque
1608 631 1666 658 alia
1682 634 1760 666 sunt,
1784 632 1861 659 inter
1879 639 1911 659 se

1083 675 1170 702 etiam
1188 675 1344 702 dissimilia
1359 684 1393 703 ex
1409 675 1507 711 aliqua
1517 679 1597 711 parte
1613 678 1697 703 sunt:
1711 675 1775 711 ipsa
1793 684 1861 703 vero
1870 676 1910 704 si-

1084 719 1220 747 militudo
1238 728 1292 747 non
1310 723 1353 747 est
1369 720 1468 755 aliqua
1483 729 1517 747 ex
1533 723 1614 755 parte
1636 719 1800 747 dissimilis.
1824 720 1910 748 Pater

1085 766 1182 791 tamen
1199 766 1283 791 Pater
1298 767 1351 796 est.
1370 773 1422 791 nec
1439 764 1529 792 Filius
1541 764 1620 791 aliud
1633 767 1677 792 est
1694 772 1782 799 quam
1798 763 1909 792 Filius:

1085 807 1152 843 quia
1164 811 1191 834 et
1203 816 1268 835 cum
1281 808 1556 836 dicitursimilitudo
1568 809 1672 843 Patris,
1684 817 1911 844 quanquamos-

1084 852 1300 879 tendatnullam
1317 853 1491 880 intervenire
1501 853 1788 886 dissimilitudinem,
1803 856 1910 881 nonta~

1084 904 1149 924 men
1167 896 1246 924 solus
1258 899 1301 924 est
1316 897 1409 930 Pater,
1427 897 1804 925 sihabet'similitudinem
1823 898 1871 933 (α).

1119 941 1162 967 tit.
1176 941 1206 967 Et
1220 941 1291 968 dixit
1308 943 1386 974 Deus,
1402 942 1546 968 Faciamus
1565 941 1911 977 homine‘madimaginem

1084 986 1329 1014 elsimilitudincm
1340 988 1470 1013 nostram.
1484 987 1561 1014 Satis
1571 986 1687 1021 quidem
1697 994 1760 1022 qua!
1772 986 1910 1022 superius

1084 1030 1161 1057 dicta
1176 1033 1255 1063 sunt,
1272 1030 1433 1058 secundum
1450 1030 1478 1057 id
1494 1033 1642 1065 exponunt
1656 1030 1714 1057 haec
1730 1030 1818 1058 verba
1828 1031 1909 1058 Scri-

1084 1075 1218 1110 pturaa,in
1226 1075 1331 1110 quibus
1339 1074 1463 1111 legimus
1474 1075 1583 1102 dixisse
1591 1077 1692 1107 Deum,
1702 1076 1848 1103 Faciamus
1859 1076 1910 1103 ho-

1083 1119 1185 1146 minem
1200 1119 1234 1146 ad
1251 1120 1399 1153 imaginem
1415 1124 1439 1147 et
1454 1120 1809 1154 similitudinemnostram,
1821 1122 1855 1148 ut
1869 1120 1911 1148 si-

1085 1163 1217 1191 militudo
1234 1164 1281 1191 Dei
1298 1165 1333 1191 ad
1350 1173 1438 1199 quam
1455 1164 1549 1191 factus
1559 1167 1604 1193 est
1624 1164 1721 1198 homo,
1737 1164 1836 1200 ipsum
1858 1165 1910 1193 Dei

1083 1208 1329 1241 Verbum,hocest
1346 1208 1515 1244 unigenitus
1527 1209 1617 1236 Filius
1629 1209 1720 1244 accipi
1729 1209 1836 1245 possit:
1851 1217 1912 1238 non

1084 1252 1184 1286 utique
1199 1256 1231 1280 ut
1247 1252 1310 1288 ipse
1318 1253 1357 1280 sit
1373 1253 1473 1280 eadem
1486 1253 1582 1288 imago
1594 1255 1622 1280 et
1637 1253 1800 1280 similitudo
1813 1262 1912 1289 isqua-

1083 1291 1119 1318 lis
1135 1293 1222 1320 Patri.
1241 1293 1291 1320 Est
1306 1296 1404 1320 tamen
1417 1296 1444 1320 et
1456 1293 1542 1321 homo
1559 1293 1722 1329 imagoDei,
1732 1293 1810 1321 sicut
1824 1302 1912 1329 aper-

1084 1336 1197 1364 tissime
1214 1338 1341 1365 ostendit
1356 1338 1512 1373 Apostolus
1525 1338 1640 1366 dicens:
1659 1339 1713 1365 Vir
1731 1338 1841 1373 quidem
1854 1346 1912 1367 non

1082 1379 1158 1407 debet
1176 1382 1263 1408 velare
1273 1386 1363 1416 caput,
1379 1390 1440 1409 cum
1454 1384 1489 1409 sit
1506 1383 1593 1417 imago
1607 1387 1631 1410 el
1640 1383 1729 1417 gloria
1744 1383 1793 1410 Dei
1804 1383 1827 1418 (Ι
1846 1382 1911 1412 Cor.

1086 1434 1125 1459 Νι,
1141 1427 1178 1458 7‘).
1192 1426 1247 1453 Sed
1265 1426 1323 1453 haec
1341 1426 1436 1461 imago
1453 1427 1488 1454 ad
1504 1426 1662 1462 imaginem
1678 1427 1728 1455 Dei
1744 1427 1828 1462 facta,
1851 1436 1911 1456 non

1083 1472 1126 1496 est
1138 1470 1260 1504 aequalis
1276 1472 1304 1497 et
1319 1473 1460 1497 cozeterna
1476 1470 1516 1497 illi
1534 1471 1617 1506 cujus
1643 1471 1739 1507 imago
1767 1473 1830 1505 est,
1858 1480 1913 1500 nec

1083 1516 1169 1547 esset,
1186 1514 1302 1541 etiamsi
1318 1523 1468 1550 nunquam
1483 1516 1601 1542 omnino
1619 1518 1777 1551 peccasset.
1789 1515 1841 1543 ille
1855 1524 1912 1544 au-

1082 1561 1141 1585 tem
1155 1567 1260 1585 sensus
1271 1562 1314 1586 est
1330 1559 1437 1595 potius.
1455 1562 1485 1586 In
1502 1559 1548 1586 his
1566 1559 1673 1587 divinis
1687 1559 1783 1588 verbis
1800 1559 1910 1596 eligen-

1083 1603 1148 1637 dus,
1168 1606 1199 1630 ut
1214 1603 1278 1631 ideo
1292 1613 1347 1631 non
1365 1604 1475 1632 dictum
1490 1604 1693 1640 intelligamus
1709 1605 1911 1641 singulariter,

1082 1648 1131 1675 sed
1149 1647 1313 1683 pluraliter,
1328 1649 1476 1676 Faciamus
1498 1647 1636 1676 hominem
1661 1649 1695 1676 ad
1710 1649 1862 1684 imaginem
1885 1652 1912 1678 et

1081 1691 1293 1719 simililmlinem
1307 1695 1444 1726 nostram;
1462 1693 1530 1729 quia
1550 1702 1607 1721 non
1630 1693 1666 1720 ad
1687 1693 1779 1722 solius
1804 1694 1910 1729 Patris,

1081 1739 1133 1763 aut
1150 1735 1242 1763 solius
1259 1736 1332 1771 Filii,
1354 1740 1404 1764 aut
1419 1737 1510 1764 solius
1525 1738 1652 1773 Spiritus
1667 1739 1771 1773 sancti,
1790 1739 1841 1767 sed
1871 1739 1910 1767 ad

1082 1781 1176 1818 ipsius
1192 1781 1345 1814 Trinitatis
1361 1782 1519 1818 imaginem
1532 1783 1627 1810 factus
1647 1786 1691 1811 est
1710 1783 1807 1811 homo.
1839 1785 1909 1816 Quia

1080 1825 1204 1853 Trinitas
1220 1826 1260 1853 ita
1271 1828 1315 1853 est
1330 1826 1468 1860 Trinitas,
1487 1829 1603 1854 utunus
1630 1830 1702 1855 Deus
1719 1827 1778 1859 sit;
1795 1828 1836 1856 ita
1862 1830 1910 1857 est

1081 1878 1158 1897 unus
1173 1872 1259 1903 Deus,
1272 1873 1303 1897 ut
1318 1869 1445 1898 Trinitas
1458 1871 1505 1898 sit.
1524 1871 1586 1899 Non
1601 1871 1679 1898 enim
1709 1871 1750 1898 ait
1766 1871 1838 1899 Filio
1862 1872 1907 1901 lo-

1081 1923 1183 1949 quens,
1201 1914 1355 1941 Faciamus
1379 1914 1526 1942 hominem
1556 1916 1591 1943 ad
1622 1916 1780 1951 imaginem
1808 1919 1910 1951 tuam;

1081 1959 1180 1991 aut,ad
1196 1958 1355 1994 imaginem
1375 1967 1486 1986 meum:
1503 1960 1553 1987 sed
1569 1959 1721 1995 pluraliter
1734 1959 1823 1995 ait,ad
1836 1961 1910 1988 ima-

1081 2012 1173 2038 gmem
1186 2005 1212 2030 ei
1225 2003 1442 2031 similitudinem
1456 2006 1579 2031 nostram
1594 2014 1603 2031 :
1619 2013 1636 2032 a
1652 2013 1710 2040 qua
1737 2003 1910 2040 pluralitate

1081 2047 1222 2083 Spiritum
1240 2050 1373 2074 sanctum
1389 2056 1524 2084 separare
1540 2049 1606 2084 quis
1622 2049 1750 2076 audeat?
1765 2048 1831 2080 Quae
1848 2049 1912 2085 plu-

1082 2092 1192 2127 ralitas,
1211 2092 1348 2128 quoniam
1367 2101 1423 2120 non
1442 2095 1499 2121 tres
1514 2093 1564 2127 dii,
1582 2094 1631 2121 sed
1649 2102 1726 2121 unus
1751 2096 1796 2121 est
1819 2093 1911 2131 Deus,

1081 2136 1145 2163 ideo
1161 2135 1384 2172 intelligendum
1402 2139 1447 2164 est
1462 2140 1562 2173 postea
1577 2137 1759 2173 Scripturam
1775 2136 1911 2174 singula-

1081 2181 1150 2208 riter
1166 2179 1311 2214 intulisse,
1329 2184 1413 2217 alque
1429 2181 1546 2217 dixisse,
1564 2183 1595 2209 Et
1610 2183 1675 2217 fecit
1684 2182 1753 2209 Deus
1769 2182 1910 2211 hominem

1082 2226 1116 2253 ad
1132 2226 1281 2261 imaginem
1293 2227 1361 2257 Dei;
1378 2230 1409 2254 ut
1424 2235 1480 2253 non
1502 2226 1544 2254 sic
1567 2226 1736 2263 accipiatur,
1766 2229 1912 2262 tanquam

1082 2271 1156 2298 Deus
1174 2271 1255 2298 Pater
1271 2271 1305 2298 ad
1331 2271 1489 2307 imaginem
1521 2271 1580 2306 Dei,
1598 2271 1651 2298 hoc
1680 2274 1724 2298 est
1754 2270 1815 2298 Filii
1841 2271 1912 2299 sui:

1081 2315 1206 2350 alioquin
1225 2316 1369 2350 quomodo
1387 2324 1486 2342 verum
1504 2318 1557 2348 est,
1575 2316 1652 2351 quod
1669 2315 1779 2343 dictum
1796 2317 1851 2351 est,
1871 2316 1911 2344 ad

1080 2360 1228 2394 imaginem
1239 2364 1370 2395 nostram,
1387 2360 1409 2387 si
1428 2360 1462 2386 ad
1480 2359 1542 2387 Filii
1559 2359 1650 2387 solius
1665 2359 1824 2395 imaginem
1848 2360 1911 2388 fac-

1080 2406 1129 2433 tus
1144 2408 1188 2432 est
1203 2405 1314 2432 homo?
1331 2408 1369 2432 Ac
1387 2413 1436 2441 per
1452 2407 1505 2432 hoc
1521 2406 1589 2441 quia
1601 2414 1697 2432 vernm
1710 2407 1754 2433 est
1770 2404 1846 2441 quod
1862 2406 1907 2434 ait

1082 2451 1166 2484 Deus,
1181 2450 1215 2477 ad
1239 2451 1387 2486 imaginem
1404 2453 1544 2483 nostram,-
1560 2450 1601 2477 ita
1625 2450 1735 2478 dictum
1761 2451 1815 2485 est,
1835 2450 1912 2480 Fecit

1079 2496 1154 2521 Deus
1166 2494 1302 2521 hominem
1315 2494 1351 2521 ιιιί
1364 2495 1512 2529 imaginem
1527 2495 1587 2528 Det,
1600 2497 1741 2530 tanquam
1757 2493 1908 2523 diceretur

1081 2539 1115 2566 ad
1132 2538 1289 2574 imaginem
1304 2547 1399 2572 suam,
1417 2539 1494 2575 quod
1506 2541 1550 2566 est
1562 2539 1625 2574 ipsa
1643 2538 1782 2566 Trinitas.

1114 2584 1158 2610 6‘2.
1177 2583 1314 2610 Nonnulli
1331 2586 1428 2611 autem
1445 2585 1547 2620 putant
1562 2584 1624 2611 ideo
1637 2592 1693 2610 non
1706 2583 1858 2619 repetitam
1867 2583 1910 2611 si-

1079 2627 1384 2663 militudinem,neque
1400 2629 1522 2663 dictum,
1536 2630 1568 2655 Et
1583 2628 1651 2655 fecit
1663 2630 1738 2655 Deus
1753 2627 1907 2656 hominem

1079 2673 1114 2701 ad
1125 2673 1282 2708 imaginem
1293 2673 1550 2701 ctsimilitudinem
1560 2673 1908 2709 Dei,quiatunctantum-

1078 2718 1164 2745 modo
1176 2717 1209 2744 ad
1223 2717 1382 2753 imaginem
1396 2719 1489 2745 factus
1505 2719 1563 2751 est;
1576 2717 1738 2745 similitudo
1754 2719 1851 2744 autem
1860 2717 1906 2745 illi

1080 2822 1120 2876 ut
1133 2821 1271 2876 ἔῖτι
1283 2821 1405 2847 habet.“
1413 2822 1461 2847 Ms.
1471 2821 1545 2846 Vatic
1553 2821 1685 2853 aliiqusin
1693 2823 1704 2846 1
1713 2822 1906 2854 Retract.,cap-

1110 2871 1411 2915 hij-limiquumuuljeuit
1425 2883 1589 2915 Augustinus
1617 2883 1707 2908 multis
1731 2885 1791 2914 post
1815 2883 1906 2912 anuis,

1106 2921 1152 2939 um
1167 2916 1394 2940 Retractationum
1407 2915 1489 2940 libros
1496 2915 1595 2945 ederet,
1602 2915 1653 2940 exl
1669 2915 1784 2940 Retract.
1796 2921 1856 2947 cap.
1875 2917 1908 2940 18
