  <div class='ocr_page' id='page_1' title='image "/cluster/home/n/w/nwhite01/storage/ocr_20150623/34/umn.31951002477328u/129.png"; bbox 0 0 4030 6348; ppageno 0'>
   <div class='ocr_carea' id='block_1_1' title="bbox 428 275 543 329">
    <p class='ocr_par' dir='ltr' id='par_1_1' title="bbox 428 275 543 329">
     <span class='ocr_line' id='line_1_1' title="bbox 428 275 543 329; baseline -0.017 0"><span class='ocrx_word' id='word_1_1' title='bbox 428 275 543 329; x_wconf 74' lang='grc'>247</span> 
     </span>
    </p>
   </div>
   <div class='ocr_carea' id='block_1_2' title="bbox 428 400 2075 471">
    <p class='ocr_par' dir='ltr' id='par_1_2' title="bbox 428 400 2075 471">
     <span class='ocr_line' id='line_1_2' title="bbox 428 400 2075 471; baseline -0.003 -13"><span class='ocrx_word' id='word_1_2' title='bbox 428 404 500 458; x_wconf 89' lang='lat' dir='ltr'>de</span> <span class='ocrx_word' id='word_1_3' title='bbox 528 402 803 457; x_wconf 81' lang='lat' dir='ltr'>thesauro</span> <span class='ocrx_word' id='word_1_4' title='bbox 835 418 941 457; x_wconf 85' lang='lat' dir='ltr'>suo</span> <span class='ocrx_word' id='word_1_5' title='bbox 964 418 1111 457; x_wconf 91' lang='lat' dir='ltr'>nova</span> <span class='ocrx_word' id='word_1_6' title='bbox 1133 406 1189 457; x_wconf 90' lang='lat' dir='ltr'>et</span> <span class='ocrx_word' id='word_1_7' title='bbox 1219 406 1411 456; x_wconf 86' lang='lat' dir='ltr'>vetera</span> <span class='ocrx_word' id='word_1_8' title='bbox 1434 401 1654 471; x_wconf 63' lang='lat' dir='ltr'>(Matth.</span> <span class='ocrx_word' id='word_1_9' title='bbox 1680 417 1805 465; x_wconf 82' lang='lat' dir='ltr'>xm,</span> <span class='ocrx_word' id='word_1_10' title='bbox 1827 400 2075 470; x_wconf 75' lang='lat' dir='ltr'>52),quee</span> 
     </span>
    </p>
   </div>
   <div class='ocr_carea' id='block_1_3' title="bbox 428 488 2075 546">
    <p class='ocr_par' dir='ltr' id='par_1_3' title="bbox 428 488 2075 546">
     <span class='ocr_line' id='line_1_3' title="bbox 428 488 2075 546; baseline -0.003 0"><span class='ocrx_word' id='word_1_11' title='bbox 428 493 544 546; x_wconf 91' lang='lat' dir='ltr'>duo</span> <span class='ocrx_word' id='word_1_12' title='bbox 575 491 751 546; x_wconf 89' lang='lat' dir='ltr'>etiam</span> <span class='ocrx_word' id='word_1_13' title='bbox 783 492 1156 546; x_wconf 86' lang='lat' dir='ltr'>Testamenta</span> <span class='ocrx_word' id='word_1_14' title='bbox 1186 490 1479 545; x_wconf 87' lang='lat' dir='ltr'>dicuntur.</span> <span class='ocrx_word' id='word_1_15' title='bbox 1535 491 1596 543; x_wconf 91' lang='lat' dir='ltr'>ln</span> <span class='ocrx_word' id='word_1_16' title='bbox 1647 488 1835 543; x_wconf 90' lang='lat' dir='ltr'>Libris</span> <span class='ocrx_word' id='word_1_17' title='bbox 1878 494 2075 543; x_wconf 89' lang='lat' dir='ltr'>autem</span> 
     </span>
    </p>
   </div>
   <div class='ocr_carea' id='block_1_4' title="bbox 427 578 2077 650">
    <p class='ocr_par' dir='ltr' id='par_1_4' title="bbox 427 578 2077 650">
     <span class='ocr_line' id='line_1_4' title="bbox 427 578 2077 650; baseline -0.003 -15"><span class='ocrx_word' id='word_1_18' title='bbox 427 579 703 635; x_wconf 89' lang='lat' dir='ltr'>omnibus</span> <span class='ocrx_word' id='word_1_19' title='bbox 728 580 947 635; x_wconf 79' lang='lat' dir='ltr'>sanctis</span> <span class='ocrx_word' id='word_1_20' title='bbox 972 580 1181 633; x_wconf 86' lang='lat' dir='ltr'>intueri</span> <span class='ocrx_word' id='word_1_21' title='bbox 1208 583 1432 650; x_wconf 78' lang='lat' dir='ltr'>oportet</span> <span class='ocrx_word' id='word_1_22' title='bbox 1451 595 1572 648; x_wconf 68' lang='lat' dir='ltr'>quae</span> <span class='ocrx_word' id='word_1_23' title='bbox 1602 578 1680 631; x_wconf 90' lang='lat' dir='ltr'>ibi</span> <span class='ocrx_word' id='word_1_24' title='bbox 1704 582 1921 631; x_wconf 64' lang='lat' dir='ltr'>aeterna</span> <span class='ocrx_word' id='word_1_25' title='bbox 1943 578 2077 631; x_wconf 87' lang='lat' dir='ltr'>inti-</span> 
     </span>
    </p>
   </div>
   <div class='ocr_carea' id='block_1_5' title="bbox 425 668 2075 739">
    <p class='ocr_par' dir='ltr' id='par_1_5' title="bbox 425 668 2075 739">
     <span class='ocr_line' id='line_1_5' title="bbox 425 668 2075 739; baseline -0.002 -16"><span class='ocrx_word' id='word_1_26' title='bbox 425 674 679 735; x_wconf 89' lang='lat' dir='ltr'>mentur,</span> <span class='ocrx_word' id='word_1_27' title='bbox 706 685 832 739; x_wconf 75' lang='lat' dir='ltr'>quae</span> <span class='ocrx_word' id='word_1_28' title='bbox 858 669 1007 723; x_wconf 84' lang='lat' dir='ltr'>facta</span> <span class='ocrx_word' id='word_1_29' title='bbox 1048 674 1375 736; x_wconf 79' lang='lat' dir='ltr'>narrentur,</span> <span class='ocrx_word' id='word_1_30' title='bbox 1402 684 1528 739; x_wconf 72' lang='lat' dir='ltr'>quae</span> <span class='ocrx_word' id='word_1_31' title='bbox 1563 668 1760 721; x_wconf 87' lang='lat' dir='ltr'>futura</span> <span class='ocrx_word' id='word_1_32' title='bbox 1797 682 2075 737; x_wconf 73' lang='lat' dir='ltr'>praenun-</span> 
     </span>
    </p>
   </div>
   <div class='ocr_carea' id='block_1_6' title="bbox 425 755 2074 829">
    <p class='ocr_par' dir='ltr' id='par_1_6' title="bbox 425 755 2074 829">
     <span class='ocr_line' id='line_1_6' title="bbox 425 755 2074 829; baseline -0.003 -15"><span class='ocrx_word' id='word_1_33' title='bbox 425 760 664 825; x_wconf 90' lang='lat' dir='ltr'>tientur,</span> <span class='ocrx_word' id='word_1_34' title='bbox 688 775 813 829; x_wconf 68' lang='lat' dir='ltr'>quas</span> <span class='ocrx_word' id='word_1_35' title='bbox 836 760 1061 829; x_wconf 89' lang='lat' dir='ltr'>agenda</span> <span class='ocrx_word' id='word_1_36' title='bbox 1085 759 1497 829; x_wconf 77' lang='lat' dir='ltr'>praecipiantur</span> <span class='ocrx_word' id='word_1_37' title='bbox 1515 756 1603 813; x_wconf 91' lang='lat' dir='ltr'>vel</span> <span class='ocrx_word' id='word_1_38' title='bbox 1634 755 2074 811; x_wconf 89' lang='lat' dir='ltr'>moneantur.ln</span> 
     </span>
    </p>
   </div>
   <div class='ocr_carea' id='block_1_7' title="bbox 428 846 2075 919">
    <p class='ocr_par' dir='ltr' id='par_1_7' title="bbox 428 846 2075 919">
     <span class='ocr_line' id='line_1_7' title="bbox 428 846 2075 919; baseline -0.002 -17"><span class='ocrx_word' id='word_1_39' title='bbox 428 848 760 903; x_wconf 82' lang='lat' dir='ltr'>narratione</span> <span class='ocrx_word' id='word_1_40' title='bbox 796 863 933 919; x_wconf 86' lang='lat' dir='ltr'>ergo</span> <span class='ocrx_word' id='word_1_41' title='bbox 986 863 1179 901; x_wconf 89' lang='lat' dir='ltr'>rerum</span> <span class='ocrx_word' id='word_1_42' title='bbox 1227 849 1511 901; x_wconf 83' lang='lat' dir='ltr'>factarum</span> <span class='ocrx_word' id='word_1_43' title='bbox 1552 846 1834 917; x_wconf 75' lang='lat' dir='ltr'>quaaritur</span> <span class='ocrx_word' id='word_1_44' title='bbox 1874 848 2075 899; x_wconf 91' lang='lat' dir='ltr'>utrum</span> 
     </span>
    </p>
   </div>
   <div class='ocr_carea' id='block_1_8' title="bbox 426 932 2075 1006">
    <p class='ocr_par' dir='ltr' id='par_1_8' title="bbox 426 932 2075 1006">
     <span class='ocr_line' id='line_1_8' title="bbox 426 932 2075 1006; baseline -0.003 -14"><span class='ocrx_word' id='word_1_45' title='bbox 426 937 626 993; x_wconf 80' lang='lat' dir='ltr'>omnia</span> <span class='ocrx_word' id='word_1_46' title='bbox 655 936 976 991; x_wconf 90' lang='lat' dir='ltr'>secundum</span> <span class='ocrx_word' id='word_1_47' title='bbox 1004 937 1316 1006; x_wconf 76' lang='lat' dir='ltr'>figuratum</span> <span class='ocrx_word' id='word_1_48' title='bbox 1349 939 1363 970; x_wconf 83' lang='grc'>¹</span> <span class='ocrx_word' id='word_1_49' title='bbox 1390 934 1798 990; x_wconf 83' lang='lat' dir='ltr'>tantummodo</span> <span class='ocrx_word' id='word_1_50' title='bbox 1820 932 2075 987; x_wconf 89' lang='lat' dir='ltr'>intellec-</span> 
     </span>
    </p>
   </div>
   <div class='ocr_carea' id='block_1_9' title="bbox 425 1022 2072 1096">
    <p class='ocr_par' dir='ltr' id='par_1_9' title="bbox 425 1022 2072 1096">
     <span class='ocr_line' id='line_1_9' title="bbox 425 1022 2072 1096; baseline -0.003 -15"><span class='ocrx_word' id='word_1_51' title='bbox 425 1030 551 1081; x_wconf 89' lang='lat' dir='ltr'>tum</span> <span class='ocrx_word' id='word_1_52' title='bbox 575 1025 955 1096; x_wconf 76' lang='lat' dir='ltr'>accipiantur,</span> <span class='ocrx_word' id='word_1_53' title='bbox 980 1042 1050 1079; x_wconf 91' lang='lat' dir='ltr'>an</span> <span class='ocrx_word' id='word_1_54' title='bbox 1085 1026 1261 1079; x_wconf 89' lang='lat' dir='ltr'>etiam</span> <span class='ocrx_word' id='word_1_55' title='bbox 1308 1024 1631 1078; x_wconf 90' lang='lat' dir='ltr'>secundum</span> <span class='ocrx_word' id='word_1_56' title='bbox 1668 1022 1842 1077; x_wconf 84' lang='lat' dir='ltr'>ﬁdem</span> <span class='ocrx_word' id='word_1_57' title='bbox 1876 1038 2072 1077; x_wconf 90' lang='lat' dir='ltr'>rerum</span> 
     </span>
    </p>
   </div>
   <div class='ocr_carea' id='block_1_10' title="bbox 422 1110 2075 1186">
    <p class='ocr_par' dir='ltr' id='par_1_10' title="bbox 422 1110 2075 1186">
     <span class='ocr_line' id='line_1_10' title="bbox 422 1110 2075 1186; baseline -0.004 -17"><span class='ocrx_word' id='word_1_58' title='bbox 422 1119 720 1186; x_wconf 83' lang='lat' dir='ltr'>gestarum</span> <span class='ocrx_word' id='word_1_59' title='bbox 739 1114 1054 1169; x_wconf 79' lang='lat' dir='ltr'>asserenda</span> <span class='ocrx_word' id='word_1_60' title='bbox 1072 1118 1127 1165; x_wconf 85' lang='lat' dir='ltr'>ct</span> <span class='ocrx_word' id='word_1_61' title='bbox 1150 1112 1514 1166; x_wconf 80' lang='lat' dir='ltr'>defendenda</span> <span class='ocrx_word' id='word_1_62' title='bbox 1537 1110 1823 1165; x_wconf 88' lang='lat' dir='ltr'>sint.Nam</span> <span class='ocrx_word' id='word_1_63' title='bbox 1850 1127 1963 1165; x_wconf 92' lang='lat' dir='ltr'>non</span> <span class='ocrx_word' id='word_1_64' title='bbox 1987 1126 2075 1164; x_wconf 84' lang='lat' dir='ltr'>es-</span> 
     </span>
    </p>
   </div>
   <div class='ocr_carea' id='block_1_11' title="bbox 422 1199 2073 1275">
    <p class='ocr_par' dir='ltr' id='par_1_11' title="bbox 422 1199 2073 1275">
     <span class='ocr_line' id='line_1_11' title="bbox 422 1199 2073 1275; baseline -0.003 -17"><span class='ocrx_word' id='word_1_65' title='bbox 422 1220 484 1258; x_wconf 88' lang='lat' dir='ltr'>se</span> <span class='ocrx_word' id='word_1_66' title='bbox 510 1203 852 1275; x_wconf 88' lang='lat' dir='ltr'>accipienda</span> <span class='ocrx_word' id='word_1_67' title='bbox 879 1201 1222 1273; x_wconf 84' lang='lat' dir='ltr'>ﬁguraliter,</span> <span class='ocrx_word' id='word_1_68' title='bbox 1260 1199 1455 1255; x_wconf 89' lang='lat' dir='ltr'>nullus</span> <span class='ocrx_word' id='word_1_69' title='bbox 1496 1200 1851 1255; x_wconf 83' lang='lat' dir='ltr'>cbristianus</span> <span class='ocrx_word' id='word_1_70' title='bbox 1883 1199 2073 1253; x_wconf 91' lang='lat' dir='ltr'>dicere</span> 
     </span>
    </p>
   </div>
   <div class='ocr_carea' id='block_1_12' title="bbox 428 1289 2073 1361">
    <p class='ocr_par' dir='ltr' id='par_1_12' title="bbox 428 1289 2073 1361">
     <span class='ocr_line' id='line_1_12' title="bbox 428 1289 2073 1361; baseline -0.002 -16"><span class='ocrx_word' id='word_1_71' title='bbox 428 1292 685 1361; x_wconf 80' lang='lat' dir='ltr'>audebit,</span> <span class='ocrx_word' id='word_1_72' title='bbox 709 1291 1016 1346; x_wconf 77' lang='lat' dir='ltr'>attendens</span> <span class='ocrx_word' id='word_1_73' title='bbox 1038 1290 1377 1361; x_wconf 67' lang='lat' dir='ltr'>Apostoium</span> <span class='ocrx_word' id='word_1_74' title='bbox 1402 1289 1713 1358; x_wconf 73' lang='lat' dir='ltr'>dicentem,</span> <span class='ocrx_word' id='word_1_75' title='bbox 1743 1290 1939 1343; x_wconf 83' lang='lat' dir='ltr'>Omnia</span> <span class='ocrx_word' id='word_1_76' title='bbox 1965 1306 2073 1342; x_wconf 87' lang='lat' dir='ltr'>au-</span> 
     </span>
    </p>
   </div>
   <div class='ocr_carea' id='block_1_13' title="bbox 432 1376 2076 1449">
    <p class='ocr_par' dir='ltr' id='par_1_13' title="bbox 432 1376 2076 1449">
     <span class='ocr_line' id='line_1_13' title="bbox 432 1376 2076 1449; baseline -0.001 -16"><span class='ocrx_word' id='word_1_77' title='bbox 432 1389 540 1435; x_wconf 83' lang='lat' dir='ltr'>tem</span> <span class='ocrx_word' id='word_1_78' title='bbox 562 1380 679 1436; x_wconf 67' lang='lat' dir='ltr'>haec</span> <span class='ocrx_word' id='word_1_79' title='bbox 700 1382 756 1434; x_wconf 88' lang='lat' dir='ltr'>in</span> <span class='ocrx_word' id='word_1_80' title='bbox 795 1380 975 1449; x_wconf 83' lang='lat' dir='ltr'>ﬁgura</span> <span class='ocrx_word' id='word_1_81' title='bbox 1017 1378 1395 1449; x_wconf 77' lang='lat' dir='ltr'>contingebant</span> <span class='ocrx_word' id='word_1_82' title='bbox 1416 1376 1537 1433; x_wconf 79' lang='lat' dir='ltr'>illis</span> <span class='ocrx_word' id='word_1_83' title='bbox 1558 1378 1602 1448; x_wconf 87' lang='lat' dir='ltr'>(I</span> <span class='ocrx_word' id='word_1_84' title='bbox 1624 1380 1752 1433; x_wconf 85' lang='lat' dir='ltr'>Cor.</span> <span class='ocrx_word' id='word_1_85' title='bbox 1776 1395 1832 1447; x_wconf 86' lang='lat' dir='ltr'>x,</span> <span class='ocrx_word' id='word_1_86' title='bbox 1858 1376 1945 1447; x_wconf 88' lang='grc'>11)</span> <span class='ocrx_word' id='word_1_87' title='bbox 1970 1394 1981 1431; x_wconf 89' lang='lat'><strong>:</strong></span> <span class='ocrx_word' id='word_1_88' title='bbox 2018 1381 2076 1431; x_wconf 89' lang='lat' dir='ltr'>et</span> 
     </span>
    </p>
   </div>
   <div class='ocr_carea' id='block_1_14' title="bbox 440 1465 2077 1539">
    <p class='ocr_par' dir='ltr' id='par_1_14' title="bbox 440 1465 2077 1539">
     <span class='ocr_line' id='line_1_14' title="bbox 440 1465 2077 1539; baseline -0.003 -16"><span class='ocrx_word' id='word_1_89' title='bbox 440 1469 582 1523; x_wconf 92' lang='lat' dir='ltr'>illud</span> <span class='ocrx_word' id='word_1_90' title='bbox 608 1469 759 1539; x_wconf 90' lang='lat' dir='ltr'>quod</span> <span class='ocrx_word' id='word_1_91' title='bbox 784 1468 841 1522; x_wconf 88' lang='lat' dir='ltr'>in</span> <span class='ocrx_word' id='word_1_92' title='bbox 884 1468 1092 1523; x_wconf 85' lang='lat' dir='ltr'>Genesi</span> <span class='ocrx_word' id='word_1_93' title='bbox 1126 1467 1408 1537; x_wconf 82' lang='lat' dir='ltr'>scriptum</span> <span class='ocrx_word' id='word_1_94' title='bbox 1435 1472 1543 1531; x_wconf 90' lang='lat' dir='ltr'>est,</span> <span class='ocrx_word' id='word_1_95' title='bbox 1586 1468 1649 1521; x_wconf 89' lang='lat' dir='ltr'>Et</span> <span class='ocrx_word' id='word_1_96' title='bbox 1680 1476 1839 1521; x_wconf 83' lang='lat' dir='ltr'>erunt</span> <span class='ocrx_word' id='word_1_97' title='bbox 1869 1465 1973 1519; x_wconf 87' lang='lat' dir='ltr'>duo</span> <span class='ocrx_word' id='word_1_98' title='bbox 2013 1468 2077 1519; x_wconf 85' lang='lat' dir='ltr'>in</span> 
     </span>
    </p>
   </div>
   <div class='ocr_carea' id='block_1_15' title="bbox 431 1554 2075 1627">
    <p class='ocr_par' dir='ltr' id='par_1_15' title="bbox 431 1554 2075 1627">
     <span class='ocr_line' id='line_1_15' title="bbox 431 1554 2075 1627; baseline -0.002 -15"><span class='ocrx_word' id='word_1_99' title='bbox 431 1574 600 1612; x_wconf 85' lang='lat' dir='ltr'>carne</span> <span class='ocrx_word' id='word_1_100' title='bbox 624 1573 736 1611; x_wconf 84' lang='lat' dir='ltr'>una</span> <span class='ocrx_word' id='word_1_101' title='bbox 757 1554 907 1626; x_wconf 84' lang='lat' dir='ltr'>(Gen.</span> <span class='ocrx_word' id='word_1_102' title='bbox 929 1573 990 1622; x_wconf 86' lang='lat' dir='ltr'>II,</span> <span class='ocrx_word' id='word_1_103' title='bbox 1010 1556 1121 1624; x_wconf 81' lang='grc'>24),</span> <span class='ocrx_word' id='word_1_104' title='bbox 1149 1573 1425 1627; x_wconf 88' lang='lat' dir='ltr'>magnum</span> <span class='ocrx_word' id='word_1_105' title='bbox 1462 1559 1894 1610; x_wconf 88' lang='lat' dir='ltr'>sacramentum</span> <span class='ocrx_word' id='word_1_106' title='bbox 1917 1569 2075 1609; x_wconf 90' lang='lat' dir='ltr'>com-</span> 
     </span>
    </p>
   </div>
   <div class='ocr_carea' id='block_1_16' title="bbox 443 1642 2075 1714">
    <p class='ocr_par' dir='ltr' id='par_1_16' title="bbox 443 1642 2075 1714">
     <span class='ocr_line' id='line_1_16' title="bbox 443 1642 2075 1714; baseline -0.002 -13"><span class='ocrx_word' id='word_1_107' title='bbox 443 1647 815 1701; x_wconf 89' lang='lat' dir='ltr'>mendantem</span> <span class='ocrx_word' id='word_1_108' title='bbox 848 1646 907 1700; x_wconf 91' lang='lat' dir='ltr'>in</span> <span class='ocrx_word' id='word_1_109' title='bbox 941 1644 1165 1699; x_wconf 92' lang='lat' dir='ltr'>Cbristo</span> <span class='ocrx_word' id='word_1_110' title='bbox 1197 1645 1331 1698; x_wconf 86' lang='lat' dir='ltr'>etin</span> <span class='ocrx_word' id='word_1_111' title='bbox 1364 1643 1853 1714; x_wconf 61' lang='lat' dir='ltr'>Ecclesiamphes.</span> <span class='ocrx_word' id='word_1_112' title='bbox 1888 1660 1940 1712; x_wconf 91' lang='lat' dir='ltr'>v,</span> <span class='ocrx_word' id='word_1_113' title='bbox 1963 1642 2075 1713; x_wconf 83' lang='lat'>32).</span> 
     </span>
    </p>
   </div>
   <div class='ocr_carea' id='block_1_17' title="bbox 497 1750 2077 1824">
    <p class='ocr_par' dir='ltr' id='par_1_17' title="bbox 497 1750 2077 1824">
     <span class='ocr_line' id='line_1_17' title="bbox 497 1750 2077 1824; baseline -0.003 -16"><span class='ocrx_word' id='word_1_114' title='bbox 497 1756 549 1808; x_wconf 89' lang='lat'>2.</span> <span class='ocrx_word' id='word_1_115' title='bbox 593 1753 652 1808; x_wconf 92' lang='lat' dir='ltr'>Si</span> <span class='ocrx_word' id='word_1_116' title='bbox 673 1769 807 1824; x_wconf 88' lang='lat' dir='ltr'>ergo</span> <span class='ocrx_word' id='word_1_117' title='bbox 831 1756 1080 1823; x_wconf 86' lang='lat' dir='ltr'>utroque</span> <span class='ocrx_word' id='word_1_118' title='bbox 1114 1754 1284 1807; x_wconf 91' lang='lat' dir='ltr'>modo</span> <span class='ocrx_word' id='word_1_119' title='bbox 1316 1752 1413 1805; x_wconf 91' lang='lat' dir='ltr'>illa</span> <span class='ocrx_word' id='word_1_120' title='bbox 1433 1752 1735 1822; x_wconf 86' lang='lat' dir='ltr'>Scriptura</span> <span class='ocrx_word' id='word_1_121' title='bbox 1756 1750 2077 1804; x_wconf 88' lang='lat' dir='ltr'>scrutanda</span> 
     </span>
    </p>
   </div>
   <div class='ocr_carea' id='block_1_18' title="bbox 433 1837 2080 1913">
    <p class='ocr_par' dir='ltr' id='par_1_18' title="bbox 433 1837 2080 1913">
     <span class='ocr_line' id='line_1_18' title="bbox 433 1837 2080 1913; baseline -0.004 -16"><span class='ocrx_word' id='word_1_122' title='bbox 433 1847 538 1913; x_wconf 87' lang='lat' dir='ltr'>est,</span> <span class='ocrx_word' id='word_1_123' title='bbox 564 1858 896 1913; x_wconf 68' lang='lat' dir='ltr'>quaeramus</span> <span class='ocrx_word' id='word_1_124' title='bbox 919 1843 1212 1913; x_wconf 90' lang='lat' dir='ltr'>quomodo</span> <span class='ocrx_word' id='word_1_125' title='bbox 1236 1841 1458 1894; x_wconf 88' lang='lat' dir='ltr'>dictum</span> <span class='ocrx_word' id='word_1_126' title='bbox 1483 1845 1569 1894; x_wconf 91' lang='lat' dir='ltr'>est</span> <span class='ocrx_word' id='word_1_127' title='bbox 1592 1843 1800 1909; x_wconf 61' lang='lat' dir='ltr'>praeter</span> <span class='ocrx_word' id='word_1_128' title='bbox 1818 1837 2080 1909; x_wconf 89' lang='lat' dir='ltr'>allegori-</span> 
     </span>
    </p>
   </div>
   <div class='ocr_carea' id='block_1_19' title="bbox 434 1928 2080 2002">
    <p class='ocr_par' dir='ltr' id='par_1_19' title="bbox 434 1928 2080 2002">
     <span class='ocr_line' id='line_1_19' title="bbox 434 1928 2080 2002; baseline -0.004 -15"><span class='ocrx_word' id='word_1_129' title='bbox 434 1948 561 1987; x_wconf 90' lang='lat' dir='ltr'>cam</span> <span class='ocrx_word' id='word_1_130' title='bbox 593 1930 1101 2002; x_wconf 79' lang='lat' dir='ltr'>significationem,</span> <span class='ocrx_word' id='word_1_131' title='bbox 1136 1933 1195 1985; x_wconf 87' lang='lat' dir='ltr'>In</span> <span class='ocrx_word' id='word_1_132' title='bbox 1244 1931 1519 2001; x_wconf 79' lang='lat' dir='ltr'>principio</span> <span class='ocrx_word' id='word_1_133' title='bbox 1550 1931 1680 1997; x_wconf 78' lang='lat' dir='ltr'>fecit</span> <span class='ocrx_word' id='word_1_134' title='bbox 1715 1929 1857 1982; x_wconf 88' lang='lat' dir='ltr'>Deus</span> <span class='ocrx_word' id='word_1_135' title='bbox 1886 1928 2080 1981; x_wconf 65' lang='lat' dir='ltr'>caelum</span> 
     </span>
    </p>
   </div>
   <div class='ocr_carea' id='block_1_20' title="bbox 429 2015 2081 2090">
    <p class='ocr_par' dir='ltr' id='par_1_20' title="bbox 429 2015 2081 2090">
     <span class='ocr_line' id='line_1_20' title="bbox 429 2015 2081 2090; baseline -0.004 -14"><span class='ocrx_word' id='word_1_136' title='bbox 429 2024 480 2076; x_wconf 87' lang='lat' dir='ltr'>et</span> <span class='ocrx_word' id='word_1_137' title='bbox 512 2025 757 2076; x_wconf 84' lang='lat' dir='ltr'>terram:</span> <span class='ocrx_word' id='word_1_138' title='bbox 798 2024 993 2075; x_wconf 90' lang='lat' dir='ltr'>utrum</span> <span class='ocrx_word' id='word_1_139' title='bbox 1030 2020 1087 2075; x_wconf 91' lang='lat' dir='ltr'>in</span> <span class='ocrx_word' id='word_1_140' title='bbox 1124 2020 1407 2090; x_wconf 90' lang='lat' dir='ltr'>principio</span> <span class='ocrx_word' id='word_1_141' title='bbox 1439 2016 1759 2088; x_wconf 89' lang='lat' dir='ltr'>temporis;</span> <span class='ocrx_word' id='word_1_142' title='bbox 1813 2034 1885 2071; x_wconf 88' lang='lat' dir='ltr'>an</span> <span class='ocrx_word' id='word_1_143' title='bbox 1942 2015 2081 2087; x_wconf 87' lang='lat' dir='ltr'>quia</span> 
     </span>
    </p>
   </div>
   <div class='ocr_carea' id='block_1_21' title="bbox 430 2105 2082 2181">
    <p class='ocr_par' dir='ltr' id='par_1_21' title="bbox 430 2105 2082 2181">
     <span class='ocr_line' id='line_1_21' title="bbox 430 2105 2082 2181; baseline -0.004 -16"><span class='ocrx_word' id='word_1_144' title='bbox 430 2112 616 2181; x_wconf 91' lang='lat' dir='ltr'>primo</span> <span class='ocrx_word' id='word_1_145' title='bbox 645 2109 910 2165; x_wconf 90' lang='lat' dir='ltr'>omnium</span> <span class='ocrx_word' id='word_1_146' title='bbox 944 2110 1094 2164; x_wconf 84' lang='lat' dir='ltr'>facta</span> <span class='ocrx_word' id='word_1_147' title='bbox 1135 2108 1251 2163; x_wconf 85' lang='lat' dir='ltr'>sint</span> <span class='ocrx_word' id='word_1_148' title='bbox 1283 2126 1294 2173; x_wconf 89' lang='lat'><strong>;</strong></span> <span class='ocrx_word' id='word_1_149' title='bbox 1351 2125 1423 2163; x_wconf 88' lang='lat' dir='ltr'>an</span> <span class='ocrx_word' id='word_1_150' title='bbox 1458 2106 1767 2179; x_wconf 87' lang='lat' dir='ltr'>principio,</span> <span class='ocrx_word' id='word_1_151' title='bbox 1804 2105 1959 2177; x_wconf 91' lang='lat' dir='ltr'>quod</span> <span class='ocrx_word' id='word_1_152' title='bbox 1992 2108 2082 2159; x_wconf 91' lang='lat' dir='ltr'>est</span> 
     </span>
    </p>
   </div>
   <div class='ocr_carea' id='block_1_22' title="bbox 430 2192 2082 2269">
    <p class='ocr_par' dir='ltr' id='par_1_22' title="bbox 430 2192 2082 2269">
     <span class='ocr_line' id='line_1_22' title="bbox 430 2192 2082 2269; baseline -0.004 -16"><span class='ocrx_word' id='word_1_153' title='bbox 430 2199 681 2255; x_wconf 87' lang='lat' dir='ltr'>Verbum</span> <span class='ocrx_word' id='word_1_154' title='bbox 714 2198 817 2254; x_wconf 89' lang='lat' dir='ltr'>Dei</span> <span class='ocrx_word' id='word_1_155' title='bbox 849 2198 1188 2269; x_wconf 88' lang='lat' dir='ltr'>unigenitus</span> <span class='ocrx_word' id='word_1_156' title='bbox 1219 2197 1421 2251; x_wconf 80' lang='lat' dir='ltr'>Filius.</span> <span class='ocrx_word' id='word_1_157' title='bbox 1456 2196 1522 2250; x_wconf 88' lang='lat' dir='ltr'>Et</span> <span class='ocrx_word' id='word_1_158' title='bbox 1569 2194 1859 2266; x_wconf 91' lang='lat' dir='ltr'>quomodo</span> <span class='ocrx_word' id='word_1_159' title='bbox 1895 2192 2082 2264; x_wconf 85' lang='lat' dir='ltr'>possit</span> 
     </span>
    </p>
   </div>
   <div class='ocr_carea' id='block_1_23' title="bbox 435 2281 2081 2353">
    <p class='ocr_par' dir='ltr' id='par_1_23' title="bbox 435 2281 2081 2353">
     <span class='ocr_line' id='line_1_23' title="bbox 435 2281 2081 2353; baseline -0.004 -10"><span class='ocrx_word' id='word_1_160' title='bbox 435 2288 664 2344; x_wconf 82' lang='lat' dir='ltr'>ostendi</span> <span class='ocrx_word' id='word_1_161' title='bbox 700 2292 879 2342; x_wconf 90' lang='lat' dir='ltr'>Deum</span> <span class='ocrx_word' id='word_1_162' title='bbox 912 2288 1039 2342; x_wconf 89' lang='lat' dir='ltr'>sine</span> <span class='ocrx_word' id='word_1_163' title='bbox 1072 2288 1191 2341; x_wconf 89' lang='lat' dir='ltr'>ulla</span> <span class='ocrx_word' id='word_1_164' title='bbox 1222 2288 1309 2341; x_wconf 91' lang='lat' dir='ltr'>sui</span> <span class='ocrx_word' id='word_1_165' title='bbox 1346 2286 1805 2339; x_wconf 87' lang='lat' dir='ltr'>commutatione</span> <span class='ocrx_word' id='word_1_166' title='bbox 1853 2281 2081 2353; x_wconf 91' lang='lat' dir='ltr'>operari</span> 
     </span>
    </p>
   </div>
   <div class='ocr_carea' id='block_1_24' title="bbox 438 2371 2079 2446">
    <p class='ocr_par' dir='ltr' id='par_1_24' title="bbox 438 2371 2079 2446">
     <span class='ocr_line' id='line_1_24' title="bbox 438 2371 2079 2446; baseline -0.002 -17"><span class='ocrx_word' id='word_1_167' title='bbox 438 2375 741 2431; x_wconf 80' lang='lat' dir='ltr'>mutabilia</span> <span class='ocrx_word' id='word_1_168' title='bbox 771 2378 825 2429; x_wconf 90' lang='lat' dir='ltr'>et</span> <span class='ocrx_word' id='word_1_169' title='bbox 860 2375 1225 2446; x_wconf 89' lang='lat' dir='ltr'>temporalia.</span> <span class='ocrx_word' id='word_1_170' title='bbox 1261 2376 1329 2428; x_wconf 86' lang='lat' dir='ltr'>Et</span> <span class='ocrx_word' id='word_1_171' title='bbox 1362 2373 1503 2443; x_wconf 90' lang='lat' dir='ltr'>quid</span> <span class='ocrx_word' id='word_1_172' title='bbox 1554 2371 1920 2442; x_wconf 83' lang='lat' dir='ltr'>signiﬁcetur</span> <span class='ocrx_word' id='word_1_173' title='bbox 1970 2387 2079 2425; x_wconf 87' lang='lat' dir='ltr'>no-</span> 
     </span>
    </p>
   </div>
   <div class='ocr_carea' id='block_1_25' title="bbox 438 2459 2082 2531">
    <p class='ocr_par' dir='ltr' id='par_1_25' title="bbox 438 2459 2082 2531">
     <span class='ocr_line' id='line_1_25' title="bbox 438 2459 2082 2531; baseline -0.002 -13"><span class='ocrx_word' id='word_1_174' title='bbox 438 2465 595 2518; x_wconf 88' lang='lat' dir='ltr'>mine</span> <span class='ocrx_word' id='word_1_175' title='bbox 617 2462 742 2518; x_wconf 81' lang='lat' dir='ltr'>ccsli</span> <span class='ocrx_word' id='word_1_176' title='bbox 767 2467 824 2517; x_wconf 91' lang='lat' dir='ltr'>et</span> <span class='ocrx_word' id='word_1_177' title='bbox 845 2467 1012 2518; x_wconf 74' lang='lat' dir='ltr'>terrae</span> <span class='ocrx_word' id='word_1_178' title='bbox 1038 2481 1050 2529; x_wconf 89' lang='lat'><strong>;</strong></span> <span class='ocrx_word' id='word_1_179' title='bbox 1078 2467 1274 2516; x_wconf 89' lang='lat' dir='ltr'>utrum</span> <span class='ocrx_word' id='word_1_180' title='bbox 1299 2460 1624 2531; x_wconf 87' lang='lat' dir='ltr'>spiritualis</span> <span class='ocrx_word' id='word_1_181' title='bbox 1646 2459 2082 2531; x_wconf 89' lang='lat' dir='ltr'>corporalisque</span> 
     </span>
    </p>
   </div>
   <div class='ocr_carea' id='block_1_26' title="bbox 439 2549 2080 2621">
    <p class='ocr_par' dir='ltr' id='par_1_26' title="bbox 439 2549 2080 2621">
     <span class='ocr_line' id='line_1_26' title="bbox 439 2549 2080 2621; baseline -0.003 -13"><span class='ocrx_word' id='word_1_182' title='bbox 439 2556 708 2608; x_wconf 88' lang='lat' dir='ltr'>creatura</span> <span class='ocrx_word' id='word_1_183' title='bbox 732 2552 859 2607; x_wconf 75' lang='lat' dir='ltr'>coeli</span> <span class='ocrx_word' id='word_1_184' title='bbox 885 2558 943 2606; x_wconf 89' lang='lat' dir='ltr'>et</span> <span class='ocrx_word' id='word_1_185' title='bbox 965 2557 1126 2606; x_wconf 66' lang='lat' dir='ltr'>terra:</span> <span class='ocrx_word' id='word_1_186' title='bbox 1149 2552 1495 2606; x_wconf 79' lang='lat' dir='ltr'>vocabulum</span> <span class='ocrx_word' id='word_1_187' title='bbox 1520 2549 1825 2621; x_wconf 88' lang='lat' dir='ltr'>acceperit,</span> <span class='ocrx_word' id='word_1_188' title='bbox 1848 2566 1920 2604; x_wconf 90' lang='lat' dir='ltr'>an</span> <span class='ocrx_word' id='word_1_189' title='bbox 1952 2554 2080 2603; x_wconf 89' lang='lat' dir='ltr'>tan-</span> 
     </span>
    </p>
   </div>
   <div class='ocr_carea' id='block_1_27' title="bbox 438 2636 2079 2712">
    <p class='ocr_par' dir='ltr' id='par_1_27' title="bbox 438 2636 2079 2712">
     <span class='ocr_line' id='line_1_27' title="bbox 438 2636 2079 2712; baseline -0.004 -15"><span class='ocrx_word' id='word_1_190' title='bbox 438 2641 743 2697; x_wconf 89' lang='lat' dir='ltr'>tummodo</span> <span class='ocrx_word' id='word_1_191' title='bbox 775 2640 1090 2712; x_wconf 87' lang='lat' dir='ltr'>corporalis</span> <span class='ocrx_word' id='word_1_192' title='bbox 1125 2656 1136 2693; x_wconf 90' lang='lat'><strong>:</strong></span> <span class='ocrx_word' id='word_1_193' title='bbox 1173 2645 1236 2693; x_wconf 93' lang='lat' dir='ltr'>ut</span> <span class='ocrx_word' id='word_1_194' title='bbox 1263 2638 1321 2692; x_wconf 90' lang='lat' dir='ltr'>in</span> <span class='ocrx_word' id='word_1_195' title='bbox 1370 2639 1477 2693; x_wconf 88' lang='lat' dir='ltr'>hoc</span> <span class='ocrx_word' id='word_1_196' title='bbox 1506 2638 1655 2693; x_wconf 92' lang='lat' dir='ltr'>libro</span> <span class='ocrx_word' id='word_1_197' title='bbox 1686 2638 1756 2692; x_wconf 90' lang='lat' dir='ltr'>de</span> <span class='ocrx_word' id='word_1_198' title='bbox 1787 2636 2079 2709; x_wconf 89' lang='lat' dir='ltr'>spirituali</span> 
     </span>
    </p>
   </div>
   <div class='ocr_carea' id='block_1_28' title="bbox 437 2725 2081 2799">
    <p class='ocr_par' dir='ltr' id='par_1_28' title="bbox 437 2725 2081 2799">
     <span class='ocr_line' id='line_1_28' title="bbox 437 2725 2081 2799; baseline -0.004 -12"><span class='ocrx_word' id='word_1_199' title='bbox 437 2731 695 2787; x_wconf 89' lang='lat' dir='ltr'>tacuisse</span> <span class='ocrx_word' id='word_1_200' title='bbox 726 2728 1107 2799; x_wconf 83' lang='lat' dir='ltr'>intelligatur,</span> <span class='ocrx_word' id='word_1_201' title='bbox 1143 2734 1316 2798; x_wconf 88' lang='lat' dir='ltr'>atque</span> <span class='ocrx_word' id='word_1_202' title='bbox 1364 2727 1445 2782; x_wconf 89' lang='lat' dir='ltr'>ita</span> <span class='ocrx_word' id='word_1_203' title='bbox 1494 2726 1711 2782; x_wconf 85' lang='lat' dir='ltr'>dixisse</span> <span class='ocrx_word' id='word_1_204' title='bbox 1768 2725 1978 2781; x_wconf 88' lang='lat' dir='ltr'>coelum</span> <span class='ocrx_word' id='word_1_205' title='bbox 2023 2730 2081 2781; x_wconf 90' lang='lat' dir='ltr'>et</span> 
     </span>
    </p>
   </div>
   <div class='ocr_carea' id='block_1_29' title="bbox 432 2816 2076 2889">
    <p class='ocr_par' dir='ltr' id='par_1_29' title="bbox 432 2816 2076 2889">
     <span class='ocr_line' id='line_1_29' title="bbox 432 2816 2076 2889; baseline -0.004 -14"><span class='ocrx_word' id='word_1_206' title='bbox 432 2826 669 2889; x_wconf 89' lang='lat' dir='ltr'>terram,</span> <span class='ocrx_word' id='word_1_207' title='bbox 716 2823 781 2873; x_wconf 92' lang='lat' dir='ltr'>ut</span> <span class='ocrx_word' id='word_1_208' title='bbox 810 2833 1041 2873; x_wconf 88' lang='lat' dir='ltr'>omnem</span> <span class='ocrx_word' id='word_1_209' title='bbox 1078 2821 1405 2871; x_wconf 87' lang='lat' dir='ltr'>creaturam</span> <span class='ocrx_word' id='word_1_210' title='bbox 1445 2832 1780 2886; x_wconf 89' lang='lat' dir='ltr'>corpoream</span> <span class='ocrx_word' id='word_1_211' title='bbox 1814 2816 2076 2886; x_wconf 89' lang='lat' dir='ltr'>superio-</span> 
     </span>
    </p>
   </div>
   <div class='ocr_carea' id='block_1_30' title="bbox 427 2904 2078 2979">
    <p class='ocr_par' dir='ltr' id='par_1_30' title="bbox 427 2904 2078 2979">
     <span class='ocr_line' id='line_1_30' title="bbox 427 2904 2078 2979; baseline -0.003 -15"><span class='ocrx_word' id='word_1_212' title='bbox 427 2925 548 2964; x_wconf 89' lang='lat' dir='ltr'>rem</span> <span class='ocrx_word' id='word_1_213' title='bbox 572 2912 746 2979; x_wconf 88' lang='lat' dir='ltr'>atque</span> <span class='ocrx_word' id='word_1_214' title='bbox 769 2907 1101 2963; x_wconf 84' lang='lat' dir='ltr'>inferiorem</span> <span class='ocrx_word' id='word_1_215' title='bbox 1125 2906 1457 2976; x_wconf 81' lang='lat' dir='ltr'>signiﬁcare</span> <span class='ocrx_word' id='word_1_216' title='bbox 1480 2904 1840 2959; x_wconf 86' lang='lat' dir='ltr'>voluerit.An</span> <span class='ocrx_word' id='word_1_217' title='bbox 1865 2904 2078 2959; x_wconf 89' lang='lat' dir='ltr'>utrius-</span> 
     </span>
    </p>
   </div>
   <div class='ocr_carea' id='block_1_31' title="bbox 428 2992 2073 3071">
    <p class='ocr_par' dir='ltr' id='par_1_31' title="bbox 428 2992 2073 3071">
     <span class='ocr_line' id='line_1_31' title="bbox 428 2992 2073 3071; baseline -0.004 -18"><span class='ocrx_word' id='word_1_218' title='bbox 428 3015 541 3071; x_wconf 88' lang='lat' dir='ltr'>que</span> <span class='ocrx_word' id='word_1_219' title='bbox 569 2997 839 3053; x_wconf 79' lang='lat' dir='ltr'>informis</span> <span class='ocrx_word' id='word_1_220' title='bbox 871 2996 1115 3051; x_wconf 83' lang='lat' dir='ltr'>materia</span> <span class='ocrx_word' id='word_1_221' title='bbox 1139 2996 1294 3049; x_wconf 90' lang='lat' dir='ltr'>dicta</span> <span class='ocrx_word' id='word_1_222' title='bbox 1316 2997 1404 3049; x_wconf 90' lang='lat' dir='ltr'>est</span> <span class='ocrx_word' id='word_1_223' title='bbox 1424 2992 1633 3048; x_wconf 73' lang='lat' dir='ltr'>cmlum</span> <span class='ocrx_word' id='word_1_224' title='bbox 1654 2998 1710 3047; x_wconf 90' lang='lat' dir='ltr'>et</span> <span class='ocrx_word' id='word_1_225' title='bbox 1740 2997 1893 3048; x_wconf 90' lang='lat' dir='ltr'>terra</span> <span class='ocrx_word' id='word_1_226' title='bbox 1916 3010 1928 3048; x_wconf 90' lang='lat'>:</span> <span class='ocrx_word' id='word_1_227' title='bbox 1956 2993 2073 3063; x_wconf 87' lang='lat' dir='ltr'>spi-</span> 
     </span>
    </p>
   </div>
   <div class='ocr_carea' id='block_1_32' title="bbox 429 3082 2072 3154">
    <p class='ocr_par' dir='ltr' id='par_1_32' title="bbox 429 3082 2072 3154">
     <span class='ocr_line' id='line_1_32' title="bbox 429 3082 2072 3154; baseline -0.004 -11"><span class='ocrx_word' id='word_1_228' title='bbox 429 3086 660 3143; x_wconf 85' lang='lat' dir='ltr'>ritualis</span> <span class='ocrx_word' id='word_1_229' title='bbox 686 3085 956 3141; x_wconf 87' lang='lat' dir='ltr'>videlicet</span> <span class='ocrx_word' id='word_1_230' title='bbox 985 3086 1125 3149; x_wconf 91' lang='lat' dir='ltr'>vita,</span> <span class='ocrx_word' id='word_1_231' title='bbox 1175 3084 1351 3138; x_wconf 90' lang='lat' dir='ltr'>sicuti</span> <span class='ocrx_word' id='word_1_232' title='bbox 1382 3098 1511 3137; x_wconf 90' lang='lat' dir='ltr'>esse</span> <span class='ocrx_word' id='word_1_233' title='bbox 1535 3086 1726 3154; x_wconf 88' lang='lat' dir='ltr'>potest</span> <span class='ocrx_word' id='word_1_234' title='bbox 1754 3082 1812 3135; x_wconf 92' lang='lat' dir='ltr'>in</span> <span class='ocrx_word' id='word_1_235' title='bbox 1843 3099 1924 3146; x_wconf 87' lang='lat' dir='ltr'>se,</span> <span class='ocrx_word' id='word_1_236' title='bbox 1958 3098 2072 3137; x_wconf 90' lang='lat' dir='ltr'>non</span> 
     </span>
    </p>
   </div>
   <div class='ocr_carea' id='block_1_33' title="bbox 431 3171 2077 3240">
    <p class='ocr_par' dir='ltr' id='par_1_33' title="bbox 431 3171 2077 3240">
     <span class='ocr_line' id='line_1_33' title="bbox 431 3171 2077 3240; baseline -0.004 -7"><span class='ocrx_word' id='word_1_237' title='bbox 431 3191 707 3233; x_wconf 83' lang='lat' dir='ltr'>conversa</span> <span class='ocrx_word' id='word_1_238' title='bbox 740 3176 808 3229; x_wconf 89' lang='lat' dir='ltr'>ad</span> <span class='ocrx_word' id='word_1_239' title='bbox 842 3174 1206 3240; x_wconf 86' lang='lat' dir='ltr'>Creatorem;</span> <span class='ocrx_word' id='word_1_240' title='bbox 1242 3171 1341 3226; x_wconf 83' lang='lat' dir='ltr'>tali</span> <span class='ocrx_word' id='word_1_241' title='bbox 1372 3172 1527 3226; x_wconf 89' lang='lat' dir='ltr'>enim</span> <span class='ocrx_word' id='word_1_242' title='bbox 1562 3172 1933 3226; x_wconf 85' lang='lat' dir='ltr'>conversione</span> <span class='ocrx_word' id='word_1_243' title='bbox 1966 3171 2077 3226; x_wconf 84' lang='lat' dir='ltr'>for-</span> 
     </span>
    </p>
   </div>
   <div class='ocr_carea' id='block_1_34' title="bbox 425 3259 2072 3332">
    <p class='ocr_par' dir='ltr' id='par_1_34' title="bbox 425 3259 2072 3332">
     <span class='ocr_line' id='line_1_34' title="bbox 425 3259 2072 3332; baseline -0.003 -14"><span class='ocrx_word' id='word_1_244' title='bbox 425 3269 620 3318; x_wconf 88' lang='lat' dir='ltr'>matur</span> <span class='ocrx_word' id='word_1_245' title='bbox 651 3268 824 3332; x_wconf 91' lang='lat' dir='ltr'>atque</span> <span class='ocrx_word' id='word_1_246' title='bbox 856 3260 1192 3331; x_wconf 79' lang='lat' dir='ltr'>perﬁcitur;</span> <span class='ocrx_word' id='word_1_247' title='bbox 1223 3259 1269 3314; x_wconf 90' lang='lat' dir='ltr'>si</span> <span class='ocrx_word' id='word_1_248' title='bbox 1306 3263 1501 3313; x_wconf 88' lang='lat' dir='ltr'>autem</span> <span class='ocrx_word' id='word_1_249' title='bbox 1534 3275 1649 3313; x_wconf 90' lang='lat' dir='ltr'>non</span> <span class='ocrx_word' id='word_1_250' title='bbox 1682 3263 2072 3328; x_wconf 87' lang='lat' dir='ltr'>convertatur,</span> 
     </span>
    </p>
   </div>
   <div class='ocr_carea' id='block_1_35' title="bbox 426 3346 2075 3419">
    <p class='ocr_par' dir='ltr' id='par_1_35' title="bbox 426 3346 2075 3419">
     <span class='ocr_line' id='line_1_35' title="bbox 426 3346 2075 3419; baseline -0.002 -15"><span class='ocrx_word' id='word_1_251' title='bbox 426 3351 695 3406; x_wconf 81' lang='lat' dir='ltr'>informis</span> <span class='ocrx_word' id='word_1_252' title='bbox 722 3354 809 3405; x_wconf 88' lang='lat' dir='ltr'>est</span> <span class='ocrx_word' id='word_1_253' title='bbox 841 3366 853 3405; x_wconf 91' lang='lat'>:</span> <span class='ocrx_word' id='word_1_254' title='bbox 888 3349 1206 3419; x_wconf 87' lang='lat' dir='ltr'>corporalis</span> <span class='ocrx_word' id='word_1_255' title='bbox 1257 3354 1449 3401; x_wconf 89' lang='lat' dir='ltr'>autem</span> <span class='ocrx_word' id='word_1_256' title='bbox 1494 3347 1542 3402; x_wconf 91' lang='lat' dir='ltr'>si</span> <span class='ocrx_word' id='word_1_257' title='bbox 1592 3348 1779 3417; x_wconf 89' lang='lat' dir='ltr'>possit</span> <span class='ocrx_word' id='word_1_258' title='bbox 1828 3346 2075 3417; x_wconf 78' lang='lat' dir='ltr'>intelligi</span> 
     </span>
    </p>
   </div>
   <div class='ocr_carea' id='block_1_36' title="bbox 432 3434 2075 3512">
    <p class='ocr_par' dir='ltr' id='par_1_36' title="bbox 432 3434 2075 3512">
     <span class='ocr_line' id='line_1_36' title="bbox 432 3434 2075 3512; baseline -0.002 -17"><span class='ocrx_word' id='word_1_259' title='bbox 432 3458 531 3512; x_wconf 91' lang='lat' dir='ltr'>per</span> <span class='ocrx_word' id='word_1_260' title='bbox 562 3440 940 3511; x_wconf 77' lang='lat' dir='ltr'>privationem</span> <span class='ocrx_word' id='word_1_261' title='bbox 965 3436 1158 3493; x_wconf 90' lang='lat' dir='ltr'>omnis</span> <span class='ocrx_word' id='word_1_262' title='bbox 1181 3452 1464 3505; x_wconf 66' lang='lat' dir='ltr'>corporeis</span> <span class='ocrx_word' id='word_1_263' title='bbox 1489 3434 1947 3507; x_wconf 75' lang='lat' dir='ltr'>qualitatis,qua3</span> <span class='ocrx_word' id='word_1_264' title='bbox 1972 3453 2075 3507; x_wconf 87' lang='lat' dir='ltr'>ap-</span> 
     </span>
    </p>
   </div>
   <div class='ocr_carea' id='block_1_37' title="bbox 443 3522 2074 3599">
    <p class='ocr_par' dir='ltr' id='par_1_37' title="bbox 443 3522 2074 3599">
     <span class='ocr_line' id='line_1_37' title="bbox 443 3522 2074 3599; baseline -0.003 -17"><span class='ocrx_word' id='word_1_265' title='bbox 443 3533 606 3599; x_wconf 87' lang='lat' dir='ltr'>paret</span> <span class='ocrx_word' id='word_1_266' title='bbox 648 3526 705 3579; x_wconf 90' lang='lat' dir='ltr'>in</span> <span class='ocrx_word' id='word_1_267' title='bbox 741 3524 984 3580; x_wconf 88' lang='lat' dir='ltr'>materia</span> <span class='ocrx_word' id='word_1_268' title='bbox 1029 3524 1296 3583; x_wconf 86' lang='lat' dir='ltr'>formata,</span> <span class='ocrx_word' id='word_1_269' title='bbox 1331 3538 1466 3576; x_wconf 92' lang='lat' dir='ltr'>cum</span> <span class='ocrx_word' id='word_1_270' title='bbox 1506 3522 1632 3592; x_wconf 90' lang='lat' dir='ltr'>jam</span> <span class='ocrx_word' id='word_1_271' title='bbox 1684 3526 1822 3576; x_wconf 91' lang='lat' dir='ltr'>sunt</span> <span class='ocrx_word' id='word_1_272' title='bbox 1851 3524 2074 3593; x_wconf 89' lang='lat' dir='ltr'>species</span> 
     </span>
    </p>
   </div>
   <div class='ocr_carea' id='block_1_38' title="bbox 432 3611 2071 3687">
    <p class='ocr_par' dir='ltr' id='par_1_38' title="bbox 432 3611 2071 3687">
     <span class='ocr_line' id='line_1_38' title="bbox 432 3611 2071 3687; baseline -0.003 -17"><span class='ocrx_word' id='word_1_273' title='bbox 432 3632 766 3687; x_wconf 87' lang='lat' dir='ltr'>corporum,</span> <span class='ocrx_word' id='word_1_274' title='bbox 806 3614 925 3669; x_wconf 85' lang='lat' dir='ltr'>sive</span> <span class='ocrx_word' id='word_1_275' title='bbox 955 3612 1066 3667; x_wconf 89' lang='lat' dir='ltr'>alio</span> <span class='ocrx_word' id='word_1_276' title='bbox 1098 3611 1358 3683; x_wconf 81' lang='lat' dir='ltr'>quolibet</span> <span class='ocrx_word' id='word_1_277' title='bbox 1387 3627 1564 3666; x_wconf 90' lang='lat' dir='ltr'>sensu</span> <span class='ocrx_word' id='word_1_278' title='bbox 1589 3612 1845 3682; x_wconf 88' lang='lat' dir='ltr'>corporis</span> <span class='ocrx_word' id='word_1_279' title='bbox 1878 3627 2071 3683; x_wconf 88' lang='lat' dir='ltr'>perce-</span> 
     </span>
    </p>
   </div>
   <div class='ocr_carea' id='block_1_39' title="bbox 432 3704 685 3777">
    <p class='ocr_par' dir='ltr' id='par_1_39' title="bbox 432 3704 685 3777">
     <span class='ocr_line' id='line_1_39' title="bbox 432 3704 685 3777; baseline 0 -19"><span class='ocrx_word' id='word_1_280' title='bbox 432 3704 685 3777; x_wconf 87' lang='lat' dir='ltr'>ptibiles.</span> 
     </span>
    </p>
   </div>
   <div class='ocr_carea' id='block_1_40' title="bbox 499 3807 2072 3879">
    <p class='ocr_par' dir='ltr' id='par_1_40' title="bbox 499 3807 2072 3879">
     <span class='ocr_line' id='line_1_40' title="bbox 499 3807 2072 3879; baseline -0.001 -14"><span class='ocrx_word' id='word_1_281' title='bbox 499 3813 550 3865; x_wconf 92' lang='lat'>3.</span> <span class='ocrx_word' id='word_1_282' title='bbox 578 3816 656 3865; x_wconf 76' lang='lat' dir='ltr'>An</span> <span class='ocrx_word' id='word_1_283' title='bbox 680 3809 891 3865; x_wconf 84' lang='lat' dir='ltr'>coelum</span> <span class='ocrx_word' id='word_1_284' title='bbox 922 3807 1373 3879; x_wconf 87' lang='lat' dir='ltr'>intelligendum</span> <span class='ocrx_word' id='word_1_285' title='bbox 1396 3810 1485 3861; x_wconf 89' lang='lat' dir='ltr'>est</span> <span class='ocrx_word' id='word_1_286' title='bbox 1509 3810 1777 3861; x_wconf 88' lang='lat' dir='ltr'>creatura</span> <span class='ocrx_word' id='word_1_287' title='bbox 1798 3807 2072 3876; x_wconf 88' lang='lat' dir='ltr'>spiritua-</span> 
     </span>
    </p>
   </div>
   <div class='ocr_carea' id='block_1_41' title="bbox 430 3894 2075 3969">
    <p class='ocr_par' dir='ltr' id='par_1_41' title="bbox 430 3894 2075 3969">
     <span class='ocr_line' id='line_1_41' title="bbox 430 3894 2075 3969; baseline -0.001 -16"><span class='ocrx_word' id='word_1_288' title='bbox 430 3899 525 3967; x_wconf 91' lang='lat' dir='ltr'>lis,</span> <span class='ocrx_word' id='word_1_289' title='bbox 559 3900 629 3953; x_wconf 92' lang='lat' dir='ltr'>ab</span> <span class='ocrx_word' id='word_1_290' title='bbox 662 3897 894 3953; x_wconf 86' lang='lat' dir='ltr'>exordio</span> <span class='ocrx_word' id='word_1_291' title='bbox 926 3913 1040 3969; x_wconf 91' lang='lat' dir='ltr'>quo</span> <span class='ocrx_word' id='word_1_292' title='bbox 1073 3897 1225 3951; x_wconf 83' lang='lat' dir='ltr'>facta</span> <span class='ocrx_word' id='word_1_293' title='bbox 1253 3900 1363 3961; x_wconf 91' lang='lat' dir='ltr'>est,</span> <span class='ocrx_word' id='word_1_294' title='bbox 1396 3895 1650 3967; x_wconf 87' lang='lat' dir='ltr'>perfecta</span> <span class='ocrx_word' id='word_1_295' title='bbox 1680 3894 1781 3951; x_wconf 89' lang='lat' dir='ltr'>illa</span> <span class='ocrx_word' id='word_1_296' title='bbox 1809 3900 1865 3951; x_wconf 90' lang='lat' dir='ltr'>et</span> <span class='ocrx_word' id='word_1_297' title='bbox 1904 3896 2075 3951; x_wconf 89' lang='lat' dir='ltr'>beata</span> 
     </span>
    </p>
   </div>
   <div class='ocr_carea' id='block_1_42' title="bbox 432 3984 2070 4059">
    <p class='ocr_par' dir='ltr' id='par_1_42' title="bbox 432 3984 2070 4059">
     <span class='ocr_line' id='line_1_42' title="bbox 432 3984 2070 4059; baseline -0.002 -15"><span class='ocrx_word' id='word_1_298' title='bbox 432 4005 664 4059; x_wconf 83' lang='lat' dir='ltr'>semper</span> <span class='ocrx_word' id='word_1_299' title='bbox 690 4005 701 4041; x_wconf 92' lang='lat'><strong>:</strong></span> <span class='ocrx_word' id='word_1_300' title='bbox 729 3992 883 4043; x_wconf 89' lang='lat' dir='ltr'>terra</span> <span class='ocrx_word' id='word_1_301' title='bbox 903 4002 1057 4053; x_wconf 90' lang='lat' dir='ltr'>vero,</span> <span class='ocrx_word' id='word_1_302' title='bbox 1084 3984 1406 4056; x_wconf 85' lang='lat' dir='ltr'>corporalis</span> <span class='ocrx_word' id='word_1_303' title='bbox 1445 3985 1717 4040; x_wconf 89' lang='lat' dir='ltr'>materies</span> <span class='ocrx_word' id='word_1_304' title='bbox 1748 3984 1939 4040; x_wconf 86' lang='lat' dir='ltr'>adhuc</span> <span class='ocrx_word' id='word_1_305' title='bbox 1962 3986 2070 4041; x_wconf 91' lang='lat' dir='ltr'>im-</span> 
     </span>
    </p>
   </div>
   <div class='ocr_carea' id='block_1_43' title="bbox 433 4074 2071 4149">
    <p class='ocr_par' dir='ltr' id='par_1_43' title="bbox 433 4074 2071 4149">
     <span class='ocr_line' id='line_1_43' title="bbox 433 4074 2071 4149; baseline 0 -18"><span class='ocrx_word' id='word_1_306' title='bbox 433 4077 686 4149; x_wconf 87' lang='lat' dir='ltr'>perfecta</span> <span class='ocrx_word' id='word_1_307' title='bbox 711 4101 724 4144; x_wconf 88' lang='lat'><strong>;</strong></span> <span class='ocrx_word' id='word_1_308' title='bbox 758 4075 896 4147; x_wconf 89' lang='lat' dir='ltr'>quia</span> <span class='ocrx_word' id='word_1_309' title='bbox 916 4074 1311 4147; x_wconf 86' lang='lat' dir='ltr'>terra,inquit,</span> <span class='ocrx_word' id='word_1_310' title='bbox 1333 4077 1449 4129; x_wconf 86' lang='lat' dir='ltr'>erat</span> <span class='ocrx_word' id='word_1_311' title='bbox 1464 4074 1768 4129; x_wconf 76' lang='lat' dir='ltr'>invisibilis</span> <span class='ocrx_word' id='word_1_312' title='bbox 1789 4080 1842 4130; x_wconf 89' lang='lat' dir='ltr'>et</span> <span class='ocrx_word' id='word_1_313' title='bbox 1863 4077 2071 4131; x_wconf 86' lang='lat' dir='ltr'>incom-</span> 
     </span>
    </p>
   </div>
   <div class='ocr_carea' id='block_1_44' title="bbox 424 4164 2073 4238">
    <p class='ocr_par' dir='ltr' id='par_1_44' title="bbox 424 4164 2073 4238">
     <span class='ocr_line' id='line_1_44' title="bbox 424 4164 2073 4238; baseline -0.001 -17"><span class='ocrx_word' id='word_1_314' title='bbox 424 4168 681 4238; x_wconf 82' lang='lat' dir='ltr'>posita,et</span> <span class='ocrx_word' id='word_1_315' title='bbox 697 4166 936 4222; x_wconf 70' lang='lat' dir='ltr'>tenebrae</span> <span class='ocrx_word' id='word_1_316' title='bbox 959 4175 1116 4221; x_wconf 82' lang='lat' dir='ltr'>erant</span> <span class='ocrx_word' id='word_1_317' title='bbox 1139 4180 1302 4235; x_wconf 84' lang='lat' dir='ltr'>super</span> <span class='ocrx_word' id='word_1_318' title='bbox 1322 4165 1582 4236; x_wconf 75' lang='lat' dir='ltr'>abyssum</span> <span class='ocrx_word' id='word_1_319' title='bbox 1602 4182 1624 4228; x_wconf 87' lang='lat'><em>;</em></span> <span class='ocrx_word' id='word_1_320' title='bbox 1644 4164 1861 4234; x_wconf 89' lang='lat' dir='ltr'>quibus</span> <span class='ocrx_word' id='word_1_321' title='bbox 1880 4164 2073 4221; x_wconf 89' lang='lat' dir='ltr'>verbis</span> 
     </span>
    </p>
   </div>
   <div class='ocr_carea' id='block_1_45' title="bbox 427 4254 2073 4325">
    <p class='ocr_par' dir='ltr' id='par_1_45' title="bbox 427 4254 2073 4325">
     <span class='ocr_line' id='line_1_45' title="bbox 427 4254 2073 4325; baseline 0 -16"><span class='ocrx_word' id='word_1_322' title='bbox 427 4256 658 4309; x_wconf 89' lang='lat' dir='ltr'>videtur</span> <span class='ocrx_word' id='word_1_323' title='bbox 679 4255 1093 4309; x_wconf 83' lang='lat' dir='ltr'>informitatem</span> <span class='ocrx_word' id='word_1_324' title='bbox 1136 4254 1464 4325; x_wconf 81' lang='lat' dir='ltr'>signiﬁcare</span> <span class='ocrx_word' id='word_1_325' title='bbox 1496 4254 1836 4308; x_wconf 71' lang='lat' dir='ltr'>substantiae</span> <span class='ocrx_word' id='word_1_326' title='bbox 1868 4270 2073 4325; x_wconf 87' lang='lat' dir='ltr'>corpo-</span> 
     </span>
    </p>
   </div>
   <div class='ocr_carea' id='block_1_46' title="bbox 434 4341 2074 4414">
    <p class='ocr_par' dir='ltr' id='par_1_46' title="bbox 434 4341 2074 4414">
     <span class='ocr_line' id='line_1_46' title="bbox 434 4341 2074 4414; baseline 0 -17"><span class='ocrx_word' id='word_1_327' title='bbox 434 4342 572 4399; x_wconf 89' lang='lat' dir='ltr'>ralis</span> <span class='ocrx_word' id='word_1_328' title='bbox 591 4343 619 4397; x_wconf 87' lang='lat'><strong>?</strong></span> <span class='ocrx_word' id='word_1_329' title='bbox 649 4346 731 4397; x_wconf 89' lang='lat' dir='ltr'>An</span> <span class='ocrx_word' id='word_1_330' title='bbox 757 4344 1063 4414; x_wconf 87' lang='lat' dir='ltr'>utriusque</span> <span class='ocrx_word' id='word_1_331' title='bbox 1087 4343 1415 4398; x_wconf 81' lang='lat' dir='ltr'>informitas</span> <span class='ocrx_word' id='word_1_332' title='bbox 1438 4341 1530 4397; x_wconf 90' lang='lat' dir='ltr'>his</span> <span class='ocrx_word' id='word_1_333' title='bbox 1548 4342 1722 4398; x_wconf 88' lang='lat' dir='ltr'>etiam</span> <span class='ocrx_word' id='word_1_334' title='bbox 1743 4344 2074 4413; x_wconf 89' lang='lat' dir='ltr'>posteriori-</span> 
     </span>
    </p>
   </div>
   <div class='ocr_carea' id='block_1_47' title="bbox 434 4431 2072 4504">
    <p class='ocr_par' dir='ltr' id='par_1_47' title="bbox 434 4431 2072 4504">
     <span class='ocr_line' id='line_1_47' title="bbox 434 4431 2072 4504; baseline 0 -17"><span class='ocrx_word' id='word_1_335' title='bbox 434 4434 545 4487; x_wconf 91' lang='lat' dir='ltr'>bus</span> <span class='ocrx_word' id='word_1_336' title='bbox 566 4433 756 4487; x_wconf 88' lang='lat' dir='ltr'>verbis</span> <span class='ocrx_word' id='word_1_337' title='bbox 782 4433 1179 4501; x_wconf 74' lang='lat' dir='ltr'>significatur:</span> <span class='ocrx_word' id='word_1_338' title='bbox 1207 4431 1522 4504; x_wconf 85' lang='lat' dir='ltr'>corporalis</span> <span class='ocrx_word' id='word_1_339' title='bbox 1543 4432 1776 4502; x_wconf 88' lang='lat' dir='ltr'>quidem</span> <span class='ocrx_word' id='word_1_340' title='bbox 1822 4448 1886 4487; x_wconf 93' lang='lat' dir='ltr'>eo</span> <span class='ocrx_word' id='word_1_341' title='bbox 1918 4433 2072 4503; x_wconf 90' lang='lat' dir='ltr'>quod</span> 
     </span>
    </p>
   </div>
   <div class='ocr_carea' id='block_1_48' title="bbox 438 4521 2073 4592">
    <p class='ocr_par' dir='ltr' id='par_1_48' title="bbox 438 4521 2073 4592">
     <span class='ocr_line' id='line_1_48' title="bbox 438 4521 2073 4592; baseline 0.001 -18"><span class='ocrx_word' id='word_1_342' title='bbox 438 4521 659 4575; x_wconf 90' lang='lat' dir='ltr'>dictum</span> <span class='ocrx_word' id='word_1_343' title='bbox 682 4525 788 4585; x_wconf 72' lang='lat' dir='ltr'>cst,</span> <span class='ocrx_word' id='word_1_344' title='bbox 829 4523 985 4575; x_wconf 84' lang='lat' dir='ltr'>Terra</span> <span class='ocrx_word' id='word_1_345' title='bbox 1008 4530 1124 4575; x_wconf 88' lang='lat' dir='ltr'>erat</span> <span class='ocrx_word' id='word_1_346' title='bbox 1148 4522 1446 4577; x_wconf 75' lang='lat' dir='ltr'>int&#39;isibitis</span> <span class='ocrx_word' id='word_1_347' title='bbox 1464 4526 1514 4576; x_wconf 89' lang='lat' dir='ltr'>et</span> <span class='ocrx_word' id='word_1_348' title='bbox 1531 4523 1895 4592; x_wconf 81' lang='lat' dir='ltr'>incomposita</span> <span class='ocrx_word' id='word_1_349' title='bbox 1915 4539 1927 4575; x_wconf 91' lang='lat'><strong>:</strong></span> <span class='ocrx_word' id='word_1_350' title='bbox 1953 4522 2073 4592; x_wconf 90' lang='lat' dir='ltr'>spi-</span> 
     </span>
    </p>
   </div>
   <div class='ocr_carea' id='block_1_49' title="bbox 437 4609 2070 4682">
    <p class='ocr_par' dir='ltr' id='par_1_49' title="bbox 437 4609 2070 4682">
     <span class='ocr_line' id='line_1_49' title="bbox 437 4609 2070 4682; baseline 0.001 -18"><span class='ocrx_word' id='word_1_351' title='bbox 437 4609 663 4664; x_wconf 89' lang='lat' dir='ltr'>ritualis</span> <span class='ocrx_word' id='word_1_352' title='bbox 684 4615 876 4664; x_wconf 90' lang='lat' dir='ltr'>autem</span> <span class='ocrx_word' id='word_1_353' title='bbox 901 4628 964 4665; x_wconf 90' lang='lat' dir='ltr'>eo</span> <span class='ocrx_word' id='word_1_354' title='bbox 988 4612 1141 4682; x_wconf 91' lang='lat' dir='ltr'>quod</span> <span class='ocrx_word' id='word_1_355' title='bbox 1164 4611 1387 4666; x_wconf 89' lang='lat' dir='ltr'>dictum</span> <span class='ocrx_word' id='word_1_356' title='bbox 1410 4618 1518 4677; x_wconf 86' lang='lat' dir='ltr'>est,</span> <span class='ocrx_word' id='word_1_357' title='bbox 1537 4611 1780 4665; x_wconf 66' lang='lat' dir='ltr'>Tenebrae</span> <span class='ocrx_word' id='word_1_358' title='bbox 1800 4620 1959 4665; x_wconf 86' lang='lat' dir='ltr'>erant</span> <span class='ocrx_word' id='word_1_359' title='bbox 1980 4628 2070 4665; x_wconf 90' lang='lat' dir='ltr'>su-</span> 
     </span>
    </p>
   </div>
   <div class='ocr_carea' id='block_1_50' title="bbox 431 4698 2073 4771">
    <p class='ocr_par' dir='ltr' id='par_1_50' title="bbox 431 4698 2073 4771">
     <span class='ocr_line' id='line_1_50' title="bbox 431 4698 2073 4771; baseline 0.001 -18"><span class='ocrx_word' id='word_1_360' title='bbox 431 4714 529 4769; x_wconf 78' lang='lat' dir='ltr'>per</span> <span class='ocrx_word' id='word_1_361' title='bbox 548 4699 833 4769; x_wconf 80' lang='lat' dir='ltr'>abyssum;</span> <span class='ocrx_word' id='word_1_362' title='bbox 846 4703 902 4753; x_wconf 90' lang='lat' dir='ltr'>et</span> <span class='ocrx_word' id='word_1_363' title='bbox 923 4698 1205 4755; x_wconf 87' lang='lat' dir='ltr'>translato</span> <span class='ocrx_word' id='word_1_364' title='bbox 1222 4700 1393 4754; x_wconf 88' lang='lat' dir='ltr'>verbo</span> <span class='ocrx_word' id='word_1_365' title='bbox 1410 4700 1779 4753; x_wconf 78' lang='lat' dir='ltr'>tenebrosam</span> <span class='ocrx_word' id='word_1_366' title='bbox 1799 4698 2073 4771; x_wconf 82' lang='lat' dir='ltr'>abyssum</span> 
     </span>
    </p>
   </div>
   <div class='ocr_carea' id='block_1_51' title="bbox 434 4786 2070 4859">
    <p class='ocr_par' dir='ltr' id='par_1_51' title="bbox 434 4786 2070 4859">
     <span class='ocr_line' id='line_1_51' title="bbox 434 4786 2070 4859; baseline 0.002 -19"><span class='ocrx_word' id='word_1_367' title='bbox 434 4786 834 4859; x_wconf 84' lang='lat' dir='ltr'>intelligamus</span> <span class='ocrx_word' id='word_1_368' title='bbox 860 4794 1127 4843; x_wconf 88' lang='lat' dir='ltr'>naturam</span> <span class='ocrx_word' id='word_1_369' title='bbox 1154 4788 1279 4842; x_wconf 67' lang='lat' dir='ltr'>vita:</span> <span class='ocrx_word' id='word_1_370' title='bbox 1300 4786 1753 4853; x_wconf 88' lang='lat' dir='ltr'>informem,nisi</span> <span class='ocrx_word' id='word_1_371' title='bbox 1774 4792 2070 4843; x_wconf 84' lang='lat' dir='ltr'>converta-</span> 
     </span>
    </p>
   </div>
   <div class='ocr_carea' id='block_1_52' title="bbox 433 4876 2073 4949">
    <p class='ocr_par' dir='ltr' id='par_1_52' title="bbox 433 4876 2073 4949">
     <span class='ocr_line' id='line_1_52' title="bbox 433 4876 2073 4949; baseline 0.002 -19"><span class='ocrx_word' id='word_1_372' title='bbox 433 4881 531 4930; x_wconf 91' lang='lat' dir='ltr'>tur</span> <span class='ocrx_word' id='word_1_373' title='bbox 552 4877 621 4930; x_wconf 82' lang='lat' dir='ltr'>ad</span> <span class='ocrx_word' id='word_1_374' title='bbox 645 4879 967 4932; x_wconf 88' lang='lat' dir='ltr'>Creatorem</span> <span class='ocrx_word' id='word_1_375' title='bbox 992 4896 1004 4932; x_wconf 91' lang='lat'><strong>:</strong></span> <span class='ocrx_word' id='word_1_376' title='bbox 1026 4895 1139 4949; x_wconf 93' lang='lat' dir='ltr'>quo</span> <span class='ocrx_word' id='word_1_377' title='bbox 1164 4877 1286 4932; x_wconf 91' lang='lat' dir='ltr'>solo</span> <span class='ocrx_word' id='word_1_378' title='bbox 1314 4876 1487 4932; x_wconf 90' lang='lat' dir='ltr'>modo</span> <span class='ocrx_word' id='word_1_379' title='bbox 1509 4877 1747 4930; x_wconf 71' lang='lat' dir='ltr'>formari</span> <span class='ocrx_word' id='word_1_380' title='bbox 1772 4880 1978 4947; x_wconf 86' lang='lat' dir='ltr'>potest,</span> <span class='ocrx_word' id='word_1_381' title='bbox 2008 4882 2073 4933; x_wconf 89' lang='lat' dir='ltr'>ut</span> 
     </span>
    </p>
   </div>
   <div class='ocr_carea' id='block_1_53' title="bbox 431 4964 2072 5037">
    <p class='ocr_par' dir='ltr' id='par_1_53' title="bbox 431 4964 2072 5037">
     <span class='ocr_line' id='line_1_53' title="bbox 431 4964 2072 5037; baseline 0.002 -19"><span class='ocrx_word' id='word_1_382' title='bbox 431 4980 546 5019; x_wconf 90' lang='lat' dir='ltr'>non</span> <span class='ocrx_word' id='word_1_383' title='bbox 565 4966 640 5018; x_wconf 89' lang='lat' dir='ltr'>sit</span> <span class='ocrx_word' id='word_1_384' title='bbox 660 4965 907 5037; x_wconf 82' lang='lat' dir='ltr'>abyssus</span> <span class='ocrx_word' id='word_1_385' title='bbox 934 4984 946 5032; x_wconf 91' lang='lat'>;</span> <span class='ocrx_word' id='word_1_386' title='bbox 968 4972 1023 5020; x_wconf 89' lang='lat' dir='ltr'>et</span> <span class='ocrx_word' id='word_1_387' title='bbox 1044 4966 1386 5032; x_wconf 91' lang='lat' dir='ltr'>illuminari,</span> <span class='ocrx_word' id='word_1_388' title='bbox 1411 4968 1477 5019; x_wconf 89' lang='lat' dir='ltr'>ut</span> <span class='ocrx_word' id='word_1_389' title='bbox 1497 4980 1612 5019; x_wconf 91' lang='lat' dir='ltr'>non</span> <span class='ocrx_word' id='word_1_390' title='bbox 1640 4964 1715 5019; x_wconf 90' lang='lat' dir='ltr'>sit</span> <span class='ocrx_word' id='word_1_391' title='bbox 1736 4965 2072 5021; x_wconf 82' lang='lat' dir='ltr'>tenebrosa?</span> 
     </span>
    </p>
   </div>
   <div class='ocr_carea' id='block_1_54' title="bbox 432 5053 2071 5127">
    <p class='ocr_par' dir='ltr' id='par_1_54' title="bbox 432 5053 2071 5127">
     <span class='ocr_line' id='line_1_54' title="bbox 432 5053 2071 5127; baseline 0.002 -21"><span class='ocrx_word' id='word_1_392' title='bbox 432 5057 498 5107; x_wconf 89' lang='lat' dir='ltr'>Et</span> <span class='ocrx_word' id='word_1_393' title='bbox 521 5054 812 5123; x_wconf 91' lang='lat' dir='ltr'>quomodo</span> <span class='ocrx_word' id='word_1_394' title='bbox 836 5053 1053 5108; x_wconf 84' lang='lat' dir='ltr'>dictum</span> <span class='ocrx_word' id='word_1_395' title='bbox 1094 5060 1199 5123; x_wconf 90' lang='lat' dir='ltr'>est,</span> <span class='ocrx_word' id='word_1_396' title='bbox 1236 5054 1491 5109; x_wconf 64' lang='lat' dir='ltr'>Tenebrw</span> <span class='ocrx_word' id='word_1_397' title='bbox 1528 5062 1691 5108; x_wconf 85' lang='lat' dir='ltr'>erant</span> <span class='ocrx_word' id='word_1_398' title='bbox 1726 5069 1895 5124; x_wconf 75' lang='lat' dir='ltr'>super</span> <span class='ocrx_word' id='word_1_399' title='bbox 1912 5055 2071 5127; x_wconf 83' lang='lat' dir='ltr'>abys-</span> 
     </span>
    </p>
   </div>
   <div class='ocr_carea' id='block_1_55' title="bbox 422 5142 2069 5214">
    <p class='ocr_par' dir='ltr' id='par_1_55' title="bbox 422 5142 2069 5214">
     <span class='ocr_line' id='line_1_55' title="bbox 422 5142 2069 5214; baseline 0.001 -17"><span class='ocrx_word' id='word_1_400' title='bbox 422 5158 543 5197; x_wconf 89' lang='lat' dir='ltr'>sum</span> <span class='ocrx_word' id='word_1_401' title='bbox 567 5146 591 5195; x_wconf 83' lang='lat'><strong><em>?</em></strong></span> <span class='ocrx_word' id='word_1_402' title='bbox 610 5159 681 5197; x_wconf 88' lang='lat' dir='ltr'>an</span> <span class='ocrx_word' id='word_1_403' title='bbox 705 5143 845 5214; x_wconf 83' lang='lat' dir='ltr'>quia</span> <span class='ocrx_word' id='word_1_404' title='bbox 867 5161 980 5197; x_wconf 88' lang='lat' dir='ltr'>non</span> <span class='ocrx_word' id='word_1_405' title='bbox 1004 5149 1128 5199; x_wconf 88' lang='lat' dir='ltr'>erat</span> <span class='ocrx_word' id='word_1_406' title='bbox 1152 5142 1247 5196; x_wconf 87' lang='lat' dir='ltr'>lux</span> <span class='ocrx_word' id='word_1_407' title='bbox 1265 5142 1291 5195; x_wconf 71' lang='lat'><strong><em>‘2</em></strong></span> <span class='ocrx_word' id='word_1_408' title='bbox 1316 5160 1440 5213; x_wconf 74' lang='lat' dir='ltr'>quae</span> <span class='ocrx_word' id='word_1_409' title='bbox 1463 5142 1511 5197; x_wconf 92' lang='lat' dir='ltr'>si</span> <span class='ocrx_word' id='word_1_410' title='bbox 1537 5148 1714 5210; x_wconf 86' lang='lat' dir='ltr'>esset,</span> <span class='ocrx_word' id='word_1_411' title='bbox 1741 5143 1944 5214; x_wconf 91' lang='lat' dir='ltr'>utique</span> <span class='ocrx_word' id='word_1_412' title='bbox 1970 5162 2069 5198; x_wconf 89' lang='lat' dir='ltr'>su-</span> 
     </span>
    </p>
   </div>
   <div class='ocr_carea' id='block_1_56' title="bbox 425 5232 2073 5303">
    <p class='ocr_par' dir='ltr' id='par_1_56' title="bbox 425 5232 2073 5303">
     <span class='ocr_line' id='line_1_56' title="bbox 425 5232 2073 5303; baseline 0.001 -18"><span class='ocrx_word' id='word_1_413' title='bbox 425 5235 763 5302; x_wconf 86' lang='lat' dir='ltr'>peresset,et</span> <span class='ocrx_word' id='word_1_414' title='bbox 784 5237 1065 5303; x_wconf 86' lang='lat' dir='ltr'>tanquam</span> <span class='ocrx_word' id='word_1_415' title='bbox 1085 5232 1608 5301; x_wconf 84' lang='lat' dir='ltr'>superfunderetur</span> <span class='ocrx_word' id='word_1_416' title='bbox 1631 5249 1644 5287; x_wconf 91' lang='lat'><strong>:</strong></span> <span class='ocrx_word' id='word_1_417' title='bbox 1669 5234 1824 5303; x_wconf 90' lang='lat' dir='ltr'>quod</span> <span class='ocrx_word' id='word_1_418' title='bbox 1845 5237 1984 5287; x_wconf 91' lang='lat' dir='ltr'>tunc</span> <span class='ocrx_word' id='word_1_419' title='bbox 2007 5234 2073 5287; x_wconf 85' lang='lat' dir='ltr'>tit</span> 
     </span>
    </p>
   </div>
   <div class='ocr_carea' id='block_1_57' title="bbox 426 5319 2067 5391">
    <p class='ocr_par' dir='ltr' id='par_1_57' title="bbox 426 5319 2067 5391">
     <span class='ocr_line' id='line_1_57' title="bbox 426 5319 2067 5391; baseline 0.002 -18"><span class='ocrx_word' id='word_1_420' title='bbox 426 5319 485 5373; x_wconf 89' lang='lat' dir='ltr'>in</span> <span class='ocrx_word' id='word_1_421' title='bbox 509 5325 774 5375; x_wconf 86' lang='lat' dir='ltr'>creatura</span> <span class='ocrx_word' id='word_1_422' title='bbox 797 5320 1087 5391; x_wconf 88' lang='lat' dir='ltr'>spirituali</span> <span class='ocrx_word' id='word_1_423' title='bbox 1114 5336 1247 5373; x_wconf 91' lang='lat' dir='ltr'>cum</span> <span class='ocrx_word' id='word_1_424' title='bbox 1275 5319 1631 5374; x_wconf 87' lang='lat' dir='ltr'>convertitur</span> <span class='ocrx_word' id='word_1_425' title='bbox 1651 5321 1721 5374; x_wconf 89' lang='lat' dir='ltr'>ad</span> <span class='ocrx_word' id='word_1_426' title='bbox 1741 5321 2067 5377; x_wconf 90' lang='lat' dir='ltr'>incommu-</span> 
     </span>
    </p>
   </div>
   <div class='ocr_carea' id='block_1_58' title="bbox 426 5407 1959 5480">
    <p class='ocr_par' dir='ltr' id='par_1_58' title="bbox 426 5407 1959 5480">
     <span class='ocr_line' id='line_1_58' title="bbox 426 5407 1959 5480; baseline 0.002 -18"><span class='ocrx_word' id='word_1_427' title='bbox 426 5407 604 5463; x_wconf 90' lang='lat' dir='ltr'>tabile</span> <span class='ocrx_word' id='word_1_428' title='bbox 635 5413 812 5480; x_wconf 88' lang='lat' dir='ltr'>atque</span> <span class='ocrx_word' id='word_1_429' title='bbox 844 5407 1206 5479; x_wconf 87' lang='lat' dir='ltr'>incorporale</span> <span class='ocrx_word' id='word_1_430' title='bbox 1236 5408 1456 5477; x_wconf 88' lang='lat' dir='ltr'>lumen,</span> <span class='ocrx_word' id='word_1_431' title='bbox 1479 5410 1635 5480; x_wconf 91' lang='lat' dir='ltr'>quod</span> <span class='ocrx_word' id='word_1_432' title='bbox 1667 5409 1821 5465; x_wconf 91' lang='lat' dir='ltr'>Deus</span> <span class='ocrx_word' id='word_1_433' title='bbox 1853 5415 1959 5465; x_wconf 89' lang='lat' dir='ltr'>est.</span> 
     </span>
    </p>
   </div>
   <div class='ocr_carea' id='block_1_59' title="bbox 496 5582 2063 5648">
    <p class='ocr_par' dir='ltr' id='par_1_59' title="bbox 496 5582 2063 5648">
     <span class='ocr_line' id='line_1_59' title="bbox 496 5582 2063 5648; baseline 0.003 -16"><span class='ocrx_word' id='word_1_434' title='bbox 496 5584 516 5648; x_wconf 63' lang='grc' dir='ltr'><strong>ξ</strong></span> <span class='ocrx_word' id='word_1_435' title='bbox 544 5582 700 5648; x_wconf 65' lang='lat' dir='ltr'>Editi,</span> <span class='ocrx_word' id='word_1_436' title='bbox 722 5582 1022 5648; x_wconf 73' lang='lat' dir='ltr'>figuratum.</span> <span class='ocrx_word' id='word_1_437' title='bbox 1044 5583 1116 5648; x_wconf 81' lang='lat' dir='ltr'>At_</span> <span class='ocrx_word' id='word_1_438' title='bbox 1133 5584 1253 5632; x_wconf 84' lang='lat' dir='ltr'>Mss.</span> <span class='ocrx_word' id='word_1_439' title='bbox 1275 5583 1363 5632; x_wconf 72' lang='lat' dir='ltr'>vix</span> <span class='ocrx_word' id='word_1_440' title='bbox 1385 5584 1495 5634; x_wconf 92' lang='lat' dir='ltr'>ullo</span> <span class='ocrx_word' id='word_1_441' title='bbox 1518 5586 1737 5648; x_wconf 84' lang='lat' dir='ltr'>excepio</span> <span class='ocrx_word' id='word_1_442' title='bbox 1756 5587 2063 5648; x_wconf 73' lang='lat' dir='ltr'>ﬁgurarum.</span> 
     </span>
    </p>
   </div>
   <div class='ocr_carea' id='block_1_60' title="bbox 490 5644 2063 5711">
    <p class='ocr_par' dir='ltr' id='par_1_60' title="bbox 490 5644 2063 5711">
     <span class='ocr_line' id='line_1_60' title="bbox 490 5644 2063 5711; baseline 0.003 -15"><span class='ocrx_word' id='word_1_443' title='bbox 490 5644 517 5680; x_wconf 68' lang='grc'><em>³</em></span> <span class='ocrx_word' id='word_1_444' title='bbox 541 5646 626 5696; x_wconf 90' lang='lat' dir='ltr'>Sic</span> <span class='ocrx_word' id='word_1_445' title='bbox 645 5644 776 5697; x_wconf 60' lang='lat' dir='ltr'>Mss;</span> <span class='ocrx_word' id='word_1_446' title='bbox 789 5644 992 5707; x_wconf 89' lang='lat' dir='ltr'>aliquot</span> <span class='ocrx_word' id='word_1_447' title='bbox 1010 5646 1224 5707; x_wconf 64' lang='lat' dir='ltr'>optima</span> <span class='ocrx_word' id='word_1_448' title='bbox 1244 5648 1477 5698; x_wconf 62' lang='lat' dir='ltr'>nouem</span> <span class='ocrx_word' id='word_1_449' title='bbox 1494 5644 2063 5711; x_wconf 58' lang='lat' dir='ltr'>editi,incoMparabite.</span> 
     </span>
    </p>
   </div>
   <div class='ocr_carea' id='block_1_61' title="bbox 1296 271 2960 333">
    <p class='ocr_par' dir='ltr' id='par_1_61' title="bbox 1296 271 2960 333">
     <span class='ocr_line' id='line_1_61' title="bbox 1296 271 2960 333; baseline 0.002 -5"><span class='ocrx_word' id='word_1_450' title='bbox 1296 271 1395 328; x_wconf 70' lang='lat' dir='ltr'>Diti</span> <span class='ocrx_word' id='word_1_451' title='bbox 1445 272 1723 329; x_wconf 60' lang='lat' dir='ltr'>GENESI</span> <span class='ocrx_word' id='word_1_452' title='bbox 1774 272 1874 328; x_wconf 81' lang='lat' dir='ltr'>AD</span> <span class='ocrx_word' id='word_1_453' title='bbox 1926 271 2349 330; x_wconf 64' lang='lat' dir='ltr'>LITTERAM.</span> <span class='ocrx_word' id='word_1_454' title='bbox 2512 273 2960 333; x_wconf 82' lang='lat' dir='ltr'>AUGUSTINI.</span> 
     </span>
    </p>
   </div>
   <div class='ocr_carea' id='block_1_62' title="bbox 3728 287 3847 345">
    <p class='ocr_par' dir='ltr' id='par_1_62' title="bbox 3728 287 3847 345">
     <span class='ocr_line' id='line_1_62' title="bbox 3728 287 3847 345; baseline 0 -1"><span class='ocrx_word' id='word_1_455' title='bbox 3728 287 3847 345; x_wconf 70' lang='lat'>248</span> 
     </span>
    </p>
   </div>
   <div class='ocr_carea' id='block_1_63' title="bbox 2189 399 3849 487">
    <p class='ocr_par' dir='ltr' id='par_1_63' title="bbox 2189 399 3849 487">
     <span class='ocr_line' id='line_1_63' title="bbox 2189 399 3849 487; baseline 0.01 -32"><span class='ocrx_word' id='word_1_456' title='bbox 2189 399 2421 457; x_wconf 86' lang='lat' dir='ltr'>CAPUT</span> <span class='ocrx_word' id='word_1_457' title='bbox 2453 402 2523 456; x_wconf 91' lang='lat' dir='ltr'>II.</span> <span class='ocrx_word' id='word_1_458' title='bbox 2558 433 2625 487; x_wconf 76' lang='lat'>-_—-</span> <span class='ocrx_word' id='word_1_459' title='bbox 2658 404 2934 470; x_wconf 82' lang='lat' dir='ltr'>Quomodo</span> <span class='ocrx_word' id='word_1_460' title='bbox 2964 406 3115 487; x_wconf 10' lang='lat' dir='ltr'>dixit,</span> <span class='ocrx_word' id='word_1_461' title='bbox 3139 410 3297 476; x_wconf 83' lang='lat' dir='ltr'>Deus,</span> <span class='ocrx_word' id='word_1_462' title='bbox 3334 410 3614 487; x_wconf 63' lang='lat' dir='ltr'>Ij‘iatlux;</span> <span class='ocrx_word' id='word_1_463' title='bbox 3648 433 3721 469; x_wconf 83' lang='lat' dir='ltr'>an</span> <span class='ocrx_word' id='word_1_464' title='bbox 3746 433 3849 487; x_wconf 86' lang='lat' dir='ltr'>per</span> 
     </span>
    </p>
   </div>
   <div class='ocr_carea' id='block_1_64' title="bbox 2440 479 3589 549">
    <p class='ocr_par' dir='ltr' id='par_1_64' title="bbox 2440 479 3589 549">
     <span class='ocr_line' id='line_1_64' title="bbox 2440 479 3589 549; baseline 0.012 -23"><span class='ocrx_word' id='word_1_465' title='bbox 2440 479 2780 543; x_wconf 85' lang='lat' dir='ltr'>creaturam,</span> <span class='ocrx_word' id='word_1_466' title='bbox 2814 494 2892 530; x_wconf 86' lang='lat' dir='ltr'>an</span> <span class='ocrx_word' id='word_1_467' title='bbox 2918 494 3020 549; x_wconf 81' lang='lat' dir='ltr'>per</span> <span class='ocrx_word' id='word_1_468' title='bbox 3048 486 3313 535; x_wconf 57' lang='lat' dir='ltr'>alternum</span> <span class='ocrx_word' id='word_1_469' title='bbox 3348 484 3589 540; x_wconf 81' lang='lat' dir='ltr'>Verbum.</span> 
     </span>
    </p>
   </div>
   <div class='ocr_carea' id='block_1_65' title="bbox 2260 580 3845 651">
    <p class='ocr_par' dir='ltr' id='par_1_65' title="bbox 2260 580 3845 651">
     <span class='ocr_line' id='line_1_65' title="bbox 2260 580 3845 651; baseline 0.011 -19"><span class='ocrx_word' id='word_1_470' title='bbox 2260 580 2312 633; x_wconf 85' lang='grc'><strong>4.</strong></span> <span class='ocrx_word' id='word_1_471' title='bbox 2348 580 2415 633; x_wconf 86' lang='lat' dir='ltr'>Et</span> <span class='ocrx_word' id='word_1_472' title='bbox 2445 582 2737 651; x_wconf 90' lang='lat' dir='ltr'>quomodo</span> <span class='ocrx_word' id='word_1_473' title='bbox 2764 583 2908 638; x_wconf 85' lang='lat' dir='ltr'>dixit</span> <span class='ocrx_word' id='word_1_474' title='bbox 2938 585 3111 651; x_wconf 91' lang='lat' dir='ltr'>Deus,</span> <span class='ocrx_word' id='word_1_475' title='bbox 3146 590 3267 643; x_wconf 83' lang='lat' dir='ltr'>Fiat</span> <span class='ocrx_word' id='word_1_476' title='bbox 3291 590 3389 643; x_wconf 76' lang='lat' dir='ltr'>tua:</span> <span class='ocrx_word' id='word_1_477' title='bbox 3411 594 3438 643; x_wconf 84' lang='lat'><strong><em>?</em></strong></span> <span class='ocrx_word' id='word_1_478' title='bbox 3470 597 3667 647; x_wconf 91' lang='lat' dir='ltr'>utrum</span> <span class='ocrx_word' id='word_1_479' title='bbox 3695 598 3845 648; x_wconf 87' lang='lat' dir='ltr'>tem-</span> 
     </span>
    </p>
   </div>
   <div class='ocr_carea' id='block_1_66' title="bbox 2191 668 3843 752">
    <p class='ocr_par' dir='ltr' id='par_1_66' title="bbox 2191 668 3843 752">
     <span class='ocr_line' id='line_1_66' title="bbox 2191 668 3843 752; baseline 0.011 -32"><span class='ocrx_word' id='word_1_480' title='bbox 2191 668 2494 739; x_wconf 88' lang='lat' dir='ltr'>poraliter,</span> <span class='ocrx_word' id='word_1_481' title='bbox 2512 687 2582 723; x_wconf 90' lang='lat' dir='ltr'>an</span> <span class='ocrx_word' id='word_1_482' title='bbox 2606 670 2663 723; x_wconf 92' lang='lat' dir='ltr'>in</span> <span class='ocrx_word' id='word_1_483' title='bbox 2688 670 2861 725; x_wconf 91' lang='lat' dir='ltr'>Verbi</span> <span class='ocrx_word' id='word_1_484' title='bbox 2885 676 3237 731; x_wconf 64' lang='lat' dir='ltr'>mternitate?</span> <span class='ocrx_word' id='word_1_485' title='bbox 3260 678 3327 732; x_wconf 88' lang='lat' dir='ltr'>Et</span> <span class='ocrx_word' id='word_1_486' title='bbox 3352 680 3398 733; x_wconf 92' lang='lat' dir='ltr'>si</span> <span class='ocrx_word' id='word_1_487' title='bbox 3423 684 3535 735; x_wconf 90' lang='lat' dir='ltr'>tem</span> <span class='ocrx_word' id='word_1_488' title='bbox 3549 682 3843 752; x_wconf 84' lang='lat' dir='ltr'>puraliter,</span> 
     </span>
    </p>
   </div>
   <div class='ocr_carea' id='block_1_67' title="bbox 2193 757 3845 844">
    <p class='ocr_par' dir='ltr' id='par_1_67' title="bbox 2193 757 3845 844">
     <span class='ocr_line' id='line_1_67' title="bbox 2193 757 3845 844; baseline 0.009 -33"><span class='ocrx_word' id='word_1_489' title='bbox 2193 757 2396 827; x_wconf 81' lang='lat' dir='ltr'>utique</span> <span class='ocrx_word' id='word_1_490' title='bbox 2429 758 2834 825; x_wconf 81' lang='lat' dir='ltr'>mutabiliter;</span> <span class='ocrx_word' id='word_1_491' title='bbox 2868 765 3158 832; x_wconf 92' lang='lat' dir='ltr'>quomodo</span> <span class='ocrx_word' id='word_1_492' title='bbox 3201 784 3337 837; x_wconf 87' lang='lat' dir='ltr'>ergo</span> <span class='ocrx_word' id='word_1_493' title='bbox 3372 770 3559 839; x_wconf 89' lang='lat' dir='ltr'>possit</span> <span class='ocrx_word' id='word_1_494' title='bbox 3594 772 3845 844; x_wconf 85' lang='lat' dir='ltr'>intelligi</span> 
     </span>
    </p>
   </div>
   <div class='ocr_carea' id='block_1_68' title="bbox 2193 844 3846 931">
    <p class='ocr_par' dir='ltr' id='par_1_68' title="bbox 2193 844 3846 931">
     <span class='ocr_line' id='line_1_68' title="bbox 2193 844 3846 931; baseline 0.01 -32"><span class='ocrx_word' id='word_1_495' title='bbox 2193 844 2303 901; x_wconf 91' lang='lat' dir='ltr'>hoc</span> <span class='ocrx_word' id='word_1_496' title='bbox 2334 846 2523 901; x_wconf 91' lang='lat' dir='ltr'>dicere</span> <span class='ocrx_word' id='word_1_497' title='bbox 2570 847 2746 917; x_wconf 89' lang='lat' dir='ltr'>Deus,</span> <span class='ocrx_word' id='word_1_498' title='bbox 2782 850 2893 904; x_wconf 91' lang='lat' dir='ltr'>nisi</span> <span class='ocrx_word' id='word_1_499' title='bbox 2928 869 3029 921; x_wconf 87' lang='lat' dir='ltr'>per</span> <span class='ocrx_word' id='word_1_500' title='bbox 3056 860 3428 921; x_wconf 83' lang='lat' dir='ltr'>creaturam;</span> <span class='ocrx_word' id='word_1_501' title='bbox 3466 859 3589 928; x_wconf 90' lang='lat' dir='ltr'>ipse</span> <span class='ocrx_word' id='word_1_502' title='bbox 3624 860 3846 931; x_wconf 88' lang='lat' dir='ltr'>quippe</span> 
     </span>
    </p>
   </div>
   <div class='ocr_carea' id='block_1_69' title="bbox 2189 934 3846 1015">
    <p class='ocr_par' dir='ltr' id='par_1_69' title="bbox 2189 934 3846 1015">
     <span class='ocr_line' id='line_1_69' title="bbox 2189 934 3846 1015; baseline 0.009 -26"><span class='ocrx_word' id='word_1_503' title='bbox 2189 938 2279 989; x_wconf 91' lang='lat' dir='ltr'>est</span> <span class='ocrx_word' id='word_1_504' title='bbox 2301 934 2842 991; x_wconf 82' lang='lat' dir='ltr'>incommutabilis?</span> <span class='ocrx_word' id='word_1_505' title='bbox 2865 940 2929 993; x_wconf 86' lang='lat' dir='ltr'>Et</span> <span class='ocrx_word' id='word_1_506' title='bbox 2952 940 3000 995; x_wconf 93' lang='lat' dir='ltr'>si</span> <span class='ocrx_word' id='word_1_507' title='bbox 3026 958 3126 1011; x_wconf 89' lang='lat' dir='ltr'>per</span> <span class='ocrx_word' id='word_1_508' title='bbox 3149 949 3474 999; x_wconf 90' lang='lat' dir='ltr'>creaturam</span> <span class='ocrx_word' id='word_1_509' title='bbox 3500 948 3646 1002; x_wconf 80' lang='lat' dir='ltr'>dixit</span> <span class='ocrx_word' id='word_1_510' title='bbox 3667 948 3846 1015; x_wconf 91' lang='lat' dir='ltr'>Deus,</span> 
     </span>
    </p>
   </div>
   <div class='ocr_carea' id='block_1_70' title="bbox 2189 1024 3850 1099">
    <p class='ocr_par' dir='ltr' id='par_1_70' title="bbox 2189 1024 3850 1099">
     <span class='ocr_line' id='line_1_70' title="bbox 2189 1024 3850 1099; baseline 0.01 -23"><span class='ocrx_word' id='word_1_511' title='bbox 2189 1024 2312 1077; x_wconf 82' lang='lat' dir='ltr'>Fiat</span> <span class='ocrx_word' id='word_1_512' title='bbox 2343 1024 2483 1085; x_wconf 76' lang='lat' dir='ltr'>tuac;</span> <span class='ocrx_word' id='word_1_513' title='bbox 2516 1026 2808 1094; x_wconf 90' lang='lat' dir='ltr'>quomodo</span> <span class='ocrx_word' id='word_1_514' title='bbox 2840 1043 2929 1081; x_wconf 79' lang='lat' dir='ltr'>est</span> <span class='ocrx_word' id='word_1_515' title='bbox 2960 1028 3149 1099; x_wconf 89' lang='lat' dir='ltr'>prima</span> <span class='ocrx_word' id='word_1_516' title='bbox 3179 1038 3445 1089; x_wconf 90' lang='lat' dir='ltr'>creatura</span> <span class='ocrx_word' id='word_1_517' title='bbox 3486 1036 3603 1097; x_wconf 86' lang='lat' dir='ltr'>lux,</span> <span class='ocrx_word' id='word_1_518' title='bbox 3639 1038 3687 1090; x_wconf 94' lang='lat' dir='ltr'>si</span> <span class='ocrx_word' id='word_1_519' title='bbox 3722 1043 3850 1092; x_wconf 86' lang='lat' dir='ltr'>erat</span> 
     </span>
    </p>
   </div>
   <div class='ocr_carea' id='block_1_71' title="bbox 2182 1112 3841 1190">
    <p class='ocr_par' dir='ltr' id='par_1_71' title="bbox 2182 1112 3841 1190">
     <span class='ocr_line' id='line_1_71' title="bbox 2182 1112 3841 1190; baseline 0.01 -26"><span class='ocrx_word' id='word_1_520' title='bbox 2182 1112 2307 1182; x_wconf 86' lang='lat' dir='ltr'>jam</span> <span class='ocrx_word' id='word_1_521' title='bbox 2340 1118 2625 1175; x_wconf 84' lang='lat' dir='ltr'>creatura,</span> <span class='ocrx_word' id='word_1_522' title='bbox 2650 1131 2751 1185; x_wconf 91' lang='lat' dir='ltr'>per</span> <span class='ocrx_word' id='word_1_523' title='bbox 2780 1132 2957 1186; x_wconf 88' lang='lat' dir='ltr'>quam</span> <span class='ocrx_word' id='word_1_524' title='bbox 2994 1119 3145 1173; x_wconf 88' lang='lat' dir='ltr'>Deus</span> <span class='ocrx_word' id='word_1_525' title='bbox 3174 1122 3407 1190; x_wconf 88' lang='lat' dir='ltr'>diceret,</span> <span class='ocrx_word' id='word_1_526' title='bbox 3431 1125 3549 1179; x_wconf 84' lang='lat' dir='ltr'>Fiat</span> <span class='ocrx_word' id='word_1_527' title='bbox 3579 1128 3719 1179; x_wconf 61' lang='lat' dir='ltr'>tum?</span> <span class='ocrx_word' id='word_1_528' title='bbox 3751 1129 3841 1181; x_wconf 87' lang='lat' dir='ltr'>An</span> 
     </span>
    </p>
   </div>
   <div class='ocr_carea' id='block_1_72' title="bbox 2190 1201 3845 1282">
    <p class='ocr_par' dir='ltr' id='par_1_72' title="bbox 2190 1201 3845 1282">
     <span class='ocr_line' id='line_1_72' title="bbox 2190 1201 3845 1282; baseline 0.01 -29"><span class='ocrx_word' id='word_1_529' title='bbox 2190 1218 2307 1255; x_wconf 90' lang='lat' dir='ltr'>non</span> <span class='ocrx_word' id='word_1_530' title='bbox 2341 1207 2429 1255; x_wconf 91' lang='lat' dir='ltr'>est</span> <span class='ocrx_word' id='word_1_531' title='bbox 2459 1201 2557 1255; x_wconf 89' lang='lat' dir='ltr'>lux</span> <span class='ocrx_word' id='word_1_532' title='bbox 2587 1203 2776 1274; x_wconf 88' lang='lat' dir='ltr'>prima</span> <span class='ocrx_word' id='word_1_533' title='bbox 2808 1212 3107 1273; x_wconf 81' lang='lat' dir='ltr'>creatura;</span> <span class='ocrx_word' id='word_1_534' title='bbox 3136 1211 3412 1279; x_wconf 86' lang='lat' dir='ltr'>quiajam</span> <span class='ocrx_word' id='word_1_535' title='bbox 3446 1213 3668 1268; x_wconf 84' lang='lat' dir='ltr'>dictum</span> <span class='ocrx_word' id='word_1_536' title='bbox 3694 1222 3845 1282; x_wconf 88' lang='lat' dir='ltr'>erat,</span> 
     </span>
    </p>
   </div>
   <div class='ocr_carea' id='block_1_73' title="bbox 2188 1291 3852 1374">
    <p class='ocr_par' dir='ltr' id='par_1_73' title="bbox 2188 1291 3852 1374">
     <span class='ocr_line' id='line_1_73' title="bbox 2188 1291 3852 1374; baseline 0.009 -29"><span class='ocrx_word' id='word_1_537' title='bbox 2188 1291 2250 1345; x_wconf 88' lang='lat' dir='ltr'>Iu</span> <span class='ocrx_word' id='word_1_538' title='bbox 2278 1292 2553 1361; x_wconf 76' lang='lat' dir='ltr'>principio</span> <span class='ocrx_word' id='word_1_539' title='bbox 2582 1294 2717 1360; x_wconf 72' lang='lat' dir='ltr'>fecit</span> <span class='ocrx_word' id='word_1_540' title='bbox 2764 1297 2906 1348; x_wconf 85' lang='lat' dir='ltr'>Deus</span> <span class='ocrx_word' id='word_1_541' title='bbox 2945 1298 3139 1351; x_wconf 64' lang='lat' dir='ltr'>malum</span> <span class='ocrx_word' id='word_1_542' title='bbox 3170 1308 3219 1353; x_wconf 85' lang='lat' dir='ltr'>et</span> <span class='ocrx_word' id='word_1_543' title='bbox 3251 1304 3455 1355; x_wconf 83' lang='lat' dir='ltr'>terram</span> <span class='ocrx_word' id='word_1_544' title='bbox 3483 1321 3495 1369; x_wconf 89' lang='lat'><strong>;</strong></span> <span class='ocrx_word' id='word_1_545' title='bbox 3530 1308 3585 1358; x_wconf 89' lang='lat' dir='ltr'>et</span> <span class='ocrx_word' id='word_1_546' title='bbox 3616 1311 3852 1374; x_wconf 77' lang='lat' dir='ltr'>poterat</span> 
     </span>
    </p>
   </div>
   <div class='ocr_carea' id='block_1_74' title="bbox 2191 1379 3848 1460">
    <p class='ocr_par' dir='ltr' id='par_1_74' title="bbox 2191 1379 3848 1460">
     <span class='ocr_line' id='line_1_74' title="bbox 2191 1379 3848 1460; baseline 0.01 -28"><span class='ocrx_word' id='word_1_547' title='bbox 2191 1394 2295 1450; x_wconf 92' lang='lat' dir='ltr'>per</span> <span class='ocrx_word' id='word_1_548' title='bbox 2324 1379 2619 1434; x_wconf 63' lang='lat' dir='ltr'>caelestem</span> <span class='ocrx_word' id='word_1_549' title='bbox 2647 1387 2965 1437; x_wconf 87' lang='lat' dir='ltr'>creaturam</span> <span class='ocrx_word' id='word_1_550' title='bbox 3000 1403 3107 1439; x_wconf 85' lang='lat' dir='ltr'>vox</span> <span class='ocrx_word' id='word_1_551' title='bbox 3149 1388 3269 1441; x_wconf 82' lang='lat' dir='ltr'>ﬁeri</span> <span class='ocrx_word' id='word_1_552' title='bbox 3322 1392 3720 1460; x_wconf 84' lang='lat' dir='ltr'>temporalitcr</span> <span class='ocrx_word' id='word_1_553' title='bbox 3753 1400 3848 1447; x_wconf 56' lang='lat' dir='ltr'>at-</span> 
     </span>
    </p>
   </div>
   <div class='ocr_carea' id='block_1_75' title="bbox 2192 1466 3850 1546">
    <p class='ocr_par' dir='ltr' id='par_1_75' title="bbox 2192 1466 3850 1546">
     <span class='ocr_line' id='line_1_75' title="bbox 2192 1466 3850 1546; baseline 0.01 -25"><span class='ocrx_word' id='word_1_554' title='bbox 2192 1484 2305 1538; x_wconf 91' lang='lat' dir='ltr'>que</span> <span class='ocrx_word' id='word_1_555' title='bbox 2336 1468 2719 1536; x_wconf 88' lang='lat' dir='ltr'>mutabiliter,</span> <span class='ocrx_word' id='word_1_556' title='bbox 2775 1488 2889 1542; x_wconf 89' lang='lat' dir='ltr'>qua</span> <span class='ocrx_word' id='word_1_557' title='bbox 2912 1474 3223 1542; x_wconf 82' lang='lat' dir='ltr'>diceretur,</span> <span class='ocrx_word' id='word_1_558' title='bbox 3260 1479 3379 1532; x_wconf 87' lang='lat' dir='ltr'>Fiat</span> <span class='ocrx_word' id='word_1_559' title='bbox 3413 1466 3760 1546; x_wconf 44' lang='lat' dir='ltr'>tuwauod</span> <span class='ocrx_word' id='word_1_560' title='bbox 3793 1484 3850 1537; x_wconf 88' lang='lat' dir='ltr'>si</span> 
     </span>
    </p>
   </div>
   <div class='ocr_carea' id='block_1_76' title="bbox 2192 1556 3849 1641">
    <p class='ocr_par' dir='ltr' id='par_1_76' title="bbox 2192 1556 3849 1641">
     <span class='ocr_line' id='line_1_76' title="bbox 2192 1556 3849 1641; baseline 0.011 -32"><span class='ocrx_word' id='word_1_561' title='bbox 2192 1556 2270 1610; x_wconf 88' lang='lat' dir='ltr'>ita</span> <span class='ocrx_word' id='word_1_562' title='bbox 2300 1561 2408 1620; x_wconf 84' lang='lat' dir='ltr'>est,</span> <span class='ocrx_word' id='word_1_563' title='bbox 2433 1558 2751 1628; x_wconf 90' lang='lat' dir='ltr'>corporalis</span> <span class='ocrx_word' id='word_1_564' title='bbox 2772 1558 2870 1613; x_wconf 86' lang='lat' dir='ltr'>lux</span> <span class='ocrx_word' id='word_1_565' title='bbox 2902 1563 3049 1617; x_wconf 78' lang='lat' dir='ltr'>facta</span> <span class='ocrx_word' id='word_1_566' title='bbox 3078 1570 3163 1619; x_wconf 88' lang='lat' dir='ltr'>est</span> <span class='ocrx_word' id='word_1_567' title='bbox 3186 1566 3319 1633; x_wconf 90' lang='lat' dir='ltr'>ista,</span> <span class='ocrx_word' id='word_1_568' title='bbox 3347 1585 3521 1638; x_wconf 90' lang='lat' dir='ltr'>quam</span> <span class='ocrx_word' id='word_1_569' title='bbox 3549 1572 3849 1641; x_wconf 90' lang='lat' dir='ltr'>corporeis</span> 
     </span>
    </p>
   </div>
   <div class='ocr_carea' id='block_1_77' title="bbox 2192 1643 3846 1731">
    <p class='ocr_par' dir='ltr' id='par_1_77' title="bbox 2192 1643 3846 1731">
     <span class='ocr_line' id='line_1_77' title="bbox 2192 1643 3846 1731; baseline 0.009 -32"><span class='ocrx_word' id='word_1_570' title='bbox 2192 1643 2377 1700; x_wconf 90' lang='lat' dir='ltr'>oculis</span> <span class='ocrx_word' id='word_1_571' title='bbox 2410 1646 2729 1715; x_wconf 89' lang='lat' dir='ltr'>cernimus,</span> <span class='ocrx_word' id='word_1_572' title='bbox 2765 1648 2990 1704; x_wconf 74' lang='lat' dir='ltr'>dicente</span> <span class='ocrx_word' id='word_1_573' title='bbox 3024 1654 3137 1707; x_wconf 91' lang='lat' dir='ltr'>Deo</span> <span class='ocrx_word' id='word_1_574' title='bbox 3172 1672 3271 1724; x_wconf 91' lang='lat' dir='ltr'>per</span> <span class='ocrx_word' id='word_1_575' title='bbox 3305 1663 3632 1713; x_wconf 87' lang='lat' dir='ltr'>creaturam</span> <span class='ocrx_word' id='word_1_576' title='bbox 3667 1662 3846 1731; x_wconf 89' lang='lat' dir='ltr'>spiri-</span> 
     </span>
    </p>
   </div>
   <div class='ocr_carea' id='block_1_78' title="bbox 2192 1733 3847 1819">
    <p class='ocr_par' dir='ltr' id='par_1_78' title="bbox 2192 1733 3847 1819">
     <span class='ocr_line' id='line_1_78' title="bbox 2192 1733 3847 1819; baseline 0.01 -31"><span class='ocrx_word' id='word_1_577' title='bbox 2192 1733 2433 1801; x_wconf 87' lang='lat' dir='ltr'>tualem,</span> <span class='ocrx_word' id='word_1_578' title='bbox 2470 1751 2646 1805; x_wconf 86' lang='lat' dir='ltr'>quam</span> <span class='ocrx_word' id='word_1_579' title='bbox 2686 1737 2834 1793; x_wconf 90' lang='lat' dir='ltr'>Deus</span> <span class='ocrx_word' id='word_1_580' title='bbox 2858 1740 2981 1807; x_wconf 78' lang='lat' dir='ltr'>jam</span> <span class='ocrx_word' id='word_1_581' title='bbox 3020 1742 3249 1810; x_wconf 79' lang='lat' dir='ltr'>fecerat,</span> <span class='ocrx_word' id='word_1_582' title='bbox 3285 1762 3417 1799; x_wconf 89' lang='lat' dir='ltr'>cum</span> <span class='ocrx_word' id='word_1_583' title='bbox 3465 1748 3521 1800; x_wconf 90' lang='lat' dir='ltr'>in</span> <span class='ocrx_word' id='word_1_584' title='bbox 3556 1748 3847 1819; x_wconf 89' lang='lat' dir='ltr'>principio</span> 
     </span>
    </p>
   </div>
   <div class='ocr_carea' id='block_1_79' title="bbox 2193 1823 3845 1899">
    <p class='ocr_par' dir='ltr' id='par_1_79' title="bbox 2193 1823 3845 1899">
     <span class='ocr_line' id='line_1_79' title="bbox 2193 1823 3845 1899; baseline 0.012 -24"><span class='ocrx_word' id='word_1_585' title='bbox 2193 1823 2330 1877; x_wconf 87' lang='lat' dir='ltr'>fecit</span> <span class='ocrx_word' id='word_1_586' title='bbox 2377 1823 2531 1878; x_wconf 91' lang='lat' dir='ltr'>Deus</span> <span class='ocrx_word' id='word_1_587' title='bbox 2584 1824 2794 1880; x_wconf 74' lang='lat' dir='ltr'>cazlum</span> <span class='ocrx_word' id='word_1_588' title='bbox 2844 1834 2899 1881; x_wconf 91' lang='lat' dir='ltr'>et</span> <span class='ocrx_word' id='word_1_589' title='bbox 2945 1835 3181 1899; x_wconf 82' lang='lat' dir='ltr'>terram,</span> <span class='ocrx_word' id='word_1_590' title='bbox 3234 1836 3353 1888; x_wconf 81' lang='lat' dir='ltr'>Fiat</span> <span class='ocrx_word' id='word_1_591' title='bbox 3384 1839 3517 1898; x_wconf 76' lang='lat' dir='ltr'>(ur;</span> <span class='ocrx_word' id='word_1_592' title='bbox 3548 1854 3613 1891; x_wconf 92' lang='lat' dir='ltr'>eo</span> <span class='ocrx_word' id='word_1_593' title='bbox 3665 1840 3845 1894; x_wconf 90' lang='lat' dir='ltr'>modo</span> 
     </span>
    </p>
   </div>
   <div class='ocr_carea' id='block_1_80' title="bbox 2193 1912 3843 1983">
    <p class='ocr_par' dir='ltr' id='par_1_80' title="bbox 2193 1912 3843 1983">
     <span class='ocr_line' id='line_1_80' title="bbox 2193 1912 3843 1983; baseline 0.011 -19"><span class='ocrx_word' id='word_1_594' title='bbox 2193 1928 2309 1983; x_wconf 90' lang='lat' dir='ltr'>quo</span> <span class='ocrx_word' id='word_1_595' title='bbox 2340 1929 2443 1983; x_wconf 91' lang='lat' dir='ltr'>per</span> <span class='ocrx_word' id='word_1_596' title='bbox 2462 1912 2596 1967; x_wconf 88' lang='lat' dir='ltr'>talis</span> <span class='ocrx_word' id='word_1_597' title='bbox 2627 1919 2900 1969; x_wconf 69' lang='lat' dir='ltr'>creaturm</span> <span class='ocrx_word' id='word_1_598' title='bbox 2940 1919 3268 1975; x_wconf 82' lang='lat' dir='ltr'>interiorem</span> <span class='ocrx_word' id='word_1_599' title='bbox 3303 1934 3353 1977; x_wconf 89' lang='lat' dir='ltr'>et</span> <span class='ocrx_word' id='word_1_600' title='bbox 3386 1925 3678 1980; x_wconf 85' lang='lat' dir='ltr'>occultum</span> <span class='ocrx_word' id='word_1_601' title='bbox 3713 1943 3843 1982; x_wconf 89' lang='lat' dir='ltr'>mo-</span> 
     </span>
    </p>
   </div>
   <div class='ocr_carea' id='block_1_81' title="bbox 2193 2001 3323 2075">
    <p class='ocr_par' dir='ltr' id='par_1_81' title="bbox 2193 2001 3323 2075">
     <span class='ocr_line' id='line_1_81' title="bbox 2193 2001 3323 2075; baseline 0.012 -22"><span class='ocrx_word' id='word_1_602' title='bbox 2193 2005 2320 2055; x_wconf 89' lang='lat' dir='ltr'>tum</span> <span class='ocrx_word' id='word_1_603' title='bbox 2353 2001 2634 2057; x_wconf 90' lang='lat' dir='ltr'>divinitus</span> <span class='ocrx_word' id='word_1_604' title='bbox 2667 2003 2779 2058; x_wconf 90' lang='lat' dir='ltr'>dici</span> <span class='ocrx_word' id='word_1_605' title='bbox 2812 2007 3020 2075; x_wconf 89' lang='lat' dir='ltr'>potuit,</span> <span class='ocrx_word' id='word_1_606' title='bbox 3056 2012 3175 2064; x_wconf 85' lang='lat' dir='ltr'>Fiat</span> <span class='ocrx_word' id='word_1_607' title='bbox 3208 2013 3323 2067; x_wconf 64' lang='lat' dir='ltr'>lum.</span> 
     </span>
    </p>
   </div>
   <div class='ocr_carea' id='block_1_82' title="bbox 2264 2090 3844 2177">
    <p class='ocr_par' dir='ltr' id='par_1_82' title="bbox 2264 2090 3844 2177">
     <span class='ocr_line' id='line_1_82' title="bbox 2264 2090 3844 2177; baseline 0.012 -35"><span class='ocrx_word' id='word_1_608' title='bbox 2264 2090 2319 2142; x_wconf 88' lang='lat'>5.</span> <span class='ocrx_word' id='word_1_609' title='bbox 2352 2092 2439 2143; x_wconf 87' lang='lat' dir='ltr'>An</span> <span class='ocrx_word' id='word_1_610' title='bbox 2468 2090 2641 2145; x_wconf 90' lang='lat' dir='ltr'>etiam</span> <span class='ocrx_word' id='word_1_611' title='bbox 2674 2094 3054 2164; x_wconf 89' lang='lat' dir='ltr'>corporaliter</span> <span class='ocrx_word' id='word_1_612' title='bbox 3083 2102 3280 2154; x_wconf 90' lang='lat' dir='ltr'>sonuit</span> <span class='ocrx_word' id='word_1_613' title='bbox 3313 2121 3416 2157; x_wconf 84' lang='lat' dir='ltr'>vox</span> <span class='ocrx_word' id='word_1_614' title='bbox 3449 2106 3695 2163; x_wconf 88' lang='lat' dir='ltr'>dicentis</span> <span class='ocrx_word' id='word_1_615' title='bbox 3718 2107 3844 2177; x_wconf 86' lang='lat' dir='ltr'>Dei,</span> 
     </span>
    </p>
   </div>
   <div class='ocr_carea' id='block_1_83' title="bbox 2194 2178 3848 2263">
    <p class='ocr_par' dir='ltr' id='par_1_83' title="bbox 2194 2178 3848 2263">
     <span class='ocr_line' id='line_1_83' title="bbox 2194 2178 3848 2263; baseline 0.012 -32"><span class='ocrx_word' id='word_1_616' title='bbox 2194 2178 2315 2233; x_wconf 84' lang='lat' dir='ltr'>Fiat</span> <span class='ocrx_word' id='word_1_617' title='bbox 2346 2179 2446 2233; x_wconf 72' lang='lat' dir='ltr'>tua:</span> <span class='ocrx_word' id='word_1_618' title='bbox 2464 2196 2483 2240; x_wconf 87' lang='lat'><strong><em>;</em></strong></span> <span class='ocrx_word' id='word_1_619' title='bbox 2515 2179 2670 2235; x_wconf 88' lang='lat' dir='ltr'>sicut</span> <span class='ocrx_word' id='word_1_620' title='bbox 2702 2185 3085 2254; x_wconf 86' lang='lat' dir='ltr'>corporaliter</span> <span class='ocrx_word' id='word_1_621' title='bbox 3106 2192 3302 2244; x_wconf 87' lang='lat' dir='ltr'>sonuit</span> <span class='ocrx_word' id='word_1_622' title='bbox 3327 2210 3431 2246; x_wconf 84' lang='lat' dir='ltr'>vox</span> <span class='ocrx_word' id='word_1_623' title='bbox 3453 2194 3699 2252; x_wconf 89' lang='lat' dir='ltr'>dicentis</span> <span class='ocrx_word' id='word_1_624' title='bbox 3726 2196 3848 2263; x_wconf 88' lang='lat' dir='ltr'>Dei,</span> 
     </span>
    </p>
   </div>
   <div class='ocr_carea' id='block_1_84' title="bbox 2199 2268 3852 2358">
    <p class='ocr_par' dir='ltr' id='par_1_84' title="bbox 2199 2268 3852 2358">
     <span class='ocr_line' id='line_1_84' title="bbox 2199 2268 3852 2358; baseline 0.013 -38"><span class='ocrx_word' id='word_1_625' title='bbox 2199 2268 2273 2321; x_wconf 89' lang='lat' dir='ltr'>Tu</span> <span class='ocrx_word' id='word_1_626' title='bbox 2302 2284 2357 2322; x_wconf 85' lang='lat' dir='ltr'>es</span> <span class='ocrx_word' id='word_1_627' title='bbox 2389 2269 2562 2323; x_wconf 87' lang='lat' dir='ltr'>Filius</span> <span class='ocrx_word' id='word_1_628' title='bbox 2592 2286 2741 2325; x_wconf 87' lang='lat' dir='ltr'>meus</span> <span class='ocrx_word' id='word_1_629' title='bbox 2771 2272 2999 2329; x_wconf 75' lang='lat' dir='ltr'>dilectus</span> <span class='ocrx_word' id='word_1_630' title='bbox 3029 2278 3246 2341; x_wconf 81' lang='lat' dir='ltr'>(Matth.</span> <span class='ocrx_word' id='word_1_631' title='bbox 3271 2298 3353 2345; x_wconf 78' lang='grc' dir='ltr'>ιιι,</span> <span class='ocrx_word' id='word_1_632' title='bbox 3387 2284 3466 2351; x_wconf 87' lang='lat' dir='ltr'>l7)</span> <span class='ocrx_word' id='word_1_633' title='bbox 3490 2302 3501 2338; x_wconf 92' lang='lat'>:</span> <span class='ocrx_word' id='word_1_634' title='bbox 3528 2290 3583 2339; x_wconf 92' lang='lat' dir='ltr'>et</span> <span class='ocrx_word' id='word_1_635' title='bbox 3612 2286 3719 2340; x_wconf 88' lang='lat' dir='ltr'>hoc</span> <span class='ocrx_word' id='word_1_636' title='bbox 3744 2304 3852 2358; x_wconf 88' lang='lat' dir='ltr'>per</span> 
     </span>
    </p>
   </div>
   <div class='ocr_carea' id='block_1_85' title="bbox 2193 2359 3843 2439">
    <p class='ocr_par' dir='ltr' id='par_1_85' title="bbox 2193 2359 3843 2439">
     <span class='ocr_line' id='line_1_85' title="bbox 2193 2359 3843 2439; baseline 0.014 -32"><span class='ocrx_word' id='word_1_637' title='bbox 2193 2359 2519 2410; x_wconf 88' lang='lat' dir='ltr'>creaturam</span> <span class='ocrx_word' id='word_1_638' title='bbox 2552 2360 2940 2429; x_wconf 87' lang='lat' dir='ltr'>corporalem,</span> <span class='ocrx_word' id='word_1_639' title='bbox 2962 2380 3137 2434; x_wconf 88' lang='lat' dir='ltr'>quam</span> <span class='ocrx_word' id='word_1_640' title='bbox 3174 2369 3379 2423; x_wconf 87' lang='lat' dir='ltr'>fecerat</span> <span class='ocrx_word' id='word_1_641' title='bbox 3412 2372 3586 2439; x_wconf 90' lang='lat' dir='ltr'>Deus,</span> <span class='ocrx_word' id='word_1_642' title='bbox 3613 2391 3744 2428; x_wconf 90' lang='lat' dir='ltr'>cum</span> <span class='ocrx_word' id='word_1_643' title='bbox 3786 2376 3843 2429; x_wconf 90' lang='lat' dir='ltr'>in</span> 
     </span>
    </p>
   </div>
   <div class='ocr_carea' id='block_1_86' title="bbox 2195 2443 3841 2531">
    <p class='ocr_par' dir='ltr' id='par_1_86' title="bbox 2195 2443 3841 2531">
     <span class='ocr_line' id='line_1_86' title="bbox 2195 2443 3841 2531; baseline 0.014 -35"><span class='ocrx_word' id='word_1_644' title='bbox 2195 2443 2480 2531; x_wconf 83' lang='lat' dir='ltr'>principio</span> <span class='ocrx_word' id='word_1_645' title='bbox 2515 2446 2645 2501; x_wconf 90' lang='lat' dir='ltr'>feeit</span> <span class='ocrx_word' id='word_1_646' title='bbox 2689 2448 2899 2504; x_wconf 68' lang='lat' dir='ltr'>caelum</span> <span class='ocrx_word' id='word_1_647' title='bbox 2950 2458 3005 2504; x_wconf 88' lang='lat' dir='ltr'>et</span> <span class='ocrx_word' id='word_1_648' title='bbox 3056 2458 3292 2526; x_wconf 82' lang='lat' dir='ltr'>terram,</span> <span class='ocrx_word' id='word_1_649' title='bbox 3327 2465 3640 2531; x_wconf 85' lang='lat' dir='ltr'>antequam</span> <span class='ocrx_word' id='word_1_650' title='bbox 3676 2464 3841 2518; x_wconf 82' lang='lat' dir='ltr'>ﬁeret</span> 
     </span>
    </p>
   </div>
   <div class='ocr_carea' id='block_1_87' title="bbox 2192 2530 3835 2621">
    <p class='ocr_par' dir='ltr' id='par_1_87' title="bbox 2192 2530 3835 2621">
     <span class='ocr_line' id='line_1_87' title="bbox 2192 2530 3835 2621; baseline 0.015 -38"><span class='ocrx_word' id='word_1_651' title='bbox 2192 2530 2441 2602; x_wconf 77' lang='lat' dir='ltr'>lux,quaa</span> <span class='ocrx_word' id='word_1_652' title='bbox 2474 2534 2530 2587; x_wconf 92' lang='lat' dir='ltr'>in</span> <span class='ocrx_word' id='word_1_653' title='bbox 2556 2535 2663 2589; x_wconf 89' lang='lat' dir='ltr'>hac</span> <span class='ocrx_word' id='word_1_654' title='bbox 2696 2544 2940 2594; x_wconf 88' lang='lat' dir='ltr'>sonante</span> <span class='ocrx_word' id='word_1_655' title='bbox 2956 2558 3090 2596; x_wconf 89' lang='lat' dir='ltr'>voce</span> <span class='ocrx_word' id='word_1_656' title='bbox 3115 2544 3266 2598; x_wconf 84' lang='lat' dir='ltr'>facta</span> <span class='ocrx_word' id='word_1_657' title='bbox 3287 2547 3412 2601; x_wconf 83' lang='lat' dir='ltr'>est?</span> <span class='ocrx_word' id='word_1_658' title='bbox 3434 2530 3501 2603; x_wconf 85' lang='lat' dir='ltr'>Et</span> <span class='ocrx_word' id='word_1_659' title='bbox 3532 2550 3578 2603; x_wconf 91' lang='lat' dir='ltr'>si</span> <span class='ocrx_word' id='word_1_660' title='bbox 3612 2552 3691 2605; x_wconf 88' lang='lat' dir='ltr'>ita</span> <span class='ocrx_word' id='word_1_661' title='bbox 3721 2556 3835 2621; x_wconf 91' lang='lat' dir='ltr'>est,</span> 
     </span>
    </p>
   </div>
   <div class='ocr_carea' id='block_1_88' title="bbox 2191 2621 3841 2707">
    <p class='ocr_par' dir='ltr' id='par_1_88' title="bbox 2191 2621 3841 2707">
     <span class='ocr_line' id='line_1_88' title="bbox 2191 2621 3841 2707; baseline 0.014 -34"><span class='ocrx_word' id='word_1_662' title='bbox 2191 2637 2307 2691; x_wconf 91' lang='lat' dir='ltr'>qua</span> <span class='ocrx_word' id='word_1_663' title='bbox 2337 2621 2535 2692; x_wconf 83' lang='lat' dir='ltr'>lingua</span> <span class='ocrx_word' id='word_1_664' title='bbox 2567 2626 2764 2681; x_wconf 89' lang='lat' dir='ltr'>sonuit</span> <span class='ocrx_word' id='word_1_665' title='bbox 2794 2627 2901 2682; x_wconf 86' lang='lat' dir='ltr'>ista</span> <span class='ocrx_word' id='word_1_666' title='bbox 2938 2648 3064 2697; x_wconf 79' lang='lat' dir='ltr'>vox,</span> <span class='ocrx_word' id='word_1_667' title='bbox 3099 2633 3325 2689; x_wconf 88' lang='lat' dir='ltr'>dicente</span> <span class='ocrx_word' id='word_1_668' title='bbox 3353 2637 3489 2703; x_wconf 88' lang='lat' dir='ltr'>Deo,</span> <span class='ocrx_word' id='word_1_669' title='bbox 3532 2640 3649 2694; x_wconf 87' lang='lat' dir='ltr'>Fiat</span> <span class='ocrx_word' id='word_1_670' title='bbox 3686 2639 3789 2694; x_wconf 74' lang='lat' dir='ltr'>tua:</span> <span class='ocrx_word' id='word_1_671' title='bbox 3821 2662 3841 2707; x_wconf 90' lang='lat'><strong><em>;</em></strong></span> 
     </span>
    </p>
   </div>
   <div class='ocr_carea' id='block_1_89' title="bbox 2190 2710 3843 2798">
    <p class='ocr_par' dir='ltr' id='par_1_89' title="bbox 2190 2710 3843 2798">
     <span class='ocr_line' id='line_1_89' title="bbox 2190 2710 3843 2798; baseline 0.013 -36"><span class='ocrx_word' id='word_1_672' title='bbox 2190 2710 2327 2779; x_wconf 91' lang='lat' dir='ltr'>quia</span> <span class='ocrx_word' id='word_1_673' title='bbox 2358 2713 2618 2767; x_wconf 91' lang='lat' dir='ltr'>nondum</span> <span class='ocrx_word' id='word_1_674' title='bbox 2654 2719 2778 2768; x_wconf 84' lang='lat' dir='ltr'>erat</span> <span class='ocrx_word' id='word_1_675' title='bbox 2809 2715 3148 2787; x_wconf 83' lang='lat' dir='ltr'>linguarum</span> <span class='ocrx_word' id='word_1_676' title='bbox 3180 2721 3505 2789; x_wconf 81' lang='lat' dir='ltr'>diversitas,</span> <span class='ocrx_word' id='word_1_677' title='bbox 3546 2744 3671 2797; x_wconf 68' lang='lat' dir='ltr'>qum</span> <span class='ocrx_word' id='word_1_678' title='bbox 3711 2746 3843 2798; x_wconf 92' lang='lat' dir='ltr'>pos-</span> 
     </span>
    </p>
   </div>
   <div class='ocr_carea' id='block_1_90' title="bbox 2188 2800 3833 2883">
    <p class='ocr_par' dir='ltr' id='par_1_90' title="bbox 2188 2800 3833 2883">
     <span class='ocr_line' id='line_1_90' title="bbox 2188 2800 3833 2883; baseline 0.012 -31"><span class='ocrx_word' id='word_1_679' title='bbox 2188 2803 2282 2853; x_wconf 91' lang='lat' dir='ltr'>tea</span> <span class='ocrx_word' id='word_1_680' title='bbox 2316 2800 2465 2854; x_wconf 84' lang='lat' dir='ltr'>facta</span> <span class='ocrx_word' id='word_1_681' title='bbox 2496 2804 2583 2855; x_wconf 88' lang='lat' dir='ltr'>est</span> <span class='ocrx_word' id='word_1_682' title='bbox 2628 2802 2683 2855; x_wconf 92' lang='lat' dir='ltr'>in</span> <span class='ocrx_word' id='word_1_683' title='bbox 2738 2803 3119 2863; x_wconf 65' lang='lat' dir='ltr'>aediﬁcatione</span> <span class='ocrx_word' id='word_1_684' title='bbox 3152 2812 3331 2864; x_wconf 90' lang='lat' dir='ltr'>turris</span> <span class='ocrx_word' id='word_1_685' title='bbox 3384 2820 3514 2883; x_wconf 87' lang='lat' dir='ltr'>post</span> <span class='ocrx_word' id='word_1_686' title='bbox 3545 2816 3833 2871; x_wconf 86' lang='lat' dir='ltr'>diluvium</span> 
     </span>
    </p>
   </div>
   <div class='ocr_carea' id='block_1_91' title="bbox 2186 2886 3839 2975">
    <p class='ocr_par' dir='ltr' id='par_1_91' title="bbox 2186 2886 3839 2975">
     <span class='ocr_line' id='line_1_91' title="bbox 2186 2886 3839 2975; baseline 0.013 -35"><span class='ocrx_word' id='word_1_687' title='bbox 2186 2886 2343 2958; x_wconf 84' lang='lat' dir='ltr'>(Gen.</span> <span class='ocrx_word' id='word_1_688' title='bbox 2376 2906 2455 2953; x_wconf 85' lang='lat' dir='ltr'>x1,</span> <span class='ocrx_word' id='word_1_689' title='bbox 2485 2890 2580 2958; x_wconf 78' lang='lat'>7)?</span> <span class='ocrx_word' id='word_1_690' title='bbox 2609 2890 2881 2953; x_wconf 66' lang='lat' dir='ltr'>Quaenam</span> <span class='ocrx_word' id='word_1_691' title='bbox 2930 2894 3090 2967; x_wconf 89' lang='lat' dir='ltr'>ligua</span> <span class='ocrx_word' id='word_1_692' title='bbox 3137 2906 3259 2953; x_wconf 90' lang='lat' dir='ltr'>erat</span> <span class='ocrx_word' id='word_1_693' title='bbox 3293 2917 3406 2954; x_wconf 88' lang='lat' dir='ltr'>una</span> <span class='ocrx_word' id='word_1_694' title='bbox 3455 2910 3507 2957; x_wconf 85' lang='lat' dir='ltr'>et</span> <span class='ocrx_word' id='word_1_695' title='bbox 3541 2904 3684 2973; x_wconf 82' lang='lat' dir='ltr'>sola,</span> <span class='ocrx_word' id='word_1_696' title='bbox 3719 2924 3839 2975; x_wconf 88' lang='lat' dir='ltr'>qua</span> 
     </span>
    </p>
   </div>
   <div class='ocr_carea' id='block_1_92' title="bbox 2201 2976 3841 3065">
    <p class='ocr_par' dir='ltr' id='par_1_92' title="bbox 2201 2976 3841 3065">
     <span class='ocr_line' id='line_1_92' title="bbox 2201 2976 3841 3065; baseline 0.013 -36"><span class='ocrx_word' id='word_1_697' title='bbox 2201 2976 2355 3031; x_wconf 89' lang='lat' dir='ltr'>Deus</span> <span class='ocrx_word' id='word_1_698' title='bbox 2388 2977 2617 3034; x_wconf 90' lang='lat' dir='ltr'>locutus</span> <span class='ocrx_word' id='word_1_699' title='bbox 2649 2982 2884 3047; x_wconf 84' lang='lat' dir='ltr'>est,Fiat</span> <span class='ocrx_word' id='word_1_700' title='bbox 2916 2984 3047 3038; x_wconf 76' lang='lat' dir='ltr'>lux?</span> <span class='ocrx_word' id='word_1_701' title='bbox 3067 2991 3123 3039; x_wconf 88' lang='lat' dir='ltr'>et</span> <span class='ocrx_word' id='word_1_702' title='bbox 3154 2989 3286 3057; x_wconf 89' lang='lat' dir='ltr'>quis</span> <span class='ocrx_word' id='word_1_703' title='bbox 3319 2996 3441 3044; x_wconf 89' lang='lat' dir='ltr'>erat</span> <span class='ocrx_word' id='word_1_704' title='bbox 3473 3010 3642 3062; x_wconf 84' lang='lat' dir='ltr'>quem</span> <span class='ocrx_word' id='word_1_705' title='bbox 3670 3010 3841 3065; x_wconf 85' lang='lat' dir='ltr'>opor-</span> 
     </span>
    </p>
   </div>
   <div class='ocr_carea' id='block_1_93' title="bbox 2190 3066 3835 3151">
    <p class='ocr_par' dir='ltr' id='par_1_93' title="bbox 2190 3066 3835 3151">
     <span class='ocr_line' id='line_1_93' title="bbox 2190 3066 3835 3151; baseline 0.012 -33"><span class='ocrx_word' id='word_1_706' title='bbox 2190 3067 2347 3121; x_wconf 86' lang='lat' dir='ltr'>tebat</span> <span class='ocrx_word' id='word_1_707' title='bbox 2370 3066 2589 3133; x_wconf 88' lang='lat' dir='ltr'>audire,</span> <span class='ocrx_word' id='word_1_708' title='bbox 2617 3073 2790 3140; x_wconf 89' lang='lat' dir='ltr'>atque</span> <span class='ocrx_word' id='word_1_709' title='bbox 2820 3070 3164 3144; x_wconf 80' lang='lat' dir='ltr'>intelligere,</span> <span class='ocrx_word' id='word_1_710' title='bbox 3190 3078 3259 3130; x_wconf 86' lang='lat' dir='ltr'>ad</span> <span class='ocrx_word' id='word_1_711' title='bbox 3285 3096 3455 3148; x_wconf 91' lang='lat' dir='ltr'>quem</span> <span class='ocrx_word' id='word_1_712' title='bbox 3482 3099 3587 3135; x_wconf 79' lang='lat' dir='ltr'>vox</span> <span class='ocrx_word' id='word_1_713' title='bbox 3619 3083 3835 3151; x_wconf 81' lang='lat' dir='ltr'>hujus-</span> 
     </span>
    </p>
   </div>
   <div class='ocr_carea' id='block_1_94' title="bbox 2188 3155 3839 3242">
    <p class='ocr_par' dir='ltr' id='par_1_94' title="bbox 2188 3155 3839 3242">
     <span class='ocr_line' id='line_1_94' title="bbox 2188 3155 3839 3242; baseline 0.011 -33"><span class='ocrx_word' id='word_1_714' title='bbox 2188 3155 2344 3210; x_wconf 90' lang='lat' dir='ltr'>modi</span> <span class='ocrx_word' id='word_1_715' title='bbox 2368 3156 2865 3227; x_wconf 73' lang='lat' dir='ltr'>proferretur‘tAn</span> <span class='ocrx_word' id='word_1_716' title='bbox 2898 3159 3019 3217; x_wconf 71' lang='lat' dir='ltr'>haec</span> <span class='ocrx_word' id='word_1_717' title='bbox 3051 3166 3307 3221; x_wconf 80' lang='lat' dir='ltr'>absurda</span> <span class='ocrx_word' id='word_1_718' title='bbox 3337 3170 3707 3242; x_wconf 80' lang='lat' dir='ltr'>carnalisque</span> <span class='ocrx_word' id='word_1_719' title='bbox 3740 3190 3839 3228; x_wconf 87' lang='lat' dir='ltr'>co-</span> 
     </span>
    </p>
   </div>
   <div class='ocr_carea' id='block_1_95' title="bbox 2186 3244 3043 3319">
    <p class='ocr_par' dir='ltr' id='par_1_95' title="bbox 2186 3244 3043 3319">
     <span class='ocr_line' id='line_1_95' title="bbox 2186 3244 3043 3319; baseline 0.009 -22"><span class='ocrx_word' id='word_1_720' title='bbox 2186 3244 2389 3314; x_wconf 89' lang='lat' dir='ltr'>gitatio</span> <span class='ocrx_word' id='word_1_721' title='bbox 2418 3251 2505 3300; x_wconf 91' lang='lat' dir='ltr'>est</span> <span class='ocrx_word' id='word_1_722' title='bbox 2535 3251 2706 3315; x_wconf 88' lang='lat' dir='ltr'>atque</span> <span class='ocrx_word' id='word_1_723' title='bbox 2737 3248 2993 3319; x_wconf 90' lang='lat' dir='ltr'>suspicio</span> <span class='ocrx_word' id='word_1_724' title='bbox 3015 3251 3043 3305; x_wconf 79' lang='lat' dir='ltr'>‘t</span> 
     </span>
    </p>
   </div>
   <div class='ocr_carea' id='block_1_96' title="bbox 2252 3334 3838 3418">
    <p class='ocr_par' dir='ltr' id='par_1_96' title="bbox 2252 3334 3838 3418">
     <span class='ocr_line' id='line_1_96' title="bbox 2252 3334 3838 3418; baseline 0.012 -32"><span class='ocrx_word' id='word_1_725' title='bbox 2252 3334 2305 3387; x_wconf 87' lang='lat'>6.</span> <span class='ocrx_word' id='word_1_726' title='bbox 2341 3334 2486 3397; x_wconf 89' lang='lat' dir='ltr'>Quid</span> <span class='ocrx_word' id='word_1_727' title='bbox 2521 3350 2653 3405; x_wconf 85' lang='lat' dir='ltr'>ergo</span> <span class='ocrx_word' id='word_1_728' title='bbox 2686 3336 3001 3393; x_wconf 83' lang='lat' dir='ltr'>dicemus?</span> <span class='ocrx_word' id='word_1_729' title='bbox 3030 3342 3113 3394; x_wconf 83' lang='lat' dir='ltr'>An</span> <span class='ocrx_word' id='word_1_730' title='bbox 3136 3342 3189 3396; x_wconf 90' lang='lat' dir='ltr'>id</span> <span class='ocrx_word' id='word_1_731' title='bbox 3209 3346 3358 3413; x_wconf 92' lang='lat' dir='ltr'>quod</span> <span class='ocrx_word' id='word_1_732' title='bbox 3392 3346 3749 3418; x_wconf 86' lang='lat' dir='ltr'>intelligitur</span> <span class='ocrx_word' id='word_1_733' title='bbox 3778 3350 3838 3405; x_wconf 90' lang='lat' dir='ltr'>in</span> 
     </span>
    </p>
   </div>
   <div class='ocr_carea' id='block_1_97' title="bbox 2184 3424 3833 3508">
    <p class='ocr_par' dir='ltr' id='par_1_97' title="bbox 2184 3424 3833 3508">
     <span class='ocr_line' id='line_1_97' title="bbox 2184 3424 3833 3508; baseline 0.01 -32"><span class='ocrx_word' id='word_1_734' title='bbox 2184 3439 2328 3477; x_wconf 91' lang='lat' dir='ltr'>sono</span> <span class='ocrx_word' id='word_1_735' title='bbox 2363 3424 2540 3491; x_wconf 87' lang='lat' dir='ltr'>vocis,</span> <span class='ocrx_word' id='word_1_736' title='bbox 2574 3441 2707 3480; x_wconf 91' lang='lat' dir='ltr'>cum</span> <span class='ocrx_word' id='word_1_737' title='bbox 2740 3425 2976 3491; x_wconf 88' lang='lat' dir='ltr'>dicitur,</span> <span class='ocrx_word' id='word_1_738' title='bbox 3008 3430 3128 3483; x_wconf 83' lang='lat' dir='ltr'>Fiat</span> <span class='ocrx_word' id='word_1_739' title='bbox 3160 3432 3278 3489; x_wconf 73' lang='lat' dir='ltr'>tuac.</span> <span class='ocrx_word' id='word_1_740' title='bbox 3332 3450 3442 3487; x_wconf 91' lang='lat' dir='ltr'>non</span> <span class='ocrx_word' id='word_1_741' title='bbox 3478 3440 3672 3489; x_wconf 88' lang='lat' dir='ltr'>autem</span> <span class='ocrx_word' id='word_1_742' title='bbox 3706 3438 3833 3508; x_wconf 88' lang='lat' dir='ltr'>ipse</span> 
     </span>
    </p>
   </div>
   <div class='ocr_carea' id='block_1_98' title="bbox 2184 3514 3836 3591">
    <p class='ocr_par' dir='ltr' id='par_1_98' title="bbox 2184 3514 3836 3591">
     <span class='ocr_line' id='line_1_98' title="bbox 2184 3514 3836 3591; baseline 0.009 -25"><span class='ocrx_word' id='word_1_743' title='bbox 2184 3527 2495 3582; x_wconf 89' lang='lat' dir='ltr'>corporeus</span> <span class='ocrx_word' id='word_1_744' title='bbox 2528 3531 2729 3581; x_wconf 90' lang='lat' dir='ltr'>sonus,</span> <span class='ocrx_word' id='word_1_745' title='bbox 2754 3514 2863 3570; x_wconf 84' lang='lat' dir='ltr'>hoc</span> <span class='ocrx_word' id='word_1_746' title='bbox 2896 3516 3041 3571; x_wconf 90' lang='lat' dir='ltr'>bene</span> <span class='ocrx_word' id='word_1_747' title='bbox 3073 3520 3355 3591; x_wconf 89' lang='lat' dir='ltr'>accipitur</span> <span class='ocrx_word' id='word_1_748' title='bbox 3385 3540 3512 3577; x_wconf 88' lang='lat' dir='ltr'>esse</span> <span class='ocrx_word' id='word_1_749' title='bbox 3546 3541 3647 3578; x_wconf 80' lang='lat' dir='ltr'>vox</span> <span class='ocrx_word' id='word_1_750' title='bbox 3680 3525 3780 3580; x_wconf 89' lang='lat' dir='ltr'>Dei</span> <span class='ocrx_word' id='word_1_751' title='bbox 3808 3527 3836 3581; x_wconf 77' lang='lat' dir='ltr'>‘I</span> 
     </span>
    </p>
   </div>
   <div class='ocr_carea' id='block_1_99' title="bbox 2182 3602 3829 3681">
    <p class='ocr_par' dir='ltr' id='par_1_99' title="bbox 2182 3602 3829 3681">
     <span class='ocr_line' id='line_1_99' title="bbox 2182 3602 3829 3681; baseline 0.009 -28"><span class='ocrx_word' id='word_1_752' title='bbox 2182 3604 2239 3654; x_wconf 91' lang='lat' dir='ltr'>et</span> <span class='ocrx_word' id='word_1_753' title='bbox 2282 3606 2479 3656; x_wconf 87' lang='lat' dir='ltr'>utrum</span> <span class='ocrx_word' id='word_1_754' title='bbox 2531 3602 2639 3657; x_wconf 91' lang='lat' dir='ltr'>hoc</span> <span class='ocrx_word' id='word_1_755' title='bbox 2686 3604 2879 3673; x_wconf 86' lang='lat' dir='ltr'>ipsum</span> <span class='ocrx_word' id='word_1_756' title='bbox 2919 3608 2990 3660; x_wconf 89' lang='lat' dir='ltr'>ad</span> <span class='ocrx_word' id='word_1_757' title='bbox 3027 3612 3300 3663; x_wconf 89' lang='lat' dir='ltr'>naturam</span> <span class='ocrx_word' id='word_1_758' title='bbox 3338 3612 3625 3681; x_wconf 90' lang='lat' dir='ltr'>pertineat</span> <span class='ocrx_word' id='word_1_759' title='bbox 3657 3613 3829 3668; x_wconf 87' lang='lat' dir='ltr'>Verbi</span> 
     </span>
    </p>
   </div>
   <div class='ocr_carea' id='block_1_100' title="bbox 2182 3689 3835 3769">
    <p class='ocr_par' dir='ltr' id='par_1_100' title="bbox 2182 3689 3835 3769">
     <span class='ocr_line' id='line_1_100' title="bbox 2182 3689 3835 3769; baseline 0.01 -28"><span class='ocrx_word' id='word_1_760' title='bbox 2182 3689 2333 3757; x_wconf 89' lang='lat' dir='ltr'>ejus,</span> <span class='ocrx_word' id='word_1_761' title='bbox 2368 3691 2436 3743; x_wconf 90' lang='lat' dir='ltr'>de</span> <span class='ocrx_word' id='word_1_762' title='bbox 2468 3706 2582 3761; x_wconf 94' lang='lat' dir='ltr'>quo</span> <span class='ocrx_word' id='word_1_763' title='bbox 2614 3691 2849 3761; x_wconf 91' lang='lat' dir='ltr'>dicitur,</span> <span class='ocrx_word' id='word_1_764' title='bbox 2909 3694 2963 3745; x_wconf 81' lang='grc' dir='ltr'>1η</span> <span class='ocrx_word' id='word_1_765' title='bbox 3018 3698 3291 3767; x_wconf 78' lang='lat' dir='ltr'>principio</span> <span class='ocrx_word' id='word_1_766' title='bbox 3336 3708 3454 3753; x_wconf 85' lang='lat' dir='ltr'>erat</span> <span class='ocrx_word' id='word_1_767' title='bbox 3506 3702 3751 3769; x_wconf 74' lang='lat' dir='ltr'>Verbum,</span> <span class='ocrx_word' id='word_1_768' title='bbox 3781 3709 3835 3758; x_wconf 86' lang='lat' dir='ltr'>et</span> 
     </span>
    </p>
   </div>
   <div class='ocr_carea' id='block_1_101' title="bbox 2189 3777 3829 3849">
    <p class='ocr_par' dir='ltr' id='par_1_101' title="bbox 2189 3777 3829 3849">
     <span class='ocr_line' id='line_1_101' title="bbox 2189 3777 3829 3849; baseline 0.009 -18"><span class='ocrx_word' id='word_1_769' title='bbox 2189 3777 2415 3831; x_wconf 86' lang='lat' dir='ltr'>Verbum</span> <span class='ocrx_word' id='word_1_770' title='bbox 2446 3782 2561 3832; x_wconf 91' lang='lat' dir='ltr'>erat</span> <span class='ocrx_word' id='word_1_771' title='bbox 2591 3779 2738 3849; x_wconf 84' lang='lat' dir='ltr'>apud</span> <span class='ocrx_word' id='word_1_772' title='bbox 2771 3780 2957 3849; x_wconf 81' lang='lat' dir='ltr'>Deum,</span> <span class='ocrx_word' id='word_1_773' title='bbox 2983 3788 3033 3835; x_wconf 83' lang='lat' dir='ltr'>et</span> <span class='ocrx_word' id='word_1_774' title='bbox 3057 3789 3199 3837; x_wconf 84' lang='lat' dir='ltr'>Deus</span> <span class='ocrx_word' id='word_1_775' title='bbox 3230 3791 3345 3840; x_wconf 85' lang='lat' dir='ltr'>erat</span> <span class='ocrx_word' id='word_1_776' title='bbox 3386 3789 3607 3843; x_wconf 80' lang='lat' dir='ltr'>Verbum</span> <span class='ocrx_word' id='word_1_777' title='bbox 3629 3791 3653 3843; x_wconf 69' lang='lat'>‘3</span> <span class='ocrx_word' id='word_1_778' title='bbox 3685 3793 3829 3845; x_wconf 85' lang='lat' dir='ltr'>Cum</span> 
     </span>
    </p>
   </div>
   <div class='ocr_carea' id='block_1_102' title="bbox 2181 3865 3833 3949">
    <p class='ocr_par' dir='ltr' id='par_1_102' title="bbox 2181 3865 3833 3949">
     <span class='ocr_line' id='line_1_102' title="bbox 2181 3865 3833 3949; baseline 0.008 -29"><span class='ocrx_word' id='word_1_779' title='bbox 2181 3865 2337 3920; x_wconf 91' lang='lat' dir='ltr'>enim</span> <span class='ocrx_word' id='word_1_780' title='bbox 2368 3866 2439 3921; x_wconf 91' lang='lat' dir='ltr'>de</span> <span class='ocrx_word' id='word_1_781' title='bbox 2491 3866 2591 3921; x_wconf 89' lang='lat' dir='ltr'>illo</span> <span class='ocrx_word' id='word_1_782' title='bbox 2646 3868 2879 3935; x_wconf 89' lang='lat' dir='ltr'>dicitur,</span> <span class='ocrx_word' id='word_1_783' title='bbox 2914 3874 3122 3926; x_wconf 82' lang='lat' dir='ltr'>Omnia</span> <span class='ocrx_word' id='word_1_784' title='bbox 3168 3890 3267 3944; x_wconf 83' lang='lat' dir='ltr'>per</span> <span class='ocrx_word' id='word_1_785' title='bbox 3310 3877 3488 3947; x_wconf 85' lang='lat' dir='ltr'>ipsum</span> <span class='ocrx_word' id='word_1_786' title='bbox 3529 3884 3677 3949; x_wconf 80' lang='lat' dir='ltr'>[acta</span> <span class='ocrx_word' id='word_1_787' title='bbox 3704 3885 3833 3933; x_wconf 83' lang='lat' dir='ltr'>sunt</span> 
     </span>
    </p>
   </div>
   <div class='ocr_carea' id='block_1_103' title="bbox 2183 3954 3833 4039">
    <p class='ocr_par' dir='ltr' id='par_1_103' title="bbox 2183 3954 3833 4039">
     <span class='ocr_line' id='line_1_103' title="bbox 2183 3954 3833 4039; baseline 0.008 -30"><span class='ocrx_word' id='word_1_788' title='bbox 2183 3954 2422 4025; x_wconf 75' lang='lat' dir='ltr'>(Joan.1,</span> <span class='ocrx_word' id='word_1_789' title='bbox 2458 3956 2509 4021; x_wconf 91' lang='grc'>1,</span> <span class='ocrx_word' id='word_1_790' title='bbox 2542 3955 2595 4027; x_wconf 92' lang='grc'>3)</span> <span class='ocrx_word' id='word_1_791' title='bbox 2641 3972 2653 4010; x_wconf 88' lang='lat'><strong>:</strong></span> <span class='ocrx_word' id='word_1_792' title='bbox 2706 3957 2845 4012; x_wconf 90' lang='lat' dir='ltr'>satis</span> <span class='ocrx_word' id='word_1_793' title='bbox 2894 3961 3222 4017; x_wconf 88' lang='lat' dir='ltr'>ostenditur</span> <span class='ocrx_word' id='word_1_794' title='bbox 3262 3970 3319 4019; x_wconf 88' lang='lat' dir='ltr'>et</span> <span class='ocrx_word' id='word_1_795' title='bbox 3360 3965 3460 4020; x_wconf 87' lang='lat' dir='ltr'>lux</span> <span class='ocrx_word' id='word_1_796' title='bbox 3502 3983 3603 4038; x_wconf 90' lang='lat' dir='ltr'>per</span> <span class='ocrx_word' id='word_1_797' title='bbox 3633 3968 3833 4039; x_wconf 91' lang='lat' dir='ltr'>ipsum</span> 
     </span>
    </p>
   </div>
   <div class='ocr_carea' id='block_1_104' title="bbox 2186 4044 3837 4120">
    <p class='ocr_par' dir='ltr' id='par_1_104' title="bbox 2186 4044 3837 4120">
     <span class='ocr_line' id='line_1_104' title="bbox 2186 4044 3837 4120; baseline 0.01 -24"><span class='ocrx_word' id='word_1_798' title='bbox 2186 4044 2359 4109; x_wconf 84' lang='lat' dir='ltr'>facta,</span> <span class='ocrx_word' id='word_1_799' title='bbox 2419 4060 2552 4098; x_wconf 89' lang='lat' dir='ltr'>cum</span> <span class='ocrx_word' id='word_1_800' title='bbox 2605 4044 2751 4101; x_wconf 86' lang='lat' dir='ltr'>dixit</span> <span class='ocrx_word' id='word_1_801' title='bbox 2803 4048 2980 4113; x_wconf 76' lang='lat' dir='ltr'>Deus,</span> <span class='ocrx_word' id='word_1_802' title='bbox 3041 4052 3167 4107; x_wconf 82' lang='lat' dir='ltr'>Fiat</span> <span class='ocrx_word' id='word_1_803' title='bbox 3225 4054 3346 4108; x_wconf 70' lang='lat' dir='ltr'>tux.</span> <span class='ocrx_word' id='word_1_804' title='bbox 3423 4054 3582 4118; x_wconf 90' lang='lat' dir='ltr'>Quod</span> <span class='ocrx_word' id='word_1_805' title='bbox 3642 4057 3691 4111; x_wconf 90' lang='lat' dir='ltr'>si</span> <span class='ocrx_word' id='word_1_806' title='bbox 3752 4057 3837 4120; x_wconf 75' lang='lat' dir='ltr'>ita</span> 
     </span>
    </p>
   </div>
   <div class='ocr_carea' id='block_1_105' title="bbox 2182 4136 3828 4213">
    <p class='ocr_par' dir='ltr' id='par_1_105' title="bbox 2182 4136 3828 4213">
     <span class='ocr_line' id='line_1_105' title="bbox 2182 4136 3828 4213; baseline 0.01 -27"><span class='ocrx_word' id='word_1_807' title='bbox 2182 4136 2290 4201; x_wconf 88' lang='lat' dir='ltr'>est,</span> <span class='ocrx_word' id='word_1_808' title='bbox 2347 4138 2629 4188; x_wconf 70' lang='lat' dir='ltr'>aeternum</span> <span class='ocrx_word' id='word_1_809' title='bbox 2690 4140 2781 4191; x_wconf 88' lang='lat' dir='ltr'>est</span> <span class='ocrx_word' id='word_1_810' title='bbox 2858 4140 3013 4208; x_wconf 92' lang='lat' dir='ltr'>quod</span> <span class='ocrx_word' id='word_1_811' title='bbox 3087 4142 3232 4195; x_wconf 90' lang='lat' dir='ltr'>dixit</span> <span class='ocrx_word' id='word_1_812' title='bbox 3282 4144 3453 4213; x_wconf 91' lang='lat' dir='ltr'>Deus,</span> <span class='ocrx_word' id='word_1_813' title='bbox 3506 4147 3626 4201; x_wconf 86' lang='lat' dir='ltr'>Fiat</span> <span class='ocrx_word' id='word_1_814' title='bbox 3690 4147 3828 4207; x_wconf 67' lang='lat' dir='ltr'>lux;</span> 
     </span>
    </p>
   </div>
   <div class='ocr_carea' id='block_1_106' title="bbox 2189 4222 3834 4303">
    <p class='ocr_par' dir='ltr' id='par_1_106' title="bbox 2189 4222 3834 4303">
     <span class='ocr_line' id='line_1_106' title="bbox 2189 4222 3834 4303; baseline 0.009 -28"><span class='ocrx_word' id='word_1_815' title='bbox 2189 4222 2328 4293; x_wconf 90' lang='lat' dir='ltr'>quia</span> <span class='ocrx_word' id='word_1_816' title='bbox 2395 4222 2651 4279; x_wconf 90' lang='lat' dir='ltr'>Verbum</span> <span class='ocrx_word' id='word_1_817' title='bbox 2733 4225 2833 4281; x_wconf 93' lang='lat' dir='ltr'>Dei</span> <span class='ocrx_word' id='word_1_818' title='bbox 2912 4228 3067 4284; x_wconf 88' lang='lat' dir='ltr'>Deus</span> <span class='ocrx_word' id='word_1_819' title='bbox 3136 4233 3289 4303; x_wconf 89' lang='lat' dir='ltr'>apud</span> <span class='ocrx_word' id='word_1_820' title='bbox 3380 4233 3586 4301; x_wconf 91' lang='lat' dir='ltr'>Deum,</span> <span class='ocrx_word' id='word_1_821' title='bbox 3650 4236 3834 4292; x_wconf 85' lang='lat' dir='ltr'>Filius</span> 
     </span>
    </p>
   </div>
   <div class='ocr_carea' id='block_1_107' title="bbox 2184 4313 3833 4395">
    <p class='ocr_par' dir='ltr' id='par_1_107' title="bbox 2184 4313 3833 4395">
     <span class='ocr_line' id='line_1_107' title="bbox 2184 4313 3833 4395; baseline 0.01 -29"><span class='ocrx_word' id='word_1_822' title='bbox 2184 4313 2394 4368; x_wconf 90' lang='lat' dir='ltr'>unicus</span> <span class='ocrx_word' id='word_1_823' title='bbox 2426 4313 2546 4379; x_wconf 91' lang='lat' dir='ltr'>Dei,</span> <span class='ocrx_word' id='word_1_824' title='bbox 2571 4316 2726 4370; x_wconf 91' lang='lat' dir='ltr'>Patri</span> <span class='ocrx_word' id='word_1_825' title='bbox 2749 4323 3071 4375; x_wconf 71' lang='lat' dir='ltr'>coaeternus</span> <span class='ocrx_word' id='word_1_826' title='bbox 3097 4327 3185 4376; x_wconf 88' lang='lat' dir='ltr'>est</span> <span class='ocrx_word' id='word_1_827' title='bbox 3218 4339 3231 4376; x_wconf 89' lang='lat'><strong><em>:</em></strong></span> <span class='ocrx_word' id='word_1_828' title='bbox 3266 4326 3533 4395; x_wconf 89' lang='lat' dir='ltr'>quamvis</span> <span class='ocrx_word' id='word_1_829' title='bbox 3569 4328 3679 4381; x_wconf 91' lang='lat' dir='ltr'>Deo</span> <span class='ocrx_word' id='word_1_830' title='bbox 3721 4327 3833 4383; x_wconf 89' lang='lat' dir='ltr'>hoc</span> 
     </span>
    </p>
   </div>
   <div class='ocr_carea' id='block_1_108' title="bbox 2183 4400 3833 4484">
    <p class='ocr_par' dir='ltr' id='par_1_108' title="bbox 2183 4400 3833 4484">
     <span class='ocr_line' id='line_1_108' title="bbox 2183 4400 3833 4484; baseline 0.01 -29"><span class='ocrx_word' id='word_1_831' title='bbox 2183 4400 2243 4456; x_wconf 91' lang='lat' dir='ltr'>in</span> <span class='ocrx_word' id='word_1_832' title='bbox 2276 4406 2486 4457; x_wconf 64' lang='lat' dir='ltr'>aeterno</span> <span class='ocrx_word' id='word_1_833' title='bbox 2516 4403 2704 4459; x_wconf 90' lang='lat' dir='ltr'>Verbo</span> <span class='ocrx_word' id='word_1_834' title='bbox 2737 4406 2966 4462; x_wconf 90' lang='lat' dir='ltr'>dicente</span> <span class='ocrx_word' id='word_1_835' title='bbox 3012 4416 3276 4465; x_wconf 87' lang='lat' dir='ltr'>creatura</span> <span class='ocrx_word' id='word_1_836' title='bbox 3306 4415 3645 4484; x_wconf 87' lang='lat' dir='ltr'>temporalis</span> <span class='ocrx_word' id='word_1_837' title='bbox 3681 4417 3833 4471; x_wconf 82' lang='lat' dir='ltr'>facta</span> 
     </span>
    </p>
   </div>
   <div class='ocr_carea' id='block_1_109' title="bbox 2183 4491 3825 4575">
    <p class='ocr_par' dir='ltr' id='par_1_109' title="bbox 2183 4491 3825 4575">
     <span class='ocr_line' id='line_1_109' title="bbox 2183 4491 3825 4575; baseline 0.008 -29"><span class='ocrx_word' id='word_1_838' title='bbox 2183 4491 2279 4546; x_wconf 90' lang='lat' dir='ltr'>sit.</span> <span class='ocrx_word' id='word_1_839' title='bbox 2316 4491 2457 4547; x_wconf 92' lang='lat' dir='ltr'>Cum</span> <span class='ocrx_word' id='word_1_840' title='bbox 2486 4493 2642 4548; x_wconf 90' lang='lat' dir='ltr'>enim</span> <span class='ocrx_word' id='word_1_841' title='bbox 2671 4496 2847 4550; x_wconf 87' lang='lat' dir='ltr'>verba</span> <span class='ocrx_word' id='word_1_842' title='bbox 2879 4497 3000 4552; x_wconf 90' lang='lat' dir='ltr'>sint</span> <span class='ocrx_word' id='word_1_843' title='bbox 3032 4502 3331 4571; x_wconf 88' lang='lat' dir='ltr'>temporis,</span> <span class='ocrx_word' id='word_1_844' title='bbox 3375 4520 3509 4557; x_wconf 91' lang='lat' dir='ltr'>cum</span> <span class='ocrx_word' id='word_1_845' title='bbox 3550 4505 3825 4575; x_wconf 85' lang='lat' dir='ltr'>dicimus,</span> 
     </span>
    </p>
   </div>
   <div class='ocr_carea' id='block_1_110' title="bbox 2182 4580 3824 4654">
    <p class='ocr_par' dir='ltr' id='par_1_110' title="bbox 2182 4580 3824 4654">
     <span class='ocr_line' id='line_1_110' title="bbox 2182 4580 3824 4654; baseline 0.01 -20"><span class='ocrx_word' id='word_1_846' title='bbox 2182 4580 2444 4648; x_wconf 88' lang='lat' dir='ltr'>Quando,</span> <span class='ocrx_word' id='word_1_847' title='bbox 2478 4587 2534 4637; x_wconf 89' lang='lat' dir='ltr'>et</span> <span class='ocrx_word' id='word_1_848' title='bbox 2564 4584 2878 4654; x_wconf 86' lang='lat' dir='ltr'>aliquando</span> <span class='ocrx_word' id='word_1_849' title='bbox 2905 4604 2917 4653; x_wconf 92' lang='lat'><strong>;</strong></span> <span class='ocrx_word' id='word_1_850' title='bbox 2949 4591 3225 4643; x_wconf 64' lang='lat' dir='ltr'>aeternum</span> <span class='ocrx_word' id='word_1_851' title='bbox 3262 4595 3455 4646; x_wconf 90' lang='lat' dir='ltr'>tamen</span> <span class='ocrx_word' id='word_1_852' title='bbox 3475 4598 3564 4647; x_wconf 91' lang='lat' dir='ltr'>est</span> <span class='ocrx_word' id='word_1_853' title='bbox 3592 4593 3647 4647; x_wconf 90' lang='lat' dir='ltr'>in</span> <span class='ocrx_word' id='word_1_854' title='bbox 3682 4594 3824 4649; x_wconf 89' lang='lat' dir='ltr'>Ver-</span> 
     </span>
    </p>
   </div>
   <div class='ocr_carea' id='block_1_111' title="bbox 2184 4670 3828 4745">
    <p class='ocr_par' dir='ltr' id='par_1_111' title="bbox 2184 4670 3828 4745">
     <span class='ocr_line' id='line_1_111' title="bbox 2184 4670 3828 4745; baseline 0.009 -22"><span class='ocrx_word' id='word_1_855' title='bbox 2184 4670 2254 4724; x_wconf 92' lang='lat' dir='ltr'>bo</span> <span class='ocrx_word' id='word_1_856' title='bbox 2285 4670 2408 4737; x_wconf 90' lang='lat' dir='ltr'>Dei,</span> <span class='ocrx_word' id='word_1_857' title='bbox 2455 4674 2689 4741; x_wconf 91' lang='lat' dir='ltr'>quando</span> <span class='ocrx_word' id='word_1_858' title='bbox 2742 4674 2862 4727; x_wconf 76' lang='lat' dir='ltr'>fieri</span> <span class='ocrx_word' id='word_1_859' title='bbox 2912 4674 3129 4745; x_wconf 90' lang='lat' dir='ltr'>aliquid</span> <span class='ocrx_word' id='word_1_860' title='bbox 3182 4679 3434 4735; x_wconf 87' lang='lat' dir='ltr'>debeat:</span> <span class='ocrx_word' id='word_1_861' title='bbox 3485 4686 3542 4735; x_wconf 85' lang='lat' dir='ltr'>et</span> <span class='ocrx_word' id='word_1_862' title='bbox 3590 4687 3730 4737; x_wconf 86' lang='lat' dir='ltr'>tunc</span> <span class='ocrx_word' id='word_1_863' title='bbox 3763 4686 3828 4738; x_wconf 83' lang='lat' dir='ltr'>fit</span> 
     </span>
    </p>
   </div>
   <div class='ocr_carea' id='block_1_112' title="bbox 2181 4760 3824 4841">
    <p class='ocr_par' dir='ltr' id='par_1_112' title="bbox 2181 4760 3824 4841">
     <span class='ocr_line' id='line_1_112' title="bbox 2181 4760 3824 4841; baseline 0.01 -29"><span class='ocrx_word' id='word_1_864' title='bbox 2181 4760 2412 4829; x_wconf 89' lang='lat' dir='ltr'>quando</span> <span class='ocrx_word' id='word_1_865' title='bbox 2445 4760 2569 4815; x_wconf 85' lang='lat' dir='ltr'>fieri</span> <span class='ocrx_word' id='word_1_866' title='bbox 2600 4761 2873 4817; x_wconf 89' lang='lat' dir='ltr'>debuisse</span> <span class='ocrx_word' id='word_1_867' title='bbox 2906 4763 2962 4817; x_wconf 91' lang='lat' dir='ltr'>in</span> <span class='ocrx_word' id='word_1_868' title='bbox 2996 4764 3095 4819; x_wconf 91' lang='lat' dir='ltr'>illo</span> <span class='ocrx_word' id='word_1_869' title='bbox 3127 4766 3312 4821; x_wconf 90' lang='lat' dir='ltr'>Verbo</span> <span class='ocrx_word' id='word_1_870' title='bbox 3334 4774 3441 4835; x_wconf 89' lang='lat' dir='ltr'>est,</span> <span class='ocrx_word' id='word_1_871' title='bbox 3470 4769 3525 4823; x_wconf 92' lang='lat' dir='ltr'>in</span> <span class='ocrx_word' id='word_1_872' title='bbox 3561 4788 3675 4841; x_wconf 87' lang='lat' dir='ltr'>quo</span> <span class='ocrx_word' id='word_1_873' title='bbox 3710 4790 3824 4828; x_wconf 90' lang='lat' dir='ltr'>non</span> 
     </span>
    </p>
   </div>
   <div class='ocr_carea' id='block_1_113' title="bbox 2181 4849 3829 4923">
    <p class='ocr_par' dir='ltr' id='par_1_113' title="bbox 2181 4849 3829 4923">
     <span class='ocr_line' id='line_1_113' title="bbox 2181 4849 3829 4923; baseline 0.008 -21"><span class='ocrx_word' id='word_1_874' title='bbox 2181 4852 2270 4902; x_wconf 89' lang='lat' dir='ltr'>est</span> <span class='ocrx_word' id='word_1_875' title='bbox 2300 4849 2533 4919; x_wconf 90' lang='lat' dir='ltr'>quando</span> <span class='ocrx_word' id='word_1_876' title='bbox 2552 4853 2607 4904; x_wconf 91' lang='lat' dir='ltr'>et</span> <span class='ocrx_word' id='word_1_877' title='bbox 2629 4850 2965 4921; x_wconf 85' lang='lat' dir='ltr'>aliquando,</span> <span class='ocrx_word' id='word_1_878' title='bbox 2993 4854 3270 4923; x_wconf 89' lang='lat' dir='ltr'>quoniam</span> <span class='ocrx_word' id='word_1_879' title='bbox 3294 4860 3481 4911; x_wconf 90' lang='lat' dir='ltr'>totum</span> <span class='ocrx_word' id='word_1_880' title='bbox 3517 4858 3660 4913; x_wconf 89' lang='lat' dir='ltr'>illud</span> <span class='ocrx_word' id='word_1_881' title='bbox 3692 4861 3829 4915; x_wconf 87' lang='lat' dir='ltr'>Ver-</span> 
     </span>
    </p>
   </div>
   <div class='ocr_carea' id='block_1_114' title="bbox 2180 4937 2776 4993">
    <p class='ocr_par' dir='ltr' id='par_1_114' title="bbox 2180 4937 2776 4993">
     <span class='ocr_line' id='line_1_114' title="bbox 2180 4937 2776 4993; baseline 0 -2"><span class='ocrx_word' id='word_1_882' title='bbox 2180 4937 2320 4991; x_wconf 92' lang='lat' dir='ltr'>bum</span> <span class='ocrx_word' id='word_1_883' title='bbox 2355 4942 2637 4992; x_wconf 77' lang='lat' dir='ltr'>aeternum</span> <span class='ocrx_word' id='word_1_884' title='bbox 2670 4943 2776 4993; x_wconf 90' lang='lat' dir='ltr'>est.</span> 
     </span>
    </p>
   </div>
   <div class='ocr_carea' id='block_1_115' title="bbox 2180 5043 3831 5122">
    <p class='ocr_par' dir='ltr' id='par_1_115' title="bbox 2180 5043 3831 5122">
     <span class='ocr_line' id='line_1_115' title="bbox 2180 5043 3831 5122; baseline 0.013 -31"><span class='ocrx_word' id='word_1_885' title='bbox 2180 5043 2407 5122; x_wconf 70' lang='lat' dir='ltr'>CAPUT</span> <span class='ocrx_word' id='word_1_886' title='bbox 2434 5044 2528 5097; x_wconf 90' lang='grc' dir='ltr'>ΙΙΙ.</span> <span class='ocrx_word' id='word_1_887' title='bbox 2552 5074 2621 5083; x_wconf 86' lang='lat'><strong><em>——</em></strong></span> <span class='ocrx_word' id='word_1_888' title='bbox 2645 5044 2788 5122; x_wconf 84' lang='lat' dir='ltr'>Quid</span> <span class='ocrx_word' id='word_1_889' title='bbox 2801 5046 2995 5122; x_wconf 56' lang='lat' dir='ltr'>sitias:</span> <span class='ocrx_word' id='word_1_890' title='bbox 3018 5048 3318 5122; x_wconf 78' lang='lat' dir='ltr'>itla.Curve</span> <span class='ocrx_word' id='word_1_891' title='bbox 3339 5066 3446 5105; x_wconf 84' lang='lat' dir='ltr'>non</span> <span class='ocrx_word' id='word_1_892' title='bbox 3467 5052 3831 5122; x_wconf 83' lang='lat' dir='ltr'>dictum,Fiat</span> 
     </span>
    </p>
   </div>
   <div class='ocr_carea' id='block_1_116' title="bbox 2275 5117 3722 5194">
    <p class='ocr_par' dir='ltr' id='par_1_116' title="bbox 2275 5117 3722 5194">
     <span class='ocr_line' id='line_1_116' title="bbox 2275 5117 3722 5194; baseline 0.006 -25"><span class='ocrx_word' id='word_1_893' title='bbox 2275 5117 2488 5182; x_wconf 71' lang='lat' dir='ltr'>emtum,</span> <span class='ocrx_word' id='word_1_894' title='bbox 2517 5123 2642 5183; x_wconf 62' lang='lat' dir='ltr'>etc,</span> <span class='ocrx_word' id='word_1_895' title='bbox 2676 5118 2841 5186; x_wconf 80' lang='lat' dir='ltr'>sicut,</span> <span class='ocrx_word' id='word_1_896' title='bbox 2881 5118 2999 5172; x_wconf 46' lang='lat' dir='ltr'>li‘iat</span> <span class='ocrx_word' id='word_1_897' title='bbox 3041 5119 3158 5185; x_wconf 80' lang='lat' dir='ltr'>lux,</span> <span class='ocrx_word' id='word_1_898' title='bbox 3199 5123 3485 5191; x_wconf 72' lang='lat' dir='ltr'>Iterponsz&#39;o</span> <span class='ocrx_word' id='word_1_899' title='bbox 3514 5117 3722 5194; x_wconf 82' lang='lat' dir='ltr'>prima.</span> 
     </span>
    </p>
   </div>
   <div class='ocr_carea' id='block_1_117' title="bbox 2248 5202 3827 5284">
    <p class='ocr_par' dir='ltr' id='par_1_117' title="bbox 2248 5202 3827 5284">
     <span class='ocr_line' id='line_1_117' title="bbox 2248 5202 3827 5284; baseline 0.008 -28"><span class='ocrx_word' id='word_1_900' title='bbox 2248 5204 2302 5256; x_wconf 87' lang='lat'>6.</span> <span class='ocrx_word' id='word_1_901' title='bbox 2329 5203 2395 5257; x_wconf 90' lang='lat' dir='ltr'>Et</span> <span class='ocrx_word' id='word_1_902' title='bbox 2417 5203 2555 5273; x_wconf 92' lang='lat' dir='ltr'>quid</span> <span class='ocrx_word' id='word_1_903' title='bbox 2581 5207 2669 5257; x_wconf 88' lang='lat' dir='ltr'>est</span> <span class='ocrx_word' id='word_1_904' title='bbox 2690 5202 2790 5257; x_wconf 87' lang='lat' dir='ltr'>lux</span> <span class='ocrx_word' id='word_1_905' title='bbox 2810 5205 2936 5276; x_wconf 88' lang='lat' dir='ltr'>ipsa</span> <span class='ocrx_word' id='word_1_906' title='bbox 2959 5223 3085 5277; x_wconf 83' lang='lat' dir='ltr'>quae</span> <span class='ocrx_word' id='word_1_907' title='bbox 3114 5208 3263 5263; x_wconf 77' lang='lat' dir='ltr'>facta</span> <span class='ocrx_word' id='word_1_908' title='bbox 3285 5211 3405 5264; x_wconf 83' lang='lat' dir='ltr'>est?</span> <span class='ocrx_word' id='word_1_909' title='bbox 3429 5216 3622 5265; x_wconf 88' lang='lat' dir='ltr'>utrum</span> <span class='ocrx_word' id='word_1_910' title='bbox 3651 5214 3827 5284; x_wconf 80' lang='lat' dir='ltr'>spiri-</span> 
     </span>
    </p>
   </div>
   <div class='ocr_carea' id='block_1_118' title="bbox 2179 5291 3829 5371">
    <p class='ocr_par' dir='ltr' id='par_1_118' title="bbox 2179 5291 3829 5371">
     <span class='ocr_line' id='line_1_118' title="bbox 2179 5291 3829 5371; baseline 0.009 -27"><span class='ocrx_word' id='word_1_911' title='bbox 2179 5291 2385 5345; x_wconf 88' lang='lat' dir='ltr'>rituale</span> <span class='ocrx_word' id='word_1_912' title='bbox 2408 5291 2649 5361; x_wconf 86' lang='lat' dir='ltr'>quid,an</span> <span class='ocrx_word' id='word_1_913' title='bbox 2672 5293 3001 5364; x_wconf 85' lang='lat' dir='ltr'>corporale!</span> <span class='ocrx_word' id='word_1_914' title='bbox 3027 5296 3079 5347; x_wconf 78' lang='lat' dir='ltr'>Si</span> <span class='ocrx_word' id='word_1_915' title='bbox 3106 5296 3257 5351; x_wconf 90' lang='lat' dir='ltr'>enim</span> <span class='ocrx_word' id='word_1_916' title='bbox 3282 5299 3601 5369; x_wconf 83' lang='lat' dir='ltr'>spiritualc,</span> <span class='ocrx_word' id='word_1_917' title='bbox 3634 5309 3829 5371; x_wconf 71' lang='lat' dir='ltr'>potest</span> 
     </span>
    </p>
   </div>
   <div class='ocr_carea' id='block_1_119' title="bbox 2178 5378 3824 5462">
    <p class='ocr_par' dir='ltr' id='par_1_119' title="bbox 2178 5378 3824 5462">
     <span class='ocr_line' id='line_1_119' title="bbox 2178 5378 3824 5462; baseline 0.01 -31"><span class='ocrx_word' id='word_1_918' title='bbox 2178 5378 2304 5448; x_wconf 90' lang='lat' dir='ltr'>ipsa</span> <span class='ocrx_word' id='word_1_919' title='bbox 2325 5395 2451 5433; x_wconf 90' lang='lat' dir='ltr'>esse</span> <span class='ocrx_word' id='word_1_920' title='bbox 2474 5379 2665 5449; x_wconf 89' lang='lat' dir='ltr'>prima</span> <span class='ocrx_word' id='word_1_921' title='bbox 2682 5384 3091 5453; x_wconf 68' lang='lat' dir='ltr'>creatura,jam</span> <span class='ocrx_word' id='word_1_922' title='bbox 3115 5385 3220 5439; x_wconf 87' lang='lat' dir='ltr'>hoc</span> <span class='ocrx_word' id='word_1_923' title='bbox 3239 5387 3390 5441; x_wconf 90' lang='lat' dir='ltr'>dicto</span> <span class='ocrx_word' id='word_1_924' title='bbox 3411 5391 3824 5462; x_wconf 70' lang='lat' dir='ltr'>perfecta,quae</span> 
     </span>
    </p>
   </div>
   <div class='ocr_carea' id='block_1_120' title="bbox 2176 5468 3821 5551">
    <p class='ocr_par' dir='ltr' id='par_1_120' title="bbox 2176 5468 3821 5551">
     <span class='ocr_line' id='line_1_120' title="bbox 2176 5468 3821 5551; baseline 0.01 -31"><span class='ocrx_word' id='word_1_925' title='bbox 2176 5468 2365 5538; x_wconf 89' lang='lat' dir='ltr'>primo</span> <span class='ocrx_word' id='word_1_926' title='bbox 2385 5468 2594 5523; x_wconf 73' lang='lat' dir='ltr'>cmlum</span> <span class='ocrx_word' id='word_1_927' title='bbox 2619 5470 2907 5541; x_wconf 87' lang='lat' dir='ltr'>appellata</span> <span class='ocrx_word' id='word_1_928' title='bbox 2930 5476 3033 5539; x_wconf 79' lang='lat' dir='ltr'>est,</span> <span class='ocrx_word' id='word_1_929' title='bbox 3050 5489 3183 5527; x_wconf 92' lang='lat' dir='ltr'>cum</span> <span class='ocrx_word' id='word_1_930' title='bbox 3203 5476 3424 5531; x_wconf 92' lang='lat' dir='ltr'>dictum</span> <span class='ocrx_word' id='word_1_931' title='bbox 3448 5482 3630 5543; x_wconf 87' lang='lat' dir='ltr'>est,In</span> <span class='ocrx_word' id='word_1_932' title='bbox 3660 5483 3821 5551; x_wconf 78' lang='lat' dir='ltr'>prin-</span> 
     </span>
    </p>
   </div>
   <div class='ocr_carea' id='block_1_121' title="bbox 2177 5557 3819 5639">
    <p class='ocr_par' dir='ltr' id='par_1_121' title="bbox 2177 5557 3819 5639">
     <span class='ocr_line' id='line_1_121' title="bbox 2177 5557 3819 5639; baseline 0.01 -30"><span class='ocrx_word' id='word_1_933' title='bbox 2177 5557 2318 5626; x_wconf 82' lang='lat' dir='ltr'>cipio</span> <span class='ocrx_word' id='word_1_934' title='bbox 2339 5559 2469 5626; x_wconf 80' lang='lat' dir='ltr'>fecit</span> <span class='ocrx_word' id='word_1_935' title='bbox 2491 5559 2628 5613; x_wconf 86' lang='lat' dir='ltr'>Deus</span> <span class='ocrx_word' id='word_1_936' title='bbox 2649 5560 2847 5614; x_wconf 63' lang='lat' dir='ltr'>caelum</span> <span class='ocrx_word' id='word_1_937' title='bbox 2863 5568 2913 5613; x_wconf 84' lang='lat' dir='ltr'>et</span> <span class='ocrx_word' id='word_1_938' title='bbox 2930 5563 3137 5615; x_wconf 85' lang='lat' dir='ltr'>terram</span> <span class='ocrx_word' id='word_1_939' title='bbox 3160 5580 3178 5617; x_wconf 92' lang='lat'><em>:</em></span> <span class='ocrx_word' id='word_1_940' title='bbox 3203 5570 3265 5617; x_wconf 90' lang='lat' dir='ltr'>ut</span> <span class='ocrx_word' id='word_1_941' title='bbox 3286 5568 3439 5635; x_wconf 89' lang='lat' dir='ltr'>quod</span> <span class='ocrx_word' id='word_1_942' title='bbox 3474 5569 3629 5623; x_wconf 72' lang='lat' dir='ltr'>dixit</span> <span class='ocrx_word' id='word_1_943' title='bbox 3652 5571 3819 5639; x_wconf 84' lang='lat' dir='ltr'>Deus,</span> 
     </span>
    </p>
   </div>
   <div class='ocr_carea' id='block_1_122' title="bbox 2176 5643 3819 5731">
    <p class='ocr_par' dir='ltr' id='par_1_122' title="bbox 2176 5643 3819 5731">
     <span class='ocr_line' id='line_1_122' title="bbox 2176 5643 3819 5731; baseline 0.011 -33"><span class='ocrx_word' id='word_1_944' title='bbox 2176 5643 2296 5699; x_wconf 83' lang='lat' dir='ltr'>Fiat</span> <span class='ocrx_word' id='word_1_945' title='bbox 2313 5644 2438 5707; x_wconf 70' lang='lat' dir='ltr'>tum;</span> <span class='ocrx_word' id='word_1_946' title='bbox 2451 5656 2500 5702; x_wconf 85' lang='lat' dir='ltr'>et</span> <span class='ocrx_word' id='word_1_947' title='bbox 2512 5649 2661 5718; x_wconf 82' lang='lat' dir='ltr'>facta</span> <span class='ocrx_word' id='word_1_948' title='bbox 2674 5652 2749 5703; x_wconf 87' lang='lat' dir='ltr'>est</span> <span class='ocrx_word' id='word_1_949' title='bbox 2766 5650 3019 5717; x_wconf 77' lang='lat' dir='ltr'>lux,eam</span> <span class='ocrx_word' id='word_1_950' title='bbox 3035 5657 3336 5710; x_wconf 87' lang='lat' dir='ltr'>revocante</span> <span class='ocrx_word' id='word_1_951' title='bbox 3358 5656 3427 5711; x_wconf 82' lang='lat' dir='ltr'>ad</span> <span class='ocrx_word' id='word_1_952' title='bbox 3442 5672 3503 5711; x_wconf 87' lang='lat' dir='ltr'>se</span> <span class='ocrx_word' id='word_1_953' title='bbox 3523 5656 3819 5731; x_wconf 78' lang='lat' dir='ltr'>Creatore;</span> 
     </span>
    </p>
   </div>
  </div>
