4030 6352
158 418 364 470 tenere
408 414 795 487 intelligenda
812 420 920 485 est,
953 418 1083 490 ipsa
1103 423 1192 475 est
1212 418 1629 476 intellectualis
1651 419 1773 477 vita
1796 437 1811 488 ;

161 520 297 575 qua:
314 504 429 560 nisi
456 506 526 560 ad
571 505 899 564 Creatorem
922 507 1317 565 illuminanda
1359 514 1810 577 converteretur,

159 592 423 648 ﬂuitaret
445 594 949 652 informitrrﬂum
979 603 1173 653 autem
1199 615 1476 655 conversa
1505 603 1561 655 et
1593 598 1811 654 illumi-

156 688 302 739 nata
355 683 690 754 est,f‘actum
722 687 1053 757 estquodin
1076 687 1263 744 Verbo
1286 688 1388 744 Dei
1436 689 1658 744 dictum
1700 694 1809 756 est,

158 772 285 827 Fiat
315 771 439 828 tum.
1732 835 1742 845 θ

158 879 409 955 CAPUT
425 880 493 935 X.
518 912 587 922 -—-
608 882 879 950 Quomodo
898 883 1013 938 dies
1036 898 1180 939 unus
1200 894 1452 955 peractus
1471 885 1729 955 fuit,sive
1749 887 1809 940 in

227 954 514 1028 creatione
541 955 656 1028 sive
680 960 798 1026 post
826 958 1157 1012 creationem
1180 958 1337 1012 lucis.
1372 960 1605 1013 Primus
1625 958 1806 1028 expli-

228 1026 405 1097 candi
430 1024 621 1080 modus
651 1024 1027 1097 iinprobatur.
1060 1029 1346 1084 Secundus
1377 1029 1602 1086 dicendi
1620 1024 1807 1085 modus

227 1095 658 1164 difﬁcultatibus
686 1095 1024 1170 implicatur.

230 1184 316 1239 18.
342 1188 757 1243 Verumtamen
782 1188 1281 1260 quemadmodum
1306 1191 1431 1247 sine
1451 1196 1711 1264 tempore
1727 1191 1808 1248 di-

150 1276 314 1329 ctum
329 1281 439 1344 est,
471 1276 677 1350 quialin
694 1277 951 1334 Verbum
974 1279 1130 1335 Patri
1149 1286 1498 1337 comternum
1519 1300 1631 1338 non
1650 1284 1807 1339 cadit

150 1368 389 1435 tempus
417 1371 644 1433 ;utrum
666 1368 748 1423 ita
779 1366 953 1424 etiam
978 1370 1105 1425 sine
1134 1376 1396 1444 tempore
1453 1372 1672 1427 factum
1705 1370 1801 1443 sit,

151 1453 472 1525 quisquam
505 1455 748 1512 forsitan
774 1462 1015 1529 quarat.
1035 1460 1145 1515 Sed
1162 1462 1454 1532 quomodo
1476 1466 1669 1533 potest
1693 1460 1802 1516 hoc

149 1542 581 1615 intelligi,.cum
603 1546 753 1601 facta
774 1545 905 1603 luce
933 1554 990 1602 et
1010 1547 1197 1603 divisa
1219 1567 1252 1604 a
1273 1550 1552 1618 tenebris,
1578 1554 1635 1605 et
1654 1549 1802 1605 indi-

148 1630 229 1686 tis
247 1632 364 1687 diei
400 1634 704 1707 noctisque
727 1636 1042 1704 vocabulis,
1076 1637 1233 1693 dicat
1264 1638 1590 1710 Scriptura,
1634 1644 1802 1695 Facta

146 1724 225 1775 est
252 1737 495 1792 vespera,
522 1727 575 1779 et
601 1727 811 1795 factum
837 1730 917 1781 est
936 1743 1096 1782 mane
1115 1727 1231 1782 dies
1251 1745 1391 1783 unus
1413 1732 1438 1782 .9
1458 1728 1620 1785 Unde
1642 1730 1797 1786 vide-

147 1815 251 1864 tur
280 1808 424 1866 illud
456 1829 604 1884 opus
636 1806 734 1868 Dei
769 1812 987 1871 factum
1008 1832 1110 1887 per
1130 1817 1387 1887 spetium
1411 1817 1548 1885 dici,
1566 1835 1680 1891 quo
1702 1836 1799 1891 pe-

147 1904 310 1955 racto
341 1901 409 1956 ad
444 1918 742 1974 vesperam
773 1908 1017 1960 ventum
1049 1911 1157 1974 est,
1183 1907 1337 1977 quod
1363 1907 1653 1962 estnoctis
1684 1908 1795 1963 ini-

146 1989 319 2045 tium.
357 1988 619 2063 Itemque
650 1997 883 2065 peracto
914 1999 1198 2050 nocturno
1225 1997 1415 2067 spatio
1466 1998 1795 2069 completus

145 2084 236 2133 est
268 2084 425 2135 totus
455 2080 600 2149 dies,
636 2090 699 2137 ut
731 2100 902 2137 mane
932 2083 1095 2139 ﬁeret
1119 2085 1177 2139 in
1215 2084 1463 2141 alterum
1497 2084 1672 2158 diem,
1733 2086 1791 2143 in

136 2184 261 2238 quo
293 2169 387 2224 die
418 2173 568 2224 Deus
600 2170 758 2225 aliud
792 2178 1221 2245 consequenter
1249 2179 1612 2245 operaretur.

213 2256 299 2312 19.
338 2252 459 2312 Imo
490 2259 898 2330 veroidipsum
928 2261 1307 2332 permirabile
1336 2267 1448 2331 est,
1470 2281 1603 2320 cum
1638 2271 1792 2323 Deus

138 2344 305 2401 nullo
337 2347 526 2419 spatio
549 2347 919 2419 syllabarum
974 2353 1190 2406 aeterna
1218 2351 1393 2407 Verbi
1424 2353 1515 2408 sui
1568 2358 1791 2413 ratione

138 2434 371 2505 dixerit,
402 2437 524 2492 Fiat
543 2438 642 2493 lux
670 2455 682 2506 ;
708 2455 811 2493 cur
832 2444 991 2494 tanta
1012 2456 1177 2495 mora
1194 2441 1345 2495 facta
1369 2439 1581 2509 sitlux,
1606 2445 1791 2502 donec

137 2524 255 2580 diei
289 2526 549 2597 spatium
582 2528 923 2599 praeteriret,
951 2533 1010 2584 et
1032 2544 1275 2602 vespera
1294 2531 1477 2587 ﬁeret.
1502 2536 1591 2589 An
1643 2533 1789 2593 forte

137 2615 254 2670 cito
279 2612 517 2687 quidem
539 2613 639 2671 lux
656 2616 810 2673 facta
828 2623 936 2687 est,
965 2616 1065 2673 sed
1097 2630 1261 2675 mora
1284 2620 1479 2676 diurni
1506 2626 1788 2698 temporis

136 2705 194 2758 in
228 2721 297 2760 eo
314 2706 584 2762 consumi
610 2707 817 2778 potuit,
842 2722 978 2763 cum
1002 2702 1434 2765 discerneretur
1454 2728 1486 2766 a
1510 2714 1783 2787 tenebris,

136 2797 314 2865 atque
344 2796 665 2867 utrumque
692 2796 1009 2852 discretum
1034 2798 1160 2854 suis
1193 2796 1492 2857 vocabulis
1524 2802 1785 2875 signare-

134 2889 234 2939 tur
258 2884 288 2938 ‘I
313 2880 526 2939 Mirum
561 2884 609 2940 si
641 2890 700 2941 et
728 2884 838 2941 hoc
867 2884 954 2941 vel
987 2888 1153 2943 tanta
1184 2904 1349 2945 mora
1380 2890 1500 2945 fieri
1534 2892 1724 2963 potuit
1752 2912 1786 2949 a

134 2974 273 3038 Deo,
298 2979 523 3045 quanta
544 2975 757 3031 dicitur
787 2993 820 3030 a
851 2974 1039 3032 nobis.
1089 2977 1370 3034 Discretio
1394 2979 1610 3053 quippe
1636 2978 1783 3039 lucis

133 3066 189 3117 et
219 3066 597 3119 tenebrarum
628 3065 687 3119 in
718 3062 846 3137 ipso
872 3066 1074 3137 utique
1104 3083 1278 3138 opere
1307 3085 1441 3124 cum
1466 3069 1567 3124 lux
1598 3070 1783 3139 fieret,

132 3159 450 3208 consecuta
478 3157 603 3209 est:
638 3168 755 3210 non
786 3155 942 3210 enim
972 3152 1073 3210 lux
1119 3172 1247 3211 esse
1278 3157 1488 3228 potuit,
1524 3160 1637 3215 nisi
1668 3161 1784 3218 dis-

133 3251 471 3296 cernereIUr
496 3259 528 3298 a
560 3243 834 3298 tenebris.

198 3331 460 3397 20.0uod
484 3337 679 3387 autem
694 3334 901 3389 vocavit
920 3337 1069 3389 Deus
1083 3330 1260 3391 lucem
1280 3335 1511 3404 diem,et
1529 3339 1783 3398 tenebras

130 3428 361 3488 noctem,
387 3426 606 3492 quanta
623 3438 785 3477 mora
807 3423 931 3478 fieri
955 3427 1382 3494 poterat,etiam
1407 3428 1456 3481 si
1477 3425 1586 3483 hoc
1608 3428 1781 3501 sylla-

132 3510 313 3564 batim
338 3524 443 3581 per
470 3527 681 3566 sonum
714 3512 868 3567 vocis
889 3513 1127 3584 egisset,
1149 3512 1262 3569 nisi
1288 3520 1509 3586 quanta
1537 3518 1595 3573 et
1618 3530 1650 3574 a
1673 3536 1780 3576 no—

132 3599 221 3653 bis
251 3600 487 3669 dicitur,
513 3598 636 3654 Lux
683 3606 920 3656 vocetur
958 3602 1104 3672 dies,
1138 3607 1195 3657 et
1216 3605 1467 3659 tenebris
1501 3612 1781 3665 vocentur

132 3703 244 3742 nox
266 3688 294 3742 ?
317 3688 427 3743 nisi
448 3689 594 3743 forte
614 3689 748 3761 quis
764 3690 843 3744 ita
864 3689 1202 3762 desipiat,ut
1225 3693 1363 3763 quia
1384 3710 1563 3766 super
1581 3697 1779 3754 omnia

134 3790 383 3846 magnus
414 3782 502 3833 est
522 3776 699 3845 Deus,
732 3783 898 3851 putet
926 3796 1025 3835 ore
1060 3780 1154 3836 Dei
1199 3780 1475 3852 prolatas,
1509 3788 1778 3856 quamvis

133 3867 521 3937 pancissimas
547 3864 823 3939 syllabas,
858 3885 961 3939 per
987 3872 1175 3925 totum
1209 3869 1323 3925 diei
1379 3874 1637 3943 spatium
1672 3894 1773 3948 po-

132 3958 313 4012 tuisse
344 3955 749 4013 distendi.Huc
771 3958 1166 4030 accedit,quia
1180 3960 1372 4016 Verbo
1395 3962 1507 4017 sibi
1540 3970 1773 4020 coaeter-

133 4062 222 4115 no,
256 4046 310 4101 id
336 4052 427 4102 est
456 4045 959 4103 incommutabilis
990 4047 1299 4120 Sapientia;
1328 4048 1575 4108 internis
1605 4060 1773 4111 aeter-

129 4136 347 4208 nisque
366 4137 712 4208 rationibus,
737 4152 852 4194 non
876 4137 1164 4210 corporali
1188 4156 1331 4195 sono
1352 4142 1531 4213 vocis,
1551 4147 1774 4201 vocavit

129 4226 262 4280 Deus
290 4224 468 4281 lucem
489 4222 655 4294 diem,
690 4224 741 4282 et
760 4227 1009 4283 tenebras
1055 4236 1281 4283 noctem.
1307 4229 1564 4287 Rursum
1615 4234 1772 4288 enim

128 4316 475 4382 quaritur,si
501 4317 691 4371 verbis
722 4316 938 4387 quibus
970 4317 1194 4372 utimur
1234 4320 1476 4390 vocavit,
1513 4337 1629 4391 qua
1659 4323 1772 4378 lin-

125 4419 235 4473 gua
263 4405 590 4472 vocaverit;
623 4412 680 4460 et
710 4407 848 4477 quid
883 4423 1030 4478 opus
1062 4412 1188 4462 erat
1218 4408 1383 4463 sonis
1412 4412 1771 4466 transeunti-

124 4492 228 4548 bus
256 4492 355 4548 ubi
387 4494 737 4565 cujusquam
772 4512 887 4551 non
920 4500 1044 4550 erat
1077 4496 1397 4568 corporalis
1448 4497 1606 4554 ullus
1666 4517 1768 4556 au-

124 4582 317 4637 ditus:
353 4586 409 4637 et
442 4600 553 4638 non
589 4584 903 4639 invenitur.

184 4673 272 4727 21.
307 4672 393 4727 An
418 4671 729 4729 dicendum
756 4668 1029 4745 est,quod
1046 4691 1180 4731 cum
1203 4674 1317 4731 cito
1349 4681 1654 4748 peractum
1676 4696 1769 4735 es-

121 4770 201 4815 set
235 4761 345 4816 boc
377 4778 526 4834 opus
558 4763 681 4827 Dei,
713 4760 940 4818 tamdiu
964 4766 1126 4820 stetit
1154 4762 1255 4820 lux
1281 4783 1393 4821 non
1416 4769 1767 4827 succedente

123 4851 494 4918 uocte,donec
506 4853 785 4907 diurnum
802 4854 1055 4925 spatium
1068 4861 1525 4927 perageretur;et
1539 4861 1762 4917 tamdiu

124 4941 333 4996 mansit
363 4958 476 4995 nox
496 4941 611 4996 luci
635 4941 978 5013 succedens,
998 4943 1182 4998 donec
1207 4944 1465 5015 spatium
1494 4950 1764 5004 nocturni

123 5032 394 5103 temporis
416 5032 758 5104 praeteriret,
791 5037 847 5086 et
869 5046 1041 5088 mane
1091 5033 1255 5088 fieret
1289 5032 1403 5088 diei
1440 5037 1763 5109 sequentis,

125 5129 227 5167 uno
257 5113 561 5184 primoque
590 5113 917 5168 transacto?
944 5112 1052 5167 Sed
1085 5110 1135 5167 si
1166 5112 1274 5168 hoc
1307 5112 1527 5183 dixero,
1561 5132 1765 5173 vereor

125 5217 184 5253 ne
203 5201 535 5257 deridearet
555 5199 713 5257 abiis
736 5201 835 5273 qui
857 5196 1183 5257 certissime
1196 5209 1673 5275 cognoverunt,et
1688 5204 1761 5262 ab

126 5292 185 5347 iis
217 5293 314 5363 qui
348 5298 567 5365 posunt
590 5292 867 5350 facillime
904 5293 1201 5350 advertere
1224 5296 1377 5368 quod
1402 5312 1468 5351 eo
1498 5298 1763 5369 tempere

124 5396 224 5453 quo
248 5401 356 5439 nox
371 5386 525 5455 apud
550 5394 655 5439 nos
672 5386 885 5450 est,eas
907 5388 1100 5457 partes
1124 5386 1329 5440 mundi
1354 5388 1761 5456 praesentiain-

122 5473 190 5526 cis
216 5472 600 5545 illustret,per
625 5484 771 5545 quas
788 5473 873 5529 sol
887 5474 958 5529 ab
974 5486 1183 5529 occasu
1206 5474 1263 5528 in
1284 5480 1475 5530 ortum
1498 5476 1666 5544 redit;
1693 5492 1757 5534 ac

126 5578 210 5629 per
237 5562 338 5618 hoc
372 5562 654 5618 omnibus
683 5561 885 5633 viginti
908 5565 1159 5633 quatuor
1192 5562 1350 5618 boris
1382 5580 1496 5619 non
1555 5564 1758 5620 deesse

127 5665 197 5715 ps:
229 5651 538 5704 circuitum
570 5650 689 5721 gyri
730 5652 925 5717 totius,
961 5649 1098 5703 alibi
1141 5650 1463 5713 «liomalibi
1502 5659 1751 5708 noctem.

126 5735 542 5803 Numquidnam
575 5754 709 5809 ergo
742 5738 797 5791 in
845 5742 1009 5809 parte
1033 5738 1230 5809 aliqua
1269 5739 1518 5809 posituri
1545 5757 1753 5796 sumus

1568 287 1804 349 LIBER
1844 285 2166 349 PRIMUS.

3454 278 3577 339 254

1922 420 2105 473 Deum
2125 416 2226 474 ubi
2246 416 2297 473 ei
2312 432 2554 488 vespera
2576 415 2761 484 ﬂeret,
2787 429 2922 470 cum
2946 413 3018 469 ab
3041 429 3108 468 ea
3124 414 3289 483 parte
3308 411 3370 466 in
3388 409 3567 467 aliam

1921 511 2147 576 partem
2162 505 2263 561 lux.
2277 504 2643 561 abscederet?
2654 504 2800 560 Nam
2819 504 2947 559 etin
2968 501 3117 557 libro
3136 500 3233 573 qui
3247 499 3574 572 appellatur

1922 594 2325 663 Ecclesiastes,
2349 595 2431 650 ita
2455 594 2744 666 scriptum
2762 599 2877 649 est:
2902 594 2967 647 Et
2981 594 3162 647 oritur
3188 591 3345 657 sol,et
3371 591 3572 645 occidit

1920 684 2082 752 sol,et
2107 688 2163 740 in.
2188 687 2365 741 locum
2387 702 2551 741 suum
2564 686 2793 740 ducitur
2816 687 2861 747 l;
2880 683 2989 739 hoc
3012 686 3121 749 est,
3145 681 3207 735 in
3228 696 3362 736 eum
3378 678 3571 735 locum

1921 775 2077 831 unde
2104 776 2271 832 ortus
2302 776 2409 831 est.
2445 774 2723 847 Sequitur
2750 773 2933 842 enim,
2966 775 3023 828 et
3047 770 3216 825 dicit:
3250 773 3370 841 Ipse
3388 770 3572 824 oriens

1919 865 2054 919 illuc
2075 864 2222 919 vadit
2245 865 2315 919 ad
2339 873 2608 932 austrum,
2633 867 2683 919 et
2706 863 2914 919 circuit
2934 861 3006 917 ad
3028 861 3353 932 aquilonem
3368 859 3568 927 (Eccle.

1918 971 1957 1024 ι,
1989 955 2044 1023 5,
2067 955 2144 1026 6).
2166 953 2456 1010 Australis
2488 970 2624 1025 ergo
2657 970 2791 1025 pars
2822 968 2957 1006 cum
2972 950 3147 1005 habet
3164 948 3373 1012 solem,
3398 947 3569 1003 nobis

1916 1045 2043 1101 dies
2063 1049 2182 1101 est:
2209 1060 2343 1101 cum
2363 1048 2558 1099 autem
2571 1043 2643 1098 ad
2666 1041 2956 1115 aquilonis
2970 1044 3192 1111 partem
3208 1036 3564 1092 circumiens

1914 1134 2197 1207 pervenit,
2234 1134 2401 1189 nobis
2426 1150 2539 1189 nox
2558 1137 2650 1188 est
2672 1150 2685 1187 :
2712 1148 2827 1186 non
2849 1135 3044 1185 tamen
3065 1128 3124 1184 in
3138 1126 3252 1183 alia
3264 1129 3426 1198 parte
3446 1142 3560 1181 non

1914 1229 2004 1280 est
2025 1224 2170 1294 dies,
2206 1224 2307 1280 ubi
2329 1223 2639 1296 praesentia
2668 1221 2812 1280 solis
2835 1225 2960 1277 est:
2994 1218 3108 1274 nisi
3140 1219 3285 1272 forte
3316 1216 3562 1288 poeticis

1915 1314 2213 1386 figmentis
2243 1330 2341 1370 cor
2370 1313 2779 1369 inclinandum
2811 1316 2918 1381 est,
2945 1315 3009 1364 ut
3037 1309 3349 1365 credamus
3372 1306 3560 1362 solem

1916 1403 2064 1461 mari
2088 1419 2152 1460 se
2176 1403 2543 1474 immergere,
2577 1406 2757 1473 atque
2788 1401 2925 1455 inde
2946 1398 3131 1454 lotum
3160 1414 3228 1453 ex
3256 1396 3372 1451 alia
3398 1399 3562 1467 parte

1915 1509 2086 1550 mane
2116 1508 2375 1565 surgere.
2408 1492 2757 1563 Quanquam
2790 1490 2839 1544 si
2858 1490 2939 1543 ita
2964 1492 3137 1553 esset,
3160 1489 3411 1558 abyssus
3430 1483 3561 1555 ipsa

1910 1583 2223 1655 praesentia
2237 1581 2379 1639 solis
2400 1579 2997 1650 illustraretur,atque
3010 1575 3089 1631 ibi
3103 1579 3261 1631 esset
3272 1573 3559 1630 dies.Pos-

1910 1681 2000 1729 set
2028 1672 2187 1730 enim
2201 1676 2257 1728 et
2274 1689 2457 1743 aquas
2482 1668 2837 1737 illuminare,
2852 1666 3086 1739 quando
3111 1666 3183 1721 ab
3197 1664 3281 1719 eis
3294 1679 3411 1719 non
3430 1679 3559 1735 pos-

1909 1766 1999 1820 set
2027 1761 2343 1834 exstingui.
2368 1760 2479 1817 Sed
2498 1759 2609 1817 hoc
2631 1762 3075 1814 monstruosum
3107 1758 3197 1809 est
3244 1751 3553 1825 suspicari.

1907 1852 2055 1919 Quid
2088 1852 2245 1924 quod
2264 1851 2442 1907 etiam
2464 1848 2551 1906 sol
2575 1848 2845 1905 nundum
2868 1849 3013 1902 erat.

1971 1943 2440 2013 22.0uapropter
2468 1939 2518 1995 si
2547 1935 2873 2010 spiritualis
2905 1934 3002 1990 lux
3022 1934 3212 2006 primo
3244 1930 3336 1986 die
3368 1930 3520 1987 facta

1902 2037 2014 2099 est,
2038 2030 2472 2102 numquidnam
2501 2027 2736 2092 occidit,
2765 2032 2830 2081 ut
2858 2026 2909 2081 ei
2933 2023 3272 2080 succederet
3300 2037 3415 2076 nox
3434 2019 3462 2074 ?
3492 2018 3553 2075 Si

1903 2126 2101 2177 autem
2123 2118 2463 2191 corporalis,
2480 2133 2746 2190 quamam
2762 2115 2862 2171 illa
2878 2113 2977 2169 lux
2992 2116 3288 2184 est,quam
3309 2112 3442 2181 post
3454 2125 3550 2164 oc-

1900 2225 2104 2266 casum
2119 2209 2261 2266 solis
2276 2208 2472 2264 videre
2494 2224 2610 2262 non
2634 2200 3121 2277 possumus,quia
3142 2216 3247 2255 nec
3268 2198 3410 2255 luna
3429 2200 3554 2253 erat

1900 2298 2114 2368 adhuc,
2138 2314 2244 2355 nec
2275 2296 2481 2367 aliquae
2505 2294 2685 2351 stellas
2707 2297 2728 2349 Ρ
2747 2296 2863 2349 Aut
2883 2291 2931 2348 si
2956 2304 3189 2360 semper
3210 2289 3269 2343 in
3301 2302 3369 2343 ea
3390 2291 3554 2359 partc

1899 2395 2027 2451 οωιὶ
2046 2399 2155 2466 est,
2184 2395 2243 2449 in
2268 2410 2384 2466 qua
2404 2392 2586 2459 sol,ut
2608 2408 2722 2447 non
2737 2390 2816 2447 sit
2834 2388 2976 2446 solis
2996 2387 3114 2454 lux,
3138 2386 3240 2441 sed
3262 2383 3432 2456 quasi
3454 2400 3552 2440 co-

1900 2501 2026 2539 mes
2058 2485 2207 2555 ejus,
2240 2482 2431 2538 eidem
2451 2480 2535 2537 ita
2556 2480 2966 2548 conjuncta,ut
2986 2470 3555 2544 discernidignosci-

1899 2589 2015 2643 que
2036 2573 2378 2643 nonEpossit,
2395 2571 2466 2626 ad
2484 2569 2752 2625 eamdem
2773 2562 3414 2636 reditur1difﬁcultatem
3430 2560 3551 2617 sol-

1894 2664 2100 2719 vendaa
2115 2664 2294 2733 hujus
2309 2659 2670 2733 quaestionis:
2691 2658 2829 2730 quia
2842 2662 2896 2712 et
2909 2656 3021 2711 ista
3042 2654 3141 2709 lux
3157 2653 3359 2708 eodem
3375 2651 3548 2706 modo

1898 2768 2014 2824 quo
2034 2751 2143 2820 sol,
2166 2754 2444 2821 tanquam
2463 2765 2659 2805 comes
2679 2746 2907 2817 ejus,ab
2930 2760 3139 2800 occasu
3153 2741 3211 2797 in
3231 2746 3424 2797 ortum
3439 2738 3549 2795 cir-

1896 2841 2162 2897 cumiens
2185 2839 2364 2907 redit;
2402 2844 2458 2894 et
2485 2842 2575 2893 est
2604 2837 2664 2893 in
2695 2835 2809 2891 alia
2832 2830 3234 2906 partemundi,
3262 2846 3376 2902 quo
3406 2830 3550 2885 tem-

1895 2948 2034 3004 pore
2050 2948 2187 3004 pars
2202 2932 2317 2987 ista
2337 2932 2397 2987 in
2417 2946 2533 3000 qua
2545 2943 2777 2991 sumus,
2792 2922 3147 2981 tenebrescit
3164 2922 3185 2955 ²
3208 2922 3267 2976 in
3291 2925 3547 2976 noctem.

1896 3024 2102 3094 Exque
2123 3022 2297 3094 cogit,
2317 3020 2472 3093 quod
2487 3017 2729 3083 absit,in
2756 3032 2873 3072 una
2899 3019 3064 3087 parte
3096 3012 3329 3067 credere
3364 3010 3546 3065 Deum

1896 3112 2102 3179 fuisse,
2133 3127 2307 3181 quam
2341 3114 2567 3181 partem
2589 3106 2687 3162 lux
2710 3106 2824 3161 ista
2867 3104 3182 3165 desereret,
3211 3104 3277 3155 ut
3307 3102 3472 3170 posst
3491 3114 3521 3153 e

1894 3216 2133 3271 vespera
2167 3199 2309 3254 fieri.
2346 3201 2430 3254 An
2462 3198 2608 3252 forte
2629 3196 2687 3250 in
2710 3211 2778 3251 ea
2799 3191 3175 3265 partelucem
3196 3189 3429 3255 fecerat,
3480 3186 3542 3243 in

1894 3306 2010 3360 qua
2024 3291 2285 3345 facturus
2298 3292 2423 3344 erat
2442 3287 2764 3352 hominem;
2780 3290 2837 3341 et
2854 3283 2986 3339 ideo
3000 3298 3135 3337 cum
3150 3281 3221 3335 ab
3236 3278 3543 3351 ipsalparte

1892 3377 1993 3433 lux
2012 3376 2403 3445 discessisset,
2425 3390 2673 3446 vespera
2692 3373 2845 3429 facta
2865 3370 3103 3434 dicitur,
3126 3367 3302 3423 etiam
3326 3380 3460 3420 cum
3480 3364 3541 3419 in

1891 3466 2007 3523 alia
2026 3471 2187 3537 parte
2209 3466 2308 3521 lux
2332 3464 2433 3520 illa
2450 3469 2628 3533 esset,
2644 3479 2773 3536 quae
2805 3460 2908 3515 ind
2923 3477 2951 3516 e
2973 3458 3542 3521 discesserat,.mane

1890 3558 2162 3611 exortura
2193 3558 2427 3625 peracto
2458 3550 2705 3608 circuitu
2729 3549 2756 3605 ‘I

1960 3682 2195 3743 CAPUT
2226 3685 2318 3742 ΧΙ.
2348 3717 2415 3725 --
2450 3690 2529 3741 De
2556 3684 2689 3739 solis
2718 3684 2905 3754 ofﬁcio
2951 3696 3094 3736 nova
3128 3677 3425 3749 difficultas
3477 3677 3538 3730 in

2330 3758 2613 3829 superiore
2643 3754 2800 3811 modo
2823 3754 3063 3809 dicendi.

1954 3858 2045 3911 23.
2080 3856 2292 3927 thuid
2325 3868 2463 3926 ergo
2495 3856 2685 3909 factus
2708 3856 2799 3908 est
2829 3850 2994 3906 solin
3028 3850 3382 3921 potestatem
3416 3845 3529 3899 diei

1882 3948 2055 4020 (Psal.
2087 3960 2286 4016 cnxv,
2317 3945 2393 4017 8),
2418 3945 2519 4013 qui
2549 3944 2769 4000 luceret
2785 3957 2965 4015 super
2987 3946 3224 4007 terram,
3244 3937 3295 3993 si
3315 3936 3417 3991 lux
3436 3935 3539 3993 illa

1883 4039 1998 4095 dici
2032 4038 2296 4095 faciendo
2326 4036 2655 4101 suffecerat,
2690 4051 2819 4106 qua
2850 4031 3163 4089 diesetiam
3181 4033 3381 4086 vocata
3410 4028 3536 4083 est?

1882 4134 1968 4187 An
1998 4131 2100 4185 illa
2130 4130 2286 4202 prior
2310 4126 2921 4201 regionessuperiores
2948 4129 3153 4180 eterra
3173 4122 3531 4194 longinquas

1882 4222 2240 4286 lllustrabat,
2264 4224 2329 4275 ut
2358 4218 2559 4275 sentiri
2585 4228 2699 4273 non
2724 4218 3001 4290 possetin
3035 4211 3533 4282 terris;atqueita

1882 4313 2193 4386 oportebat
2234 4311 2417 4368 solem
2465 4310 2609 4375 ﬁeri,
2640 4325 2741 4381 per
2770 4322 2944 4379 quem
2978 4307 3105 4362 dies
3151 4302 3530 4359 inferioribus

1883 4406 2087 4461 mundi
2104 4403 2369 4478 partibus
2382 4401 2719 4475 appareret?
2735 4404 2935 4456 Potest
2949 4402 3007 4454 et
3026 4399 3135 4454 hoc
3152 4397 3528 4463 dici,auctum

1877 4510 2006 4551 esse
2030 4494 2315 4566 fulgorem
2339 4491 2587 4548 dieisole
2605 4489 3013 4560 addito,utper
3030 4488 3191 4542 illam
3214 4485 3401 4541 lucem
3425 4485 3529 4539 mi-

1876 4598 1991 4640 nus
2014 4583 2239 4654 fulgens
2293 4582 2419 4637 dies
2450 4592 2631 4653 quam
2653 4594 2811 4633 nunc
2863 4581 2955 4632 est
2978 4575 3160 4631 fuisse
3218 4574 3515 4629 credatur.

1874 4672 2063 4728 Etiam
2096 4671 2206 4727 hoc
2235 4684 2269 4725 a
2299 4668 2553 4741 quodam
2576 4667 2800 4723 dictum
2823 4663 3230 4735 scio,primum
3253 4666 3527 4717 naturam

1875 4760 2024 4817 lucis
2056 4760 2361 4815 inductam
2392 4759 2451 4813 in
2474 4767 2645 4829 opere
2676 4752 2988 4825 Creatoris,
3014 4769 3149 4809 cum
3181 4752 3404 4807 dictum
3418 4758 3526 4815 est,

1874 4854 2007 4909 Fiat
2033 4853 2212 4918 iunget
2228 4852 2379 4923 facta
2400 4832 2631 4911 estinde;
2653 4850 2858 4919 postea
2872 4854 3005 4901 Vero
3021 4856 3157 4901 cum
3180 4844 3252 4900 de
3272 4843 3525 4899 lumina-

1874 4942 2037 4999 ribus
2059 4939 2445 5013 dicitur,quid
2462 4954 2529 4996 ex
2553 4940 2680 5011 ipsa
2695 4940 2821 4993 luce
2843 4938 3060 4992 factum
3082 4934 3157 4992 sit
3174 4932 3358 4990 fuisse
3373 4950 3528 4990 com-

1876 5036 2289 5101 memoratum,
2314 5029 2518 5086 ordine
2539 5027 2794 5093 dierum,
2819 5040 2934 5098 quo
2957 5026 3151 5082 visum
3174 5028 3525 5081 estCreatori

1872 5125 2080 5178 cuncta
2095 5138 2222 5178 esse
2235 5118 2502 5177 facienda
2524 5108 2683 5191 {quas
2699 5119 2909 5173 natura
2926 5116 3075 5171 lucis
3095 5131 3210 5187 quo
3228 5114 3527 5171 transierit

1869 5212 2021 5268 facta
2044 5224 2302 5284 vespera,
2334 5208 2399 5264 ut
2426 5208 2690 5265 vicissim
2714 5218 2826 5263 nox
2840 5212 3238 5280 perageretur,
3290 5222 3395 5262 nec
3424 5205 3521 5261 illo

1868 5302 2031 5373 dixit,
2066 5319 2170 5358 nec
2202 5300 2367 5358 farile
2387 5300 2634 5357 inveniri
2655 5314 2827 5373 posse
2843 5296 3111 5354 arbitror.
3135 5296 3338 5370 Neque
3367 5297 3519 5353 enim

1865 5393 2211 5447 exstinctam
2236 5407 2363 5446 esse
2384 5388 2740 5445 credendum
2765 5390 3255 5459 est,utnocturnee
3272 5387 3522 5443 tenebrae

1929 5565 1945 5598 ί
1981 5562 2072 5609 Ms.
2106 5562 2445 5611 Colbertinus
2476 5566 2689 5622 tresque
2723 5560 2811 5608 alii
2845 5561 3063 5621 optimae
3095 5563 3254 5615 uotae,
3279 5558 3423 5608 ducit
3446 5561 3523 5609 ita

1865 5626 2111 5674 ciimdcm
2147 5626 2319 5672 lmillm
2358 5625 2515 5672 Il‘ft'rl.
2552 5625 2921 5685 Hieronymus,
2960 5625 3049 5683 qui
3107 5625 3376 5685 vulgatam
3409 5624 3522 5672 edi-

1865 5688 2063 5736 timwm
2096 5692 2176 5736 sui
2212 5689 2464 5744 temporis
2496 5703 2547 5733 se
2586 5692 2827 5735 sectatum
2862 5691 3100 5733 testatur.

1924 5752 1944 5785 ²
1978 5753 2096 5801 Mss.
2137 5757 2460 5805 (:«metanter,
2496 5749 2816 5796 tenebrescit.
