4030 6352
149 350 274 411 305

152 484 451 539 credimus
473 485 532 538 et
553 481 807 538 dicimus
830 481 1014 537 Deum
1037 482 1095 537 in
1119 482 1193 538 iis
1216 499 1342 554 quae
1363 481 1821 548 creavit,indesi-

153 577 362 628 uenter
382 571 843 644 operari.Neque
864 571 1021 626 enim
1048 575 1322 644 tanquam
1349 570 1681 626 substantia
1694 571 1823 640 ejus

152 662 315 717 sicin
342 660 439 716 illo
476 677 708 727 sumus,
742 661 1239 731 quemadmodum
1275 659 1498 714 dictum
1531 663 1640 727 est,
1665 661 1820 731 quod

151 751 571 806 habeatvitam
605 749 664 804 in
700 749 1016 820 semetipso
1052 751 1226 820 (Joan.
1252 767 1306 819 v,
1329 752 1421 818 26)
1448 765 1459 802 :
1487 750 1587 802 sed
1621 749 1820 818 utique

154 857 286 895 cum
318 840 476 895 aliud
505 840 692 895 simus
715 855 890 910 quam
913 839 1055 910 ipse,
1086 857 1198 894 non
1224 840 1295 894 ob
1319 839 1476 894 aliud
1506 838 1562 892 in
1594 837 1688 892 illo
1717 855 1820 893 su-

151 946 308 997 mus,
333 929 448 985 nisi
471 929 608 1000 quia
631 929 687 983 id
716 933 1012 1000 operatur,
1037 937 1090 984 et
1115 929 1222 983 hoc
1245 935 1334 983 est
1359 945 1506 999 opus
1528 928 1677 996 ejus,
1705 943 1819 997 quo

148 1020 412 1074 continet
433 1018 651 1085 omnia,
680 1023 736 1073 et
757 1019 1031 1090 quouejus
1061 1020 1336 1089 sapientia
1362 1017 1632 1088 pertendit
1653 1034 1684 1071 a
1712 1017 1822 1086 ﬁne

145 1126 317 1182 usque
336 1109 405 1164 ad
431 1110 597 1178 ﬁnem
616 1109 856 1178 fortiter,
874 1111 924 1162 et
948 1108 1190 1179 disponit
1215 1110 1400 1162 omnia
1431 1109 1698 1167 suaviter;
1721 1123 1822 1178 per

146 1216 326 1271 quam
351 1198 801 1270 dispositionem
828 1199 887 1251 in
910 1197 1004 1252 illo
1027 1199 1715 1266 vivimus,etmovemur,et
1730 1208 1821 1251 su'

145 1305 288 1343 mus.
316 1288 478 1344 Unde
511 1286 808 1358 colligitur
834 1287 985 1359 quod
1025 1287 1069 1341 si
1108 1286 1215 1341 hoc
1251 1303 1401 1358 opus
1436 1303 1607 1340 suum
1641 1285 1817 1340 rebus

143 1377 522 1447 subtraxerit,
560 1393 664 1431 nec
696 1375 975 1445 vivemus,
1013 1393 1116 1431 nec
1151 1376 1540 1441 movebimur,
1577 1390 1681 1430 nec
1713 1373 1820 1430 eri'

147 1467 503 1523 mus.Claret
530 1465 706 1536 igitur
727 1482 798 1520 ne
821 1483 936 1521 uno
962 1466 1198 1538 quidem
1225 1465 1316 1520 die
1340 1480 1603 1520 cessasse
1635 1469 1814 1519 Deum

143 1557 216 1612 ab
241 1572 416 1626 opere
438 1554 673 1626 regendi
699 1571 825 1625 qua:
849 1554 1161 1623 creavit,ne
1194 1558 1385 1609 motus
1411 1570 1548 1609 suos
1574 1555 1813 1609 natura-

141 1648 229 1704 les
253 1645 470 1718 quibus
485 1650 741 1716 aguntur
755 1651 930 1717 atque
946 1648 1379 1716 vegetantur,ut
1392 1661 1481 1698 om
1494 1644 1630 1698 nino
1646 1648 1786 1698 natu
1799 1682 1818 1692 -

151 1755 228 1792 rae
252 1737 391 1802 sint,
428 1735 565 1792 etin
589 1751 654 1790 eo
687 1735 840 1806 quod
875 1744 1011 1790 sunt
1046 1752 1147 1807 pro
1180 1751 1287 1790 suo
1321 1749 1568 1806 quaeque
1601 1750 1812 1805 genere

149 1823 613 1892 maneant,illico
636 1824 1053 1894 amitterent,et
1071 1841 1198 1880 esse
1221 1823 1445 1894 aliquid
1461 1821 1698 1878 omnino
1713 1824 1810 1878 de-

145 1916 430 1984 sinerent,
466 1914 513 1969 si
541 1912 624 1968 eis
652 1913 1073 1969 subraheretur
1107 1916 1312 1968 motus
1336 1912 1437 1967 ille
1497 1912 1808 1984 Sapientiae

154 2005 398 2076 Dei,quo
422 2002 681 2074 disponit
705 2002 901 2057 omnia
925 2003 1577 2073 suaviter.0uapropter
1602 2001 1686 2056 sic
1713 2018 1806 2058 ac-

151 2094 406 2167 cipimus
425 2093 608 2148 Deum
627 2093 981 2163 requievisse
1001 2093 1072 2147 ab
1097 2091 1370 2147 omnibus
1388 2091 1664 2163 operibus
1682 2091 1808 2148 suis

150 2202 279 2257 quae
313 2181 471 2252 fecit,
503 2185 566 2235 ut
587 2181 710 2251 jam
747 2199 951 2238 novam
987 2186 1254 2237 naturam
1288 2181 1538 2236 ulterius
1584 2180 1806 2237 nullam

150 2273 449 2337 conderet;
468 2287 583 2326 non
607 2275 672 2325 ut
693 2287 759 2326 ea
783 2288 907 2342 quae
932 2270 1600 2341 condiderat,continere
1620 2274 1676 2326 et
1695 2286 1807 2342 gu-

147 2367 397 2420 bernare
417 2361 862 2418 cessaret.Unde
885 2367 940 2418 et
963 2362 1107 2417 illud
1133 2377 1332 2417 verum
1356 2365 1464 2428 est,
1483 2361 1634 2433 quod
1661 2362 1715 2416 in
1731 2377 1810 2416 se-

145 2458 324 2526 ptimo
351 2451 444 2508 die
472 2452 741 2521 requievit
769 2454 938 2516 Deus;
968 2457 1025 2509 et
1049 2451 1217 2522 illud,
1253 2452 1405 2523 quod
1441 2468 1614 2522 usque
1661 2467 1810 2506 nunc

144 2555 431 2613 operatur.

145 2655 380 2710 CAPUT
408 2655 553 2711 XIII.
588 2685 655 2696 ——
686 2655 759 2708 De
789 2651 1014 2706 Sabbati
1061 2650 1455 2704 observatione.
1507 2647 1808 2705 Sabbatum

780 2725 1147 2780 christianum
1158 2763 1170 2776 .

215 2817 392 2871 24.Ει
421 2833 596 2888 opera
627 2815 865 2888 quidem
899 2813 1026 2883 ejus
1057 2811 1323 2867 videmus
1357 2812 1527 2879 bona;
1550 2811 1806 2883 quietem

147 2921 282 2960 vero
318 2907 446 2976 ejus
479 2912 612 2979 post
641 2907 793 2961 bona
847 2919 1022 2974 Opera
1081 2906 1280 2956 nostra
1322 2900 1668 2956 videbimus.
1723 2900 1805 2958 0b

147 3010 329 3066 quam
354 2995 800 3068 significandam
829 2990 1376 3048 mandavitHebraeo
1392 2989 1606 3063 populo
1623 3007 1804 3046 unum

148 3084 306 3139 d.em
338 3085 766 3140 observandum
802 3083 990 3153 (Exod.
1025 3099 1114 3149 xx,
1158 3082 1213 3152 8)
1245 3099 1256 3135 :
1291 3081 1443 3150 quod
1508 3085 1622 3135 tam
1677 3096 1806 3134 car-

147 3174 360 3229 naliter
414 3175 685 3246 agebant,
723 3177 786 3228 ut
817 3189 882 3228 eo
909 3171 1002 3226 die
1033 3170 1282 3226 salutem
1316 3173 1573 3225 nostram
1612 3169 1804 3224 Domi-

147 3281 288 3318 num
324 3263 586 3319 videntes
616 3260 842 3335 operari
872 3259 1344 3328 criminarentur,
1382 3275 1448 3314 ac
1503 3259 1551 3314 si
1601 3259 1685 3314 eis
1737 3259 1807 3314 de

143 3370 318 3425 opere
344 3353 532 3408 Patris
555 3352 878 3408 rectissime
904 3350 1442 3421 responderet,cum
1467 3365 1582 3419 quo
1607 3353 1662 3404 et
1681 3346 1807 3420 ipse

147 3443 504 3514 operabatur
525 3441 970 3513 aequalitermon
999 3438 1187 3494 solum
1215 3442 1494 3493 Creaturze
1518 3438 1804 3493 universa:

143 3531 742 3600 administrationem,
786 3531 885 3586 sed
925 3531 1100 3586 etiam
1124 3528 1312 3600 ipsam
1341 3532 1599 3582 nostram
1647 3527 1807 3582 salu-

143 3629 284 3678 tem.
318 3622 448 3678 Jam
471 3638 606 3678 vero
630 3628 892 3692 tempore
924 3619 1122 3692 gratiae
1154 3617 1437 3683 revelatae,
1469 3618 1797 3673 observatio

145 3711 247 3768 illa
269 3712 522 3779 sabbati,
559 3727 690 3783 qua:
723 3711 898 3767 unius
948 3709 1058 3764 diei
1090 3708 1388 3764 vocatione
1421 3708 1802 3780 ﬁgurabatur,

144 3801 343 3857 ablata
364 3804 452 3857 est
481 3802 552 3857 ab
577 3799 978 3856 observatione
1005 3797 1354 3854 lidelium.ln
1371 3815 1435 3853 ea
1450 3797 1664 3870 quippe
1679 3814 1805 3869 gra-

147 3893 226 3946 tia
251 3897 597 3962 perpetuum
624 3890 934 3946 sabbatum
953 3890 1075 3960 jam
1102 3887 1498 3959 observat,qui
1524 3905 1625 3960 spe
1655 3888 1806 3943 futu-

147 3998 219 4034 rae
254 3981 469 4050 quietis
513 3985 789 4052 operatur
811 3977 1097 4051 quidquid
1123 3977 1257 4034 boni
1283 3981 1577 4050 operatur,
1611 3994 1717 4033 nec
1744 3978 1802 4033 in

143 4071 291 4142 ipsis
314 4069 484 4126 bonis
506 4071 779 4142 operibus
801 4070 947 4134 suis,
966 4069 1133 4140 quasi
1157 4068 1381 4124 habens
1405 4067 1622 4122 bonum
1648 4067 1804 4139 quod

144 4177 259 4215 non
283 4160 994 4232 acceperit,gloriatur:ita
1020 4158 1173 4214 enim
1200 4162 1481 4229 tanquam
1498 4158 1653 4213 diem
1669 4159 1801 4213 sab-

142 4251 284 4316 bati,
325 4249 434 4305 hoc
487 4253 578 4305 est
625 4249 940 4305 Dominicae
992 4245 1332 4302 cessationis
1381 4247 1436 4301 in
1473 4246 1799 4319 sepultura,

142 4339 476 4411 suscipiens
505 4338 1027 4411 atqueintelligens
1042 4337 1799 4410 Baptismisacramentum,

145 4429 401 4500 quiescit
425 4446 458 4482 a
481 4429 742 4501 pristinis
767 4429 1040 4501 operibus
1065 4426 1208 4494 suis;
1234 4428 1435 4498 utjam
1465 4427 1523 4481 in
1550 4427 1802 4483 novitate

153 4519 282 4574 vita:
304 4519 617 4574 ambulans
647 4521 817 4583 (ltom.
849 4536 924 4583 v1,
959 4519 1032 4585 4),
1060 4517 1241 4572 Deum
1272 4517 1328 4571 in
1353 4533 1414 4571 se
1455 4517 1677 4586 cperari
1703 4534 1800 4572 co-

141 4610 514 4680 gnoscat,qui
541 4607 718 4664 simul
741 4606 1799 4680 etoperatur,etquiescit,etcreatura:

141 4699 413 4770 praebens
445 4715 762 4770 congruam
793 4696 1301 4768 gubernationem,
1333 4700 1390 4751 et
1411 4697 1564 4768 apud
1597 4713 1660 4753 se
1692 4696 1800 4752 ha-

142 4788 289 4842 bens
322 4793 597 4842 aeternam
632 4786 1137 4857 tranquillitatem.

139 4876 377 4932 CAPUT
391 4878 428 4932 Χ
443 4877 454 4930 l
467 4876 855 4932 V.——CurDeus
866 4877 1286 4946 sanctiﬁcaverit
1298 4876 1444 4930 diem
1456 4877 1796 4948 quietissuoe.

210 4968 304 5020 ‘25.
339 4966 600 5037 Denique
637 4966 755 5038 ipse
786 4982 889 5020 nec
923 4981 1053 5020 cum
1089 4966 1303 5020 creavit
1353 4966 1643 5031 defessus,
1696 4982 1799 5021 nec

146 5073 282 5111 cum
304 5056 555 5111 cessavit
572 5056 819 5110 refectus
839 5059 948 5120 est;
974 5055 1072 5109 sed
1095 5071 1202 5109 nos
1219 5054 1517 5126 voluitper
1535 5055 1796 5127 Scriptu-

141 5164 265 5200 ram
283 5163 451 5200 suam
471 5147 537 5200 ad
555 5146 764 5214 quietis
778 5144 1068 5199 exhortari
1085 5144 1798 5214 desiderium,intimando

141 5235 310 5291 nobis
362 5251 492 5290 cum
530 5235 684 5289 diem
721 5251 779 5289 se
809 5234 1200 5299 santificasse,
1239 5235 1294 5288 in
1328 5252 1442 5305 quo
1476 5236 1696 5306 quievit
1727 5236 1798 5292 ab

141 5326 418 5382 omnibus
441 5326 717 5397 operibus
750 5323 1054 5380 suis.Nam
1081 5341 1375 5395 nusquam
1409 5325 1673 5381 omnium
1701 5343 1800 5381 sex

141 5416 370 5472 dierum
388 5415 603 5487 quibus
619 5413 1648 5486 creatasuntomnia,legituraliquid
1665 5433 1796 5471 san-

143 5509 212 5560 cti
228 5508 452 5574 licasse,
471 5521 575 5560 nee
598 5509 733 5558 ante
755 5503 915 5575 ipsos
937 5520 1036 5560 sex
1049 5504 1173 5558 dies
1190 5504 1285 5558 ubi
1302 5505 1587 5576 scriptum
1607 5512 1713 5576 est,
1739 5508 1799 5561 In

143 5598 423 5666 prinripio
442 5597 576 5665 [erit
604 5595 742 5648 Deus
763 5594 956 5648 ('(rlum
979 5602 1026 5647 et
1045 5597 1253 5648 trrram
1286 5594 1440 5661 (Gen.
1468 5613 1504 5660 ι,
1535 5596 1602 5658 ll,
1630 5596 1796 5650 1ιάάί-

145 5690 267 5741 tum
290 5690 397 5754 est,
420 5689 485 5740 Et
509 5684 898 5740 sanctiticavit
921 5701 933 5739 :
959 5684 1057 5739 sed
1084 5683 1238 5740 diem
1265 5684 1465 5751 istum,
1492 5687 1546 5740 in
1574 5703 1688 5758 quo
1712 5703 1796 5742 re-

146 5775 363 5849 quievit
391 5776 464 5837 ab
496 5773 777 5836 omnibus
804 5772 1080 5847 operibus
1110 5773 1236 5832 suis
1266 5789 1394 5845 quae
1429 5774 1582 5845 fecit,
1616 5776 1800 5834 voluit

1543 348 1773 408 LIBER
1819 348 2214 419 QUARTUS.

3463 353 3582 414 306

1926 482 2313 554 sanctiﬁcare,
2347 487 2628 556 tanquam
2663 486 2720 540 et
2750 484 2904 555 apud
2939 482 3156 555 ipsum,
3187 484 3287 555 qui
3318 485 3464 540 nihil
3515 487 3576 543 in

1925 587 2098 640 opere
2123 590 2229 628 suo
2264 574 2507 643 laborat,
2544 574 2676 646 plus
2693 572 2860 644 quies
2879 590 3057 645 quam
3089 574 3348 644 operatio
3364 575 3573 633 valeat.

1929 661 2042 716 Hoc
2073 663 2311 732 quidem
2350 663 2404 718 in
2439 663 2782 718 hominibus
2812 662 3189 734 Evangelium
3220 664 3391 719 nobis
3439 665 3575 721 inti-

1927 755 2068 817 mat,
2133 751 2230 805 ubi
2291 751 2553 808 Salvator
2611 757 2814 808 noster
2844 751 3142 808 meliorem
3175 757 3402 824 partem
3434 755 3578 810 dicit

1925 838 2138 908 Mariis,
2175 842 2327 911 quod
2363 842 2574 897 sedens
2606 842 2672 896 ad
2708 857 2883 914 pepes
2917 843 3044 913 ejus
3078 843 3484 915 requiescebat
3515 844 3573 899 in

1923 929 2094 984 verbo
2121 931 2268 999 ejus,
2303 947 2479 1001 quam
2515 930 2775 997 Marthae,
2811 932 3079 1004 quamvis
3121 936 3356 1004 propter
3402 934 3574 989 obse-

1924 1018 2126 1088 quium
2159 1036 2274 1090 quo
2297 1020 2347 1076 ei
2374 1020 2746 1076 ministrabat
2768 1022 2922 1076 circa
2953 1021 3141 1077 multa
3168 1027 3483 1094 occupatae,
3519 1028 3577 1080 et

1924 1105 2060 1162 licet
2079 1108 2297 1164 bonum
2321 1126 2468 1181 opus
2483 1110 2779 1181 operantis
2794 1111 3447 1183 (Luc.x,39-42).Verum
3463 1113 3574 1169 hoc

1923 1195 1980 1249 in
2005 1196 2120 1252 Deo
2143 1199 2436 1268 quomodo
2460 1200 2537 1254 sit
2555 1199 2644 1254 vel
2677 1198 3060 1271 intelligatur,
3085 1200 3320 1257 difﬁcile
3350 1201 3571 1257 dictum

1921 1285 2266 1354 est,etiamsi
2289 1289 2542 1359 cogitatu
2567 1288 3000 1360 aliquantulum
3023 1289 3227 1362 attingi
3251 1294 3576 1362 potest,cur

1925 1375 2075 1431 Deus
2127 1377 2577 1433 sanctiﬁcaverit
2607 1378 2760 1434 diem
2795 1379 3008 1451 quietis
3033 1397 3174 1446 suae,
3209 1380 3308 1452 qui
3343 1380 3571 1436 nullum

1920 1466 2369 1522 sanctiﬁcaverit
2391 1468 2583 1540 operis
2607 1468 2720 1540 sui,
2755 1485 2859 1525 nec
2884 1470 3078 1542 ipsum
3112 1475 3338 1526 sextum
3367 1488 3483 1542 quo
3514 1477 3573 1527 et

1918 1554 2216 1611 hominem
2252 1556 2471 1624 fecit,et
2493 1565 2700 1614 cuncta
2723 1558 3066 1629 perfecit.Ac
3087 1558 3345 1631 primum
3371 1559 3566 1633 ipsum

1919 1645 2280 1716 requiescere
2302 1645 2399 1700 Dei
2425 1645 2599 1718 quale
2614 1646 3170 1718 sit,cujushumanze
3187 1649 3404 1706 mentis
3416 1651 3568 1707 acies

1915 1735 2149 1806 assequi
2174 1736 2412 1806 potest?
2441 1737 2602 1803 Quod
2637 1741 2833 1793 tamen
2861 1737 2973 1793 nisi
2999 1742 3176 1808 esset,
3197 1738 3306 1794 hoc
3327 1739 3566 1796 omnino

1914 1822 2032 1880 ista
2052 1823 2357 1896 Scriptura
2379 1843 2494 1882 non
2519 1826 2984 1898 poneret.Dicam
3009 1843 3150 1884 sane
3173 1830 3328 1900 quod
3352 1831 3560 1898 sentio,

1914 1911 2034 1968 haec
2058 1915 2172 1970 duo
2191 1914 2287 1969 ind
2301 1914 2521 1970 ubitata
2545 1916 3043 1989 praeloquensmec
3056 1918 3424 1985 Deum,velut
3437 1926 3568 1992 post

1912 2002 2174 2058 laborem
2196 2003 2662 2061 desideratumve
2685 2006 2899 2079 negotii
2923 2007 3014 2062 sui
3038 2008 3237 2073 tinem,
3257 2012 3562 2082 temporali

1915 2093 2165 2164 quadam
2192 2093 2390 2166 requie
2411 2094 2894 2162 delectatum;nec
2917 2096 3024 2154 has
3048 2098 3296 2155 Litteras
3319 2102 3567 2155 auctori-

1915 2185 2033 2238 tate
2055 2185 2218 2238 tanta
2241 2184 2450 2240 merito
2472 2185 2906 2257 praeminentes,
2935 2187 3151 2243 frustra
3182 2187 3445 2260 falsoque
3475 2191 3564 2244 di-

1912 2271 2067 2327 xisse
2091 2272 2242 2343 quod
2269 2273 2422 2329 Deus
2445 2274 2515 2328 ab
2539 2275 2814 2331 omnibus
2839 2276 3111 2348 operibus
3125 2278 3250 2333 suis
3264 2295 3391 2350 qum
3409 2279 3563 2352 fecit,

1915 2360 1973 2416 in
2024 2361 2273 2434 septimo
2321 2363 2414 2418 die
2467 2364 2838 2435 requieverit,
2870 2383 3053 2440 eaque
3083 2385 3260 2423 causa
3291 2369 3565 2426 eumdem

1915 2450 2066 2506 diem
2100 2451 2570 2509 sanctificaverit.

1915 2549 2142 2606 CAPUT
2182 2551 2299 2607 XV.
2333 2582 2400 2591 —-
2426 2553 2674 2609 Solvitur
2702 2557 2934 2625 qua'stio
2963 2558 3217 2628 superius
3259 2561 3559 2630 proposita.

1983 2641 2074 2695 26.
2126 2641 2416 2698 Nimirum
2468 2660 2603 2716 ergo
2637 2645 2775 2715 quia
2804 2646 3012 2700 vitium
3044 2651 3134 2702 est
3162 2651 3220 2703 et
3249 2647 3564 2706 infirmitas

1915 2729 2142 2798 animae,
2173 2731 2254 2786 ita
2287 2731 2409 2786 suis
2441 2733 2717 2804 operibus
2747 2734 3110 2804 delectari,ut
3143 2737 3337 2808 potius
3369 2738 3428 2793 in
3455 2739 3561 2803 eis,

1915 2835 2090 2890 quam
2118 2819 2178 2874 in
2201 2837 2263 2876 se
2286 2821 2615 2892 requiescat
2637 2824 2710 2878 ab
2732 2823 2838 2892 eis;
2860 2841 2991 2879 cum
3017 2825 3419 2897 proculdubio
3444 2846 3563 2883 me-

1915 2908 2030 2965 lius
2065 2909 2287 2981 aliquid
2322 2911 2379 2965 in
2413 2910 2513 2966 illa
2543 2911 2618 2966 sit
2649 2929 2761 2984 quo
2793 2929 2860 2969 ea
2891 2915 3043 2969 facta
3073 2920 3414 2987 sunt,quam
3441 2918 3567 2989 ipsa

1917 3016 2042 3070 quae
2077 3001 2227 3055 facta
2258 3006 2399 3056 sunt
2432 3019 2444 3055 :
2479 3001 2817 3058 insinuatur
2849 3003 3017 3059 nobis
3051 3008 3201 3060 Deus
3253 3023 3357 3077 per
3414 3007 3567 3062 hanc

1914 3088 2143 3160 Scriptu
2155 3106 2417 3160 ram,qua
2438 3091 2653 3146 dicitur
2671 3091 3028 3162 requievisse
3045 3093 3116 3148 ab
3139 3094 3415 3151 omnibus
3432 3112 3569 3168 ope-

1916 3177 2079 3234 ribus
2107 3179 2230 3235 suis
2263 3196 2389 3250 qua:
2416 3179 2568 3250 fecit,
2593 3180 2754 3236 nullo
2777 3199 2949 3253 opere
2972 3199 3078 3238 suo
3110 3183 3192 3239 sic
3222 3183 3566 3256 delectatus,

1915 3267 2082 3339 quasi
2115 3268 2365 3324 faciendi
2396 3270 2524 3341 ejus
2555 3271 2802 3343 eguerit,
2837 3270 2923 3326 vel
2958 3271 3153 3328 minor
3185 3273 3419 3330 futurus
3454 3275 3568 3331 nisi

1918 3357 2168 3425 fecisset,
2203 3358 2290 3414 vel
2324 3359 2548 3415 beatior
2578 3376 2712 3416 cum
2748 3361 3148 3427 fecisset.Quia
3179 3364 3335 3419 enim
3369 3380 3437 3419 ex
3470 3363 3568 3422 illo

1916 3448 1996 3503 ita
2027 3451 2114 3504 est
2145 3448 2430 3521 quidquid
2463 3467 2530 3506 ex
2560 3449 2659 3505 illo
2692 3455 2802 3519 est,
2836 3455 2900 3507 ut
2928 3453 2978 3507 ei
3013 3452 3218 3508 debeat
3249 3453 3404 3524 quod
3437 3459 3566 3527 ,est,

1912 3537 2037 3609 ipse
2051 3543 2243 3595 autem
2262 3539 2572 3612 nulliquod
2590 3541 2797 3613 exipso
2812 3546 2918 3612 est,
2946 3542 3149 3598 debeat
3173 3544 3324 3615 quod
3358 3543 3566 3600 beatus

1913 3633 2038 3690 est;
2071 3647 2132 3684 se
2163 3631 2338 3685 rebus
2373 3648 2518 3702 quas
2553 3631 2685 3686 fecit
2719 3630 3012 3704 diligendo
3044 3633 3361 3705 preeposuit
3399 3651 3409 3688 :
3447 3652 3561 3691 non

1913 3717 2454 3776 sanctiﬁcansdiem
2473 3739 2587 3792 quo
2603 3741 2668 3776 ea
2684 3721 2945 3776 facienda
2960 3722 3565 3788 inchoavit,necillum

1913 3826 2028 3881 quo
2043 3825 2108 3865 ea
2122 3810 2382 3881 perfecit,
2403 3828 2505 3866 nec
2522 3810 2636 3867 illis
2652 3811 2734 3867 vel
2751 3811 3030 3868 faciendis
3043 3812 3127 3868 vel
3144 3812 3312 3868 factis
3324 3818 3565 3870 auctum

1914 3899 2040 3969 eius
2067 3899 2347 3971 gaudium
2384 3899 2713 3969 videretur;
2746 3901 2846 3956 sed
2881 3917 3012 3956 eum
3048 3895 3162 3973 quo
3192 3902 3264 3958 ab
3302 3902 3447 3976 ipsis
3507 3904 3567 3960 in

1913 3988 2106 4060 seipso
2131 3988 2510 4059 requievit.Et
2532 3989 2655 4061 ipse
2674 3989 3228 4062 quidemznunquam
3243 3989 3355 4046 ista
3369 3991 3568 4063 requie

1913 4078 2120 4146 caruit,
2151 4079 2249 4134 sed
2278 4078 2444 4134 nobis
2469 4095 2596 4134 eam
2621 4096 2722 4150 per
2743 4079 2897 4135 diem
2922 4080 3240 4153 septimum
3266 4081 3562 4139 ostendit:

1912 4168 2045 4223 hinc
2061 4169 2234 4223 etiam
2259 4167 2602 4240 significans
2621 4186 2733 4223 non
2758 4169 2975 4242 percipi
2995 4170 3251 4242 requiem
3270 4187 3437 4227 suam
3454 4172 3568 4228 nisi

1913 4275 1943 4313 a
1978 4258 2406 4330 perfectis,cum
2441 4257 2510 4313 ad
2546 4275 2674 4313 eam
2711 4258 3096 4316 intimandam
3131 4277 3244 4318 non
3269 4261 3569 4334 deputavit

1913 4347 2209 4415 diem,i.isi
2237 4349 2332 4420 qui
2353 4348 2759 4419 perfectionem
2787 4366 2975 4405 rerum
3001 4352 3267 4406 omnium
3291 4352 3569 4425 sequeba-

1911 4439 2180 4493 tur.Nam
2197 4438 2297 4509 qui
2312 4454 2433 4493 sem
2445 4454 2543 4509 per
2555 4438 3058 4508 estquietus,tunc
3074 4441 3242 4498 nobis
3257 4443 3563 4514 requievit,

1913 4545 2042 4582 cum
2078 4545 2140 4582 se
2173 4528 2526 4598 requievisse
2559 4529 2922 4584 monstravit.

1913 4626 2148 4682 CAPUT
2186 4627 2329 4682 XV].
2365 4658 2427 4667 —
2465 4627 2559 4682 Dei
2587 4628 2799 4696 requies
2831 4627 2899 4682 ab
2929 4630 3184 4699 operibus
3212 4633 3328 4686 suis
3377 4633 3436 4687 in
3487 4648 3565 4688 se-

2576 4703 2750 4770 ptimo
2786 4699 2894 4754 die.

1981 4787 2252 4844 27.1llud
2316 4805 2549 4859 quoque
2604 4789 3026 4846 attendendum
3083 4796 3193 4860 est,
3249 4793 3404 4864 quod
3466 4793 3559 4848 Dei

1911 4879 2196 4949 requiem,
2231 4894 2348 4948 qua
2377 4878 2448 4932 de
2481 4876 2672 4949 seipso
2706 4879 2910 4934 beatus
2941 4884 3048 4947 est,
3074 4880 3244 4936 nobis
3274 4880 3561 4937 insinuari

1911 4971 2234 5038 oportebat,
2270 4971 2334 5021 ut
2363 4965 2760 5038 intelligamus
2791 4970 3084 5040 quomodo
3114 4969 3342 5026 dicatur
3381 4970 3561 5027 etiam

1914 5056 2276 5128 requiescere
2324 5057 2382 5112 in
2438 5057 2641 5124 nobis;
2675 5059 2830 5129 quod
2864 5075 2977 5114 non
3011 5058 3246 5126 dicitur,
3281 5059 3395 5116 nisi
3426 5076 3560 5116 cum

1912 5146 1970 5200 in
2004 5163 2064 5201 se
2096 5147 2356 5217 requiem
2394 5150 2630 5218 praestat
2658 5152 2716 5202 et
2746 5147 2933 5203 nobis.
2969 5148 3216 5220 Requies
3249 5148 3431 5220 igitur
3459 5149 3562 5206 Dei

1913 5242 2062 5291 recte
2085 5236 2546 5307 intelligentibus
2565 5254 2632 5291 ea
2648 5242 2881 5307 est,qua
2901 5236 3122 5291 nullius
3140 5239 3362 5311 indiget
3380 5241 3560 5296 bono:

1912 5331 1965 5378 et
1991 5325 2116 5379 ideo
2148 5332 2301 5379 certa
2341 5331 2394 5379 et
2424 5326 2592 5380 nobis
2624 5325 2681 5380 in
2715 5325 2814 5381 illo
2846 5330 2953 5394 est,
2989 5326 3126 5396 quia
3154 5334 3212 5384 et
3244 5346 3349 5385 nos
3381 5329 3562 5386 beati-

1913 5415 2159 5470 ticamur
2189 5416 2338 5470 bono
2372 5416 2526 5487 quod
2559 5415 2682 5487 ipse
2714 5419 2820 5483 est,
2857 5432 2970 5470 non
3022 5417 3146 5489 ipse
3200 5418 3350 5476 bono
3406 5421 3561 5492 quod

1913 5523 2019 5560 nos
2053 5522 2281 5560 sumus.
2304 5505 2446 5560 Nam
2480 5510 2534 5560 et
2567 5522 2671 5560 nos
2703 5505 2936 5577 aliquod
2973 5508 3193 5564 bonum
3224 5510 3296 5564 ab
3330 5510 3428 5566 illo
3460 5530 3565 5568 su-

1917 5612 2066 5664 mus,
2094 5596 2189 5665 qui
2223 5595 2353 5648 fecit
2385 5596 2581 5648 omnia
2614 5596 2764 5649 bona
2795 5596 2977 5664 valde,
3002 5597 3059 5652 in
3093 5599 3312 5670 quibus
3345 5602 3478 5657 fecit
3509 5606 3567 5658 et

1915 5703 2040 5741 nos.
2075 5690 2249 5740 Porro
2282 5685 2398 5739 alia
2423 5702 2514 5739 res
2549 5686 2703 5740 bona
2733 5691 2941 5756 praeter
2982 5689 3176 5759 ipsum
3241 5689 3401 5746 nulla
3452 5697 3562 5760 est,

1914 5792 2092 5849 quam
2116 5775 2239 5848 ipse
2261 5791 2375 5833 non
2399 5775 2553 5847 fecit;
2579 5793 2645 5834 ac
2667 5793 2768 5849 per
2792 5777 2897 5833 hoc
2927 5777 3086 5837 nullo
3117 5783 3327 5854 praeter
3355 5797 3417 5840 se
3445 5781 3560 5840 alio
