  <div class='ocr_page' id='page_1' title='image "/cluster/home/n/w/nwhite01/storage/ocr_20150623/34/umn.31951002477328u/165.png"; bbox 0 0 4030 6376; ppageno 0'>
   <div class='ocr_carea' id='block_1_1' title="bbox 435 353 552 415">
    <p class='ocr_par' dir='ltr' id='par_1_1' title="bbox 435 353 552 415">
     <span class='ocr_line' id='line_1_1' title="bbox 435 353 552 415; baseline 0.017 -3"><span class='ocrx_word' id='word_1_1' title='bbox 435 353 552 415; x_wconf 76' lang='grc'>319</span> 
     </span>
    </p>
   </div>
   <div class='ocr_carea' id='block_1_2' title="bbox 433 485 2084 560">
    <p class='ocr_par' dir='ltr' id='par_1_2' title="bbox 433 485 2084 560">
     <span class='ocr_line' id='line_1_2' title="bbox 433 485 2084 560; baseline 0.004 -20"><span class='ocrx_word' id='word_1_2' title='bbox 433 485 666 542; x_wconf 88' lang='lat' dir='ltr'>CAPUT</span> <span class='ocrx_word' id='word_1_3' title='bbox 708 487 944 543; x_wconf 82' lang='lat' dir='ltr'>XXXIV.</span> <span class='ocrx_word' id='word_1_4' title='bbox 982 519 1050 529; x_wconf 87' lang='lat'>—-</span> <span class='ocrx_word' id='word_1_5' title='bbox 1084 491 1281 546; x_wconf 82' lang='lat' dir='ltr'><em>Omnia</em></span> <span class='ocrx_word' id='word_1_6' title='bbox 1311 496 1361 545; x_wconf 83' lang='lat' dir='ltr'>et</span> <span class='ocrx_word' id='word_1_7' title='bbox 1389 489 1565 546; x_wconf 80' lang='lat' dir='ltr'>simul</span> <span class='ocrx_word' id='word_1_8' title='bbox 1593 493 1766 560; x_wconf 71' lang='lat' dir='ltr'>facta,</span> <span class='ocrx_word' id='word_1_9' title='bbox 1791 495 1842 546; x_wconf 82' lang='lat' dir='ltr'>et</span> <span class='ocrx_word' id='word_1_10' title='bbox 1872 491 2084 546; x_wconf 81' lang='lat' dir='ltr'>nihilo-</span> 
     </span>
    </p>
   </div>
   <div class='ocr_carea' id='block_1_3' title="bbox 869 562 1644 633">
    <p class='ocr_par' dir='ltr' id='par_1_3' title="bbox 869 562 1644 633">
     <span class='ocr_line' id='line_1_3' title="bbox 869 562 1644 633; baseline 0.003 -19"><span class='ocrx_word' id='word_1_11' title='bbox 869 562 1054 615; x_wconf 77' lang='lat' dir='ltr'>minus</span> <span class='ocrx_word' id='word_1_12' title='bbox 1080 579 1183 633; x_wconf 82' lang='lat' dir='ltr'>per</span> <span class='ocrx_word' id='word_1_13' title='bbox 1208 580 1302 618; x_wconf 76' lang='lat' dir='ltr'>sea:</span> <span class='ocrx_word' id='word_1_14' title='bbox 1331 565 1447 617; x_wconf 78' lang='lat' dir='ltr'>dies</span> <span class='ocrx_word' id='word_1_15' title='bbox 1478 565 1644 633; x_wconf 80' lang='lat' dir='ltr'>facta.</span> 
     </span>
    </p>
   </div>
   <div class='ocr_carea' id='block_1_4' title="bbox 506 665 2081 740">
    <p class='ocr_par' dir='ltr' id='par_1_4' title="bbox 506 665 2081 740">
     <span class='ocr_line' id='line_1_4' title="bbox 506 665 2081 740; baseline 0.004 -22"><span class='ocrx_word' id='word_1_16' title='bbox 506 665 905 728; x_wconf 79' lang='lat' dir='ltr'>53.0uomodo</span> <span class='ocrx_word' id='word_1_17' title='bbox 936 684 1072 739; x_wconf 85' lang='lat' dir='ltr'>ergo</span> <span class='ocrx_word' id='word_1_18' title='bbox 1104 669 1355 724; x_wconf 86' lang='lat' dir='ltr'>dicimus</span> <span class='ocrx_word' id='word_1_19' title='bbox 1388 671 1574 724; x_wconf 85' lang='lat' dir='ltr'>sexies</span> <span class='ocrx_word' id='word_1_20' title='bbox 1606 669 1908 740; x_wconf 80' lang='lat' dir='ltr'>repetitam</span> <span class='ocrx_word' id='word_1_21' title='bbox 1935 668 2081 724; x_wconf 88' lang='lat' dir='ltr'>lucis</span> 
     </span>
    </p>
   </div>
   <div class='ocr_carea' id='block_1_5' title="bbox 435 753 2082 828">
    <p class='ocr_par' dir='ltr' id='par_1_5' title="bbox 435 753 2082 828">
     <span class='ocr_line' id='line_1_5' title="bbox 435 753 2082 828; baseline 0.004 -21"><span class='ocrx_word' id='word_1_22' title='bbox 435 753 599 808; x_wconf 89' lang='lat' dir='ltr'>illius</span> <span class='ocrx_word' id='word_1_23' title='bbox 631 757 998 825; x_wconf 66' lang='lat' dir='ltr'>praesentiam</span> <span class='ocrx_word' id='word_1_24' title='bbox 1036 775 1133 828; x_wconf 89' lang='lat' dir='ltr'>per</span> <span class='ocrx_word' id='word_1_25' title='bbox 1163 758 1481 828; x_wconf 81' lang='lat' dir='ltr'>angelicam</span> <span class='ocrx_word' id='word_1_26' title='bbox 1504 759 1894 828; x_wconf 72' lang='lat' dir='ltr'>cognitionem</span> <span class='ocrx_word' id='word_1_27' title='bbox 1930 776 1962 812; x_wconf 90' lang='lat' dir='ltr'>a</span> <span class='ocrx_word' id='word_1_28' title='bbox 1991 776 2082 814; x_wconf 89' lang='lat' dir='ltr'>ve-</span> 
     </span>
    </p>
   </div>
   <div class='ocr_carea' id='block_1_6' title="bbox 439 847 2082 920">
    <p class='ocr_par' dir='ltr' id='par_1_6' title="bbox 439 847 2082 920">
     <span class='ocr_line' id='line_1_6' title="bbox 439 847 2082 920; baseline 0.002 -20"><span class='ocrx_word' id='word_1_29' title='bbox 439 863 612 918; x_wconf 87' lang='lat' dir='ltr'>spera</span> <span class='ocrx_word' id='word_1_30' title='bbox 642 847 711 901; x_wconf 88' lang='lat' dir='ltr'>ad</span> <span class='ocrx_word' id='word_1_31' title='bbox 748 865 952 903; x_wconf 90' lang='lat' dir='ltr'>mane:</span> <span class='ocrx_word' id='word_1_32' title='bbox 977 866 1107 903; x_wconf 90' lang='lat' dir='ltr'>cum</span> <span class='ocrx_word' id='word_1_33' title='bbox 1144 850 1271 920; x_wconf 89' lang='lat' dir='ltr'>ipsa</span> <span class='ocrx_word' id='word_1_34' title='bbox 1302 849 1413 905; x_wconf 83' lang='lat' dir='ltr'>tria</span> <span class='ocrx_word' id='word_1_35' title='bbox 1442 849 1702 915; x_wconf 87' lang='lat' dir='ltr'>simul,id</span> <span class='ocrx_word' id='word_1_36' title='bbox 1735 856 1821 904; x_wconf 87' lang='lat' dir='ltr'>est</span> <span class='ocrx_word' id='word_1_37' title='bbox 1852 850 2082 904; x_wconf 83' lang='lat' dir='ltr'>etdicm</span> 
     </span>
    </p>
   </div>
   <div class='ocr_carea' id='block_1_7' title="bbox 438 939 2080 1006">
    <p class='ocr_par' dir='ltr' id='par_1_7' title="bbox 438 939 2080 1006">
     <span class='ocr_line' id='line_1_7' title="bbox 438 939 2080 1006; baseline 0.002 -16"><span class='ocrx_word' id='word_1_38' title='bbox 438 939 496 990; x_wconf 89' lang='lat' dir='ltr'>et</span> <span class='ocrx_word' id='word_1_39' title='bbox 544 952 846 1006; x_wconf 82' lang='lat' dir='ltr'>vesperam</span> <span class='ocrx_word' id='word_1_40' title='bbox 882 943 938 991; x_wconf 92' lang='lat' dir='ltr'>et</span> <span class='ocrx_word' id='word_1_41' title='bbox 972 954 1160 1001; x_wconf 79' lang='lat' dir='ltr'>mane,</span> <span class='ocrx_word' id='word_1_42' title='bbox 1195 939 1372 993; x_wconf 88' lang='lat' dir='ltr'>semel</span> <span class='ocrx_word' id='word_1_43' title='bbox 1407 939 1455 993; x_wconf 92' lang='lat' dir='ltr'>ei</span> <span class='ocrx_word' id='word_1_44' title='bbox 1501 939 1712 993; x_wconf 83' lang='lat' dir='ltr'>habere</span> <span class='ocrx_word' id='word_1_45' title='bbox 1746 939 2038 993; x_wconf 77' lang='lat' dir='ltr'>suffecerit</span> <span class='ocrx_word' id='word_1_46' title='bbox 2068 955 2080 993; x_wconf 92' lang='lat'><strong>:</strong></span> 
     </span>
    </p>
   </div>
   <div class='ocr_carea' id='block_1_8' title="bbox 441 1024 2085 1092">
    <p class='ocr_par' dir='ltr' id='par_1_8' title="bbox 441 1024 2085 1092">
     <span class='ocr_line' id='line_1_8' title="bbox 441 1024 2085 1092; baseline 0.002 -15"><span class='ocrx_word' id='word_1_47' title='bbox 441 1039 573 1078; x_wconf 89' lang='lat' dir='ltr'>cum</span> <span class='ocrx_word' id='word_1_48' title='bbox 603 1024 777 1078; x_wconf 86' lang='lat' dir='ltr'>simul</span> <span class='ocrx_word' id='word_1_49' title='bbox 813 1025 1144 1080; x_wconf 82' lang='lat' dir='ltr'>universam</span> <span class='ocrx_word' id='word_1_50' title='bbox 1179 1027 1695 1092; x_wconf 82' lang='lat' dir='ltr'>creaturam,sicut</span> <span class='ocrx_word' id='word_1_51' title='bbox 1727 1027 1901 1081; x_wconf 87' lang='lat' dir='ltr'>simul</span> <span class='ocrx_word' id='word_1_52' title='bbox 1935 1027 2085 1082; x_wconf 90' lang='lat' dir='ltr'>facta</span> 
     </span>
    </p>
   </div>
   <div class='ocr_carea' id='block_1_9' title="bbox 439 1113 2083 1184">
    <p class='ocr_par' dir='ltr' id='par_1_9' title="bbox 439 1113 2083 1184">
     <span class='ocr_line' id='line_1_9' title="bbox 439 1113 2083 1184; baseline 0.001 -18"><span class='ocrx_word' id='word_1_53' title='bbox 439 1117 546 1176; x_wconf 85' lang='lat' dir='ltr'>est,</span> <span class='ocrx_word' id='word_1_54' title='bbox 575 1119 631 1167; x_wconf 89' lang='lat' dir='ltr'>et</span> <span class='ocrx_word' id='word_1_55' title='bbox 662 1113 719 1167; x_wconf 90' lang='lat' dir='ltr'>in</span> <span class='ocrx_word' id='word_1_56' title='bbox 755 1113 960 1182; x_wconf 80' lang='lat' dir='ltr'>primis</span> <span class='ocrx_word' id='word_1_57' title='bbox 992 1119 1168 1184; x_wconf 89' lang='lat' dir='ltr'>atque</span> <span class='ocrx_word' id='word_1_58' title='bbox 1219 1115 1800 1170; x_wconf 84' lang='lat' dir='ltr'>incommutabilihus</span> <span class='ocrx_word' id='word_1_59' title='bbox 1841 1115 2083 1170; x_wconf 87' lang='lat' dir='ltr'>rationi-</span> 
     </span>
    </p>
   </div>
   <div class='ocr_carea' id='block_1_10' title="bbox 438 1200 2087 1276">
    <p class='ocr_par' dir='ltr' id='par_1_10' title="bbox 438 1200 2087 1276">
     <span class='ocr_line' id='line_1_10' title="bbox 438 1200 2087 1276; baseline 0.003 -22"><span class='ocrx_word' id='word_1_60' title='bbox 438 1200 568 1266; x_wconf 91' lang='lat' dir='ltr'>bus,</span> <span class='ocrx_word' id='word_1_61' title='bbox 604 1217 704 1271; x_wconf 89' lang='lat' dir='ltr'>per</span> <span class='ocrx_word' id='word_1_62' title='bbox 733 1219 881 1273; x_wconf 90' lang='lat' dir='ltr'>quas</span> <span class='ocrx_word' id='word_1_63' title='bbox 913 1205 1142 1258; x_wconf 90' lang='lat' dir='ltr'>condita</span> <span class='ocrx_word' id='word_1_64' title='bbox 1171 1210 1280 1271; x_wconf 92' lang='lat' dir='ltr'>est,</span> <span class='ocrx_word' id='word_1_65' title='bbox 1313 1205 1808 1276; x_wconf 78' lang='lat' dir='ltr'>contemplaretur</span> <span class='ocrx_word' id='word_1_66' title='bbox 1852 1210 2087 1276; x_wconf 79' lang='lat' dir='ltr'>propter</span> 
     </span>
    </p>
   </div>
   <div class='ocr_carea' id='block_1_11' title="bbox 439 1289 2087 1365">
    <p class='ocr_par' dir='ltr' id='par_1_11' title="bbox 439 1289 2087 1365">
     <span class='ocr_line' id='line_1_11' title="bbox 439 1289 2087 1365; baseline 0.004 -24"><span class='ocrx_word' id='word_1_67' title='bbox 439 1289 617 1354; x_wconf 90' lang='lat' dir='ltr'>diem,</span> <span class='ocrx_word' id='word_1_68' title='bbox 652 1296 707 1344; x_wconf 89' lang='lat' dir='ltr'>et</span> <span class='ocrx_word' id='word_1_69' title='bbox 735 1290 793 1346; x_wconf 91' lang='lat' dir='ltr'>in</span> <span class='ocrx_word' id='word_1_70' title='bbox 821 1293 948 1361; x_wconf 83' lang='lat' dir='ltr'>ejus</span> <span class='ocrx_word' id='word_1_71' title='bbox 981 1293 1166 1363; x_wconf 84' lang='lat' dir='ltr'>ipsius</span> <span class='ocrx_word' id='word_1_72' title='bbox 1198 1299 1408 1349; x_wconf 88' lang='lat' dir='ltr'>natura</span> <span class='ocrx_word' id='word_1_73' title='bbox 1440 1299 1813 1364; x_wconf 78' lang='lat' dir='ltr'>cognosceret</span> <span class='ocrx_word' id='word_1_74' title='bbox 1850 1298 2087 1365; x_wconf 84' lang='lat' dir='ltr'>pmpter</span> 
     </span>
    </p>
   </div>
   <div class='ocr_carea' id='block_1_12' title="bbox 439 1383 2084 1454">
    <p class='ocr_par' dir='ltr' id='par_1_12' title="bbox 439 1383 2084 1454">
     <span class='ocr_line' id='line_1_12' title="bbox 439 1383 2084 1454; baseline 0.004 -24"><span class='ocrx_word' id='word_1_75' title='bbox 439 1393 765 1448; x_wconf 70' lang='lat' dir='ltr'>vesperam,</span> <span class='ocrx_word' id='word_1_76' title='bbox 786 1385 841 1435; x_wconf 90' lang='lat' dir='ltr'>et</span> <span class='ocrx_word' id='word_1_77' title='bbox 869 1383 1197 1437; x_wconf 75' lang='lat' dir='ltr'>Creatorem</span> <span class='ocrx_word' id='word_1_78' title='bbox 1230 1400 1297 1437; x_wconf 81' lang='lat' dir='ltr'>ex</span> <span class='ocrx_word' id='word_1_79' title='bbox 1327 1383 1454 1454; x_wconf 87' lang='lat' dir='ltr'>ipsa</span> <span class='ocrx_word' id='word_1_80' title='bbox 1482 1383 1655 1437; x_wconf 89' lang='lat' dir='ltr'>etiam</span> <span class='ocrx_word' id='word_1_81' title='bbox 1689 1383 1959 1438; x_wconf 85' lang='lat' dir='ltr'>inferiore</span> <span class='ocrx_word' id='word_1_82' title='bbox 1990 1399 2084 1437; x_wconf 89' lang='lat' dir='ltr'>co-</span> 
     </span>
    </p>
   </div>
   <div class='ocr_carea' id='block_1_13' title="bbox 439 1467 2086 1542">
    <p class='ocr_par' dir='ltr' id='par_1_13' title="bbox 439 1467 2086 1542">
     <span class='ocr_line' id='line_1_13' title="bbox 439 1467 2086 1542; baseline 0.004 -22"><span class='ocrx_word' id='word_1_83' title='bbox 439 1467 698 1537; x_wconf 86' lang='lat' dir='ltr'>gnitione</span> <span class='ocrx_word' id='word_1_84' title='bbox 747 1474 980 1541; x_wconf 87' lang='lat' dir='ltr'>propter</span> <span class='ocrx_word' id='word_1_85' title='bbox 1037 1487 1208 1526; x_wconf 87' lang='lat' dir='ltr'>mane</span> <span class='ocrx_word' id='word_1_86' title='bbox 1257 1471 1584 1526; x_wconf 84' lang='lat' dir='ltr'>laudaret?</span> <span class='ocrx_word' id='word_1_87' title='bbox 1639 1474 1751 1526; x_wconf 90' lang='lat' dir='ltr'>Aut</span> <span class='ocrx_word' id='word_1_88' title='bbox 1794 1471 2086 1542; x_wconf 90' lang='lat' dir='ltr'>quomodo</span> 
     </span>
    </p>
   </div>
   <div class='ocr_carea' id='block_1_14' title="bbox 440 1557 2088 1632">
    <p class='ocr_par' dir='ltr' id='par_1_14' title="bbox 440 1557 2088 1632">
     <span class='ocr_line' id='line_1_14' title="bbox 440 1557 2088 1632; baseline 0.003 -22"><span class='ocrx_word' id='word_1_89' title='bbox 440 1557 802 1625; x_wconf 71' lang='lat' dir='ltr'>praecedebat</span> <span class='ocrx_word' id='word_1_90' title='bbox 833 1563 1088 1627; x_wconf 86' lang='lat' dir='ltr'>mane,ut</span> <span class='ocrx_word' id='word_1_91' title='bbox 1117 1559 1176 1614; x_wconf 92' lang='lat' dir='ltr'>in</span> <span class='ocrx_word' id='word_1_92' title='bbox 1206 1561 1392 1615; x_wconf 89' lang='lat' dir='ltr'>Verbo</span> <span class='ocrx_word' id='word_1_93' title='bbox 1416 1566 1792 1632; x_wconf 85' lang='lat' dir='ltr'>cognosceret</span> <span class='ocrx_word' id='word_1_94' title='bbox 1827 1560 1967 1630; x_wconf 90' lang='lat' dir='ltr'>quid</span> <span class='ocrx_word' id='word_1_95' title='bbox 2001 1576 2088 1615; x_wconf 91' lang='lat' dir='ltr'>es-</span> 
     </span>
    </p>
   </div>
   <div class='ocr_carea' id='block_1_15' title="bbox 438 1646 2086 1720">
    <p class='ocr_par' dir='ltr' id='par_1_15' title="bbox 438 1646 2086 1720">
     <span class='ocr_line' id='line_1_15' title="bbox 438 1646 2086 1720; baseline 0.002 -21"><span class='ocrx_word' id='word_1_96' title='bbox 438 1649 528 1699; x_wconf 89' lang='lat' dir='ltr'>set</span> <span class='ocrx_word' id='word_1_97' title='bbox 559 1646 673 1700; x_wconf 93' lang='lat' dir='ltr'>Deo</span> <span class='ocrx_word' id='word_1_98' title='bbox 720 1652 920 1717; x_wconf 86' lang='lat' dir='ltr'>postea</span> <span class='ocrx_word' id='word_1_99' title='bbox 967 1648 1317 1714; x_wconf 86' lang='lat' dir='ltr'>faciendum,</span> <span class='ocrx_word' id='word_1_100' title='bbox 1348 1649 1605 1720; x_wconf 90' lang='lat' dir='ltr'>idipsum</span> <span class='ocrx_word' id='word_1_101' title='bbox 1656 1649 1829 1704; x_wconf 85' lang='lat' dir='ltr'>etiam</span> <span class='ocrx_word' id='word_1_102' title='bbox 1884 1665 2086 1703; x_wconf 88' lang='lat' dir='ltr'>conse-</span> 
     </span>
    </p>
   </div>
   <div class='ocr_carea' id='block_1_16' title="bbox 439 1736 2086 1809">
    <p class='ocr_par' dir='ltr' id='par_1_16' title="bbox 439 1736 2086 1809">
     <span class='ocr_line' id='line_1_16' title="bbox 439 1736 2086 1809; baseline 0.001 -21"><span class='ocrx_word' id='word_1_103' title='bbox 439 1739 687 1804; x_wconf 86' lang='lat' dir='ltr'>quenter</span> <span class='ocrx_word' id='word_1_104' title='bbox 717 1752 953 1808; x_wconf 90' lang='lat' dir='ltr'>vespere</span> <span class='ocrx_word' id='word_1_105' title='bbox 978 1738 1357 1809; x_wconf 84' lang='lat' dir='ltr'>cognitura,si</span> <span class='ocrx_word' id='word_1_106' title='bbox 1393 1739 1558 1809; x_wconf 91' lang='lat' dir='ltr'>prius</span> <span class='ocrx_word' id='word_1_107' title='bbox 1589 1743 1644 1793; x_wconf 92' lang='lat' dir='ltr'>et</span> <span class='ocrx_word' id='word_1_108' title='bbox 1675 1737 1964 1809; x_wconf 83' lang='lat' dir='ltr'>posterius</span> <span class='ocrx_word' id='word_1_109' title='bbox 1997 1736 2086 1790; x_wconf 88' lang='lat' dir='ltr'>ni—</span> 
     </span>
    </p>
   </div>
   <div class='ocr_carea' id='block_1_17' title="bbox 440 1821 2088 1896">
    <p class='ocr_par' dir='ltr' id='par_1_17' title="bbox 440 1821 2088 1896">
     <span class='ocr_line' id='line_1_17' title="bbox 440 1821 2088 1896; baseline 0.002 -20"><span class='ocrx_word' id='word_1_110' title='bbox 440 1821 521 1876; x_wconf 86' lang='lat' dir='ltr'>hil</span> <span class='ocrx_word' id='word_1_111' title='bbox 568 1823 782 1878; x_wconf 86' lang='lat' dir='ltr'>factum</span> <span class='ocrx_word' id='word_1_112' title='bbox 817 1829 926 1887; x_wconf 91' lang='lat' dir='ltr'>est,</span> <span class='ocrx_word' id='word_1_113' title='bbox 959 1825 1097 1896; x_wconf 90' lang='lat' dir='ltr'>quia</span> <span class='ocrx_word' id='word_1_114' title='bbox 1125 1826 1302 1880; x_wconf 89' lang='lat' dir='ltr'>simul</span> <span class='ocrx_word' id='word_1_115' title='bbox 1335 1826 1532 1882; x_wconf 86' lang='lat' dir='ltr'>omnia</span> <span class='ocrx_word' id='word_1_116' title='bbox 1565 1827 1714 1882; x_wconf 87' lang='lat' dir='ltr'>facta</span> <span class='ocrx_word' id='word_1_117' title='bbox 1750 1826 1935 1882; x_wconf 87' lang='lat' dir='ltr'>sunt?</span> <span class='ocrx_word' id='word_1_118' title='bbox 1969 1826 2088 1880; x_wconf 90' lang='lat' dir='ltr'>Imo</span> 
     </span>
    </p>
   </div>
   <div class='ocr_carea' id='block_1_18' title="bbox 437 1913 2088 1988">
    <p class='ocr_par' dir='ltr' id='par_1_18' title="bbox 437 1913 2088 1988">
     <span class='ocr_line' id='line_1_18' title="bbox 437 1913 2088 1988; baseline 0.002 -23"><span class='ocrx_word' id='word_1_119' title='bbox 437 1927 570 1966; x_wconf 89' lang='lat' dir='ltr'>vero</span> <span class='ocrx_word' id='word_1_120' title='bbox 621 1916 677 1966; x_wconf 89' lang='lat' dir='ltr'>et</span> <span class='ocrx_word' id='word_1_121' title='bbox 706 1913 867 1981; x_wconf 90' lang='lat' dir='ltr'>prius</span> <span class='ocrx_word' id='word_1_122' title='bbox 917 1920 1092 1986; x_wconf 89' lang='lat' dir='ltr'>atque</span> <span class='ocrx_word' id='word_1_123' title='bbox 1142 1915 1433 1986; x_wconf 86' lang='lat' dir='ltr'>posterius</span> <span class='ocrx_word' id='word_1_124' title='bbox 1483 1933 1586 1988; x_wconf 92' lang='lat' dir='ltr'>per</span> <span class='ocrx_word' id='word_1_125' title='bbox 1637 1933 1735 1971; x_wconf 88' lang='lat' dir='ltr'>sex</span> <span class='ocrx_word' id='word_1_126' title='bbox 1783 1916 1909 1970; x_wconf 89' lang='lat' dir='ltr'>dies</span> <span class='ocrx_word' id='word_1_127' title='bbox 1962 1932 2088 1986; x_wconf 63' lang='lat' dir='ltr'>qua</span> 
     </span>
    </p>
   </div>
   <div class='ocr_carea' id='block_1_19' title="bbox 439 2003 2087 2074">
    <p class='ocr_par' dir='ltr' id='par_1_19' title="bbox 439 2003 2087 2074">
     <span class='ocr_line' id='line_1_19' title="bbox 439 2003 2087 2074; baseline 0.003 -20"><span class='ocrx_word' id='word_1_128' title='bbox 439 2007 900 2058; x_wconf 82' lang='lat' dir='ltr'>commemorata</span> <span class='ocrx_word' id='word_1_129' title='bbox 931 2009 1069 2058; x_wconf 89' lang='lat' dir='ltr'>sunt</span> <span class='ocrx_word' id='word_1_130' title='bbox 1099 2005 1248 2059; x_wconf 86' lang='lat' dir='ltr'>facta</span> <span class='ocrx_word' id='word_1_131' title='bbox 1283 2013 1441 2074; x_wconf 88' lang='lat' dir='ltr'>sunt,</span> <span class='ocrx_word' id='word_1_132' title='bbox 1475 2010 1530 2060; x_wconf 90' lang='lat' dir='ltr'>et</span> <span class='ocrx_word' id='word_1_133' title='bbox 1561 2005 1737 2060; x_wconf 88' lang='lat' dir='ltr'>simul</span> <span class='ocrx_word' id='word_1_134' title='bbox 1779 2003 1975 2059; x_wconf 89' lang='lat' dir='ltr'>omnia</span> <span class='ocrx_word' id='word_1_135' title='bbox 2000 2006 2087 2059; x_wconf 89' lang='lat' dir='ltr'>fa-</span> 
     </span>
    </p>
   </div>
   <div class='ocr_carea' id='block_1_20' title="bbox 441 2091 2088 2166">
    <p class='ocr_par' dir='ltr' id='par_1_20' title="bbox 441 2091 2088 2166">
     <span class='ocr_line' id='line_1_20' title="bbox 441 2091 2088 2166; baseline 0.003 -21"><span class='ocrx_word' id='word_1_136' title='bbox 441 2094 533 2146; x_wconf 87' lang='lat' dir='ltr'>cta</span> <span class='ocrx_word' id='word_1_137' title='bbox 561 2095 702 2145; x_wconf 90' lang='lat' dir='ltr'>sunt</span> <span class='ocrx_word' id='word_1_138' title='bbox 734 2107 745 2144; x_wconf 90' lang='lat'><strong>:</strong></span> <span class='ocrx_word' id='word_1_139' title='bbox 782 2091 921 2162; x_wconf 91' lang='lat' dir='ltr'>quia</span> <span class='ocrx_word' id='word_1_140' title='bbox 967 2098 1023 2148; x_wconf 89' lang='lat' dir='ltr'>et</span> <span class='ocrx_word' id='word_1_141' title='bbox 1054 2095 1172 2149; x_wconf 65' lang='lat' dir='ltr'>haec</span> <span class='ocrx_word' id='word_1_142' title='bbox 1205 2095 1529 2166; x_wconf 85' lang='lat' dir='ltr'>Scriptura,</span> <span class='ocrx_word' id='word_1_143' title='bbox 1563 2113 1688 2166; x_wconf 81' lang='lat' dir='ltr'>quae</span> <span class='ocrx_word' id='word_1_144' title='bbox 1738 2111 1839 2166; x_wconf 90' lang='lat' dir='ltr'>per</span> <span class='ocrx_word' id='word_1_145' title='bbox 1868 2113 2088 2150; x_wconf 90' lang='lat' dir='ltr'>memo-</span> 
     </span>
    </p>
   </div>
   <div class='ocr_carea' id='block_1_21' title="bbox 441 2180 2089 2255">
    <p class='ocr_par' dir='ltr' id='par_1_21' title="bbox 441 2180 2089 2255">
     <span class='ocr_line' id='line_1_21' title="bbox 441 2180 2089 2255; baseline 0.004 -23"><span class='ocrx_word' id='word_1_146' title='bbox 441 2182 598 2234; x_wconf 90' lang='lat' dir='ltr'>ratos</span> <span class='ocrx_word' id='word_1_147' title='bbox 629 2180 755 2236; x_wconf 88' lang='lat' dir='ltr'>dies</span> <span class='ocrx_word' id='word_1_148' title='bbox 786 2186 982 2237; x_wconf 89' lang='lat' dir='ltr'>narrat</span> <span class='ocrx_word' id='word_1_149' title='bbox 1013 2199 1188 2254; x_wconf 84' lang='lat' dir='ltr'>opera</span> <span class='ocrx_word' id='word_1_150' title='bbox 1218 2183 1338 2248; x_wconf 88' lang='lat' dir='ltr'>Dei,</span> <span class='ocrx_word' id='word_1_151' title='bbox 1372 2193 1419 2238; x_wconf 84' lang='lat' dir='ltr'>et</span> <span class='ocrx_word' id='word_1_152' title='bbox 1453 2184 1554 2239; x_wconf 89' lang='lat' dir='ltr'>illa</span> <span class='ocrx_word' id='word_1_153' title='bbox 1585 2201 1710 2255; x_wconf 68' lang='lat' dir='ltr'>quas</span> <span class='ocrx_word' id='word_1_154' title='bbox 1744 2184 1924 2238; x_wconf 87' lang='lat' dir='ltr'>simul</span> <span class='ocrx_word' id='word_1_155' title='bbox 1955 2201 2089 2239; x_wconf 92' lang='lat' dir='ltr'>eum</span> 
     </span>
    </p>
   </div>
   <div class='ocr_carea' id='block_1_22' title="bbox 443 2268 2089 2345">
    <p class='ocr_par' dir='ltr' id='par_1_22' title="bbox 443 2268 2089 2345">
     <span class='ocr_line' id='line_1_22' title="bbox 443 2268 2089 2345; baseline 0.004 -23"><span class='ocrx_word' id='word_1_156' title='bbox 443 2268 586 2323; x_wconf 87' lang='lat' dir='ltr'>dicit</span> <span class='ocrx_word' id='word_1_157' title='bbox 617 2269 822 2325; x_wconf 86' lang='lat' dir='ltr'>fecisse</span> <span class='ocrx_word' id='word_1_158' title='bbox 851 2272 1068 2338; x_wconf 86' lang='lat' dir='ltr'>omnia,</span> <span class='ocrx_word' id='word_1_159' title='bbox 1101 2289 1274 2328; x_wconf 82' lang='lat' dir='ltr'>verax</span> <span class='ocrx_word' id='word_1_160' title='bbox 1308 2278 1434 2338; x_wconf 82' lang='lat' dir='ltr'>est;</span> <span class='ocrx_word' id='word_1_161' title='bbox 1469 2277 1526 2328; x_wconf 85' lang='lat' dir='ltr'>et</span> <span class='ocrx_word' id='word_1_162' title='bbox 1554 2278 1802 2345; x_wconf 89' lang='lat' dir='ltr'>utraque</span> <span class='ocrx_word' id='word_1_163' title='bbox 1832 2290 1950 2328; x_wconf 89' lang='lat' dir='ltr'>una</span> <span class='ocrx_word' id='word_1_164' title='bbox 1981 2278 2089 2345; x_wconf 90' lang='lat' dir='ltr'>est,</span> 
     </span>
    </p>
   </div>
   <div class='ocr_carea' id='block_1_23' title="bbox 445 2357 2093 2434">
    <p class='ocr_par' dir='ltr' id='par_1_23' title="bbox 445 2357 2093 2434">
     <span class='ocr_line' id='line_1_23' title="bbox 445 2357 2093 2434; baseline 0.005 -24"><span class='ocrx_word' id='word_1_165' title='bbox 445 2357 584 2428; x_wconf 89' lang='lat' dir='ltr'>quia</span> <span class='ocrx_word' id='word_1_166' title='bbox 635 2374 750 2413; x_wconf 91' lang='lat' dir='ltr'>uno</span> <span class='ocrx_word' id='word_1_167' title='bbox 791 2359 1012 2430; x_wconf 89' lang='lat' dir='ltr'>Spiritu</span> <span class='ocrx_word' id='word_1_168' title='bbox 1068 2361 1330 2416; x_wconf 84' lang='lat' dir='ltr'>veritatis</span> <span class='ocrx_word' id='word_1_169' title='bbox 1397 2363 1721 2433; x_wconf 86' lang='lat' dir='ltr'>inspirante</span> <span class='ocrx_word' id='word_1_170' title='bbox 1763 2363 2093 2434; x_wconf 87' lang='lat' dir='ltr'>conscripta</span> 
     </span>
    </p>
   </div>
   <div class='ocr_carea' id='block_1_24' title="bbox 444 2450 552 2501">
    <p class='ocr_par' dir='ltr' id='par_1_24' title="bbox 444 2450 552 2501">
     <span class='ocr_line' id='line_1_24' title="bbox 444 2450 552 2501; baseline -0.019 0"><span class='ocrx_word' id='word_1_171' title='bbox 444 2450 552 2501; x_wconf 88' lang='lat' dir='ltr'>est.</span> 
     </span>
    </p>
   </div>
   <div class='ocr_carea' id='block_1_25' title="bbox 517 2535 2092 2612">
    <p class='ocr_par' dir='ltr' id='par_1_25' title="bbox 517 2535 2092 2612">
     <span class='ocr_line' id='line_1_25' title="bbox 517 2535 2092 2612; baseline 0.002 -21"><span class='ocrx_word' id='word_1_172' title='bbox 517 2535 608 2591; x_wconf 78' lang='grc'>54.</span> <span class='ocrx_word' id='word_1_173' title='bbox 641 2537 750 2591; x_wconf 88' lang='lat' dir='ltr'>Sed</span> <span class='ocrx_word' id='word_1_174' title='bbox 786 2537 842 2591; x_wconf 91' lang='lat' dir='ltr'>in</span> <span class='ocrx_word' id='word_1_175' title='bbox 877 2537 970 2591; x_wconf 91' lang='lat' dir='ltr'>his</span> <span class='ocrx_word' id='word_1_176' title='bbox 999 2539 1272 2604; x_wconf 89' lang='lat' dir='ltr'>rebus,in</span> <span class='ocrx_word' id='word_1_177' title='bbox 1305 2540 1520 2611; x_wconf 88' lang='lat' dir='ltr'>quibus</span> <span class='ocrx_word' id='word_1_178' title='bbox 1550 2540 1688 2610; x_wconf 91' lang='lat' dir='ltr'>quid</span> <span class='ocrx_word' id='word_1_179' title='bbox 1723 2539 1883 2612; x_wconf 90' lang='lat' dir='ltr'>prius</span> <span class='ocrx_word' id='word_1_180' title='bbox 1913 2540 1989 2595; x_wconf 88' lang='lat' dir='ltr'>sit</span> <span class='ocrx_word' id='word_1_181' title='bbox 2007 2541 2092 2595; x_wconf 88' lang='lat' dir='ltr'>vel</span> 
     </span>
    </p>
   </div>
   <div class='ocr_carea' id='block_1_26' title="bbox 448 2624 2092 2700">
    <p class='ocr_par' dir='ltr' id='par_1_26' title="bbox 448 2624 2092 2700">
     <span class='ocr_line' id='line_1_26' title="bbox 448 2624 2092 2700; baseline 0.002 -20"><span class='ocrx_word' id='word_1_182' title='bbox 448 2624 762 2696; x_wconf 89' lang='lat' dir='ltr'>posterius,</span> <span class='ocrx_word' id='word_1_183' title='bbox 797 2625 1102 2682; x_wconf 89' lang='lat' dir='ltr'>intervalla</span> <span class='ocrx_word' id='word_1_184' title='bbox 1141 2632 1468 2700; x_wconf 85' lang='lat' dir='ltr'>temporum</span> <span class='ocrx_word' id='word_1_185' title='bbox 1503 2645 1615 2683; x_wconf 89' lang='lat' dir='ltr'>non</span> <span class='ocrx_word' id='word_1_186' title='bbox 1667 2629 2092 2698; x_wconf 85' lang='lat' dir='ltr'>demonstrant,</span> 
     </span>
    </p>
   </div>
   <div class='ocr_carea' id='block_1_27' title="bbox 448 2713 2096 2788">
    <p class='ocr_par' dir='ltr' id='par_1_27' title="bbox 448 2713 2096 2788">
     <span class='ocr_line' id='line_1_27' title="bbox 448 2713 2096 2788; baseline 0.004 -21"><span class='ocrx_word' id='word_1_187' title='bbox 448 2713 718 2784; x_wconf 89' lang='lat' dir='ltr'>quamvis</span> <span class='ocrx_word' id='word_1_188' title='bbox 749 2718 1066 2785; x_wconf 90' lang='lat' dir='ltr'>utrumque</span> <span class='ocrx_word' id='word_1_189' title='bbox 1099 2716 1209 2770; x_wconf 89' lang='lat' dir='ltr'>dici</span> <span class='ocrx_word' id='word_1_190' title='bbox 1243 2717 1506 2788; x_wconf 78' lang='lat' dir='ltr'>possil,id</span> <span class='ocrx_word' id='word_1_191' title='bbox 1533 2722 1621 2771; x_wconf 91' lang='lat' dir='ltr'>est</span> <span class='ocrx_word' id='word_1_192' title='bbox 1651 2717 2096 2788; x_wconf 84' lang='lat' dir='ltr'>simul,etprius</span> 
     </span>
    </p>
   </div>
   <div class='ocr_carea' id='block_1_28' title="bbox 451 2802 2094 2876">
    <p class='ocr_par' dir='ltr' id='par_1_28' title="bbox 451 2802 2094 2876">
     <span class='ocr_line' id='line_1_28' title="bbox 451 2802 2094 2876; baseline 0.004 -20"><span class='ocrx_word' id='word_1_193' title='bbox 451 2805 507 2856; x_wconf 86' lang='lat' dir='ltr'>et</span> <span class='ocrx_word' id='word_1_194' title='bbox 540 2802 850 2871; x_wconf 89' lang='lat' dir='ltr'>posterius,</span> <span class='ocrx_word' id='word_1_195' title='bbox 887 2804 1112 2860; x_wconf 82' lang='lat' dir='ltr'>facilius</span> <span class='ocrx_word' id='word_1_196' title='bbox 1154 2809 1348 2860; x_wconf 90' lang='lat' dir='ltr'>tamen</span> <span class='ocrx_word' id='word_1_197' title='bbox 1377 2805 1724 2876; x_wconf 88' lang='lat' dir='ltr'>intelligitur</span> <span class='ocrx_word' id='word_1_198' title='bbox 1751 2808 1902 2874; x_wconf 91' lang='lat' dir='ltr'>quod</span> <span class='ocrx_word' id='word_1_199' title='bbox 1952 2807 2094 2862; x_wconf 91' lang='lat' dir='ltr'>dici-</span> 
     </span>
    </p>
   </div>
   <div class='ocr_carea' id='block_1_29' title="bbox 447 2891 2097 2967">
    <p class='ocr_par' dir='ltr' id='par_1_29' title="bbox 447 2891 2097 2967">
     <span class='ocr_line' id='line_1_29' title="bbox 447 2891 2097 2967; baseline 0.003 -22"><span class='ocrx_word' id='word_1_200' title='bbox 447 2894 546 2946; x_wconf 86' lang='lat' dir='ltr'>tur</span> <span class='ocrx_word' id='word_1_201' title='bbox 576 2891 956 2964; x_wconf 89' lang='lat' dir='ltr'>simul,quam</span> <span class='ocrx_word' id='word_1_202' title='bbox 991 2895 1141 2963; x_wconf 85' lang='lat' dir='ltr'>quod</span> <span class='ocrx_word' id='word_1_203' title='bbox 1177 2895 1340 2966; x_wconf 90' lang='lat' dir='ltr'>prius</span> <span class='ocrx_word' id='word_1_204' title='bbox 1373 2900 1545 2965; x_wconf 87' lang='lat' dir='ltr'>atque</span> <span class='ocrx_word' id='word_1_205' title='bbox 1577 2895 1905 2967; x_wconf 88' lang='lat' dir='ltr'>posterius:</span> <span class='ocrx_word' id='word_1_206' title='bbox 1939 2894 2097 2950; x_wconf 90' lang='lat' dir='ltr'>velut</span> 
     </span>
    </p>
   </div>
   <div class='ocr_carea' id='block_1_30' title="bbox 449 2980 2094 3049">
    <p class='ocr_par' dir='ltr' id='par_1_30' title="bbox 449 2980 2094 3049">
     <span class='ocr_line' id='line_1_30' title="bbox 449 2980 2094 3049; baseline 0.003 -15"><span class='ocrx_word' id='word_1_207' title='bbox 449 2996 583 3035; x_wconf 91' lang='lat' dir='ltr'>cum</span> <span class='ocrx_word' id='word_1_208' title='bbox 616 2980 796 3036; x_wconf 88' lang='lat' dir='ltr'>solem</span> <span class='ocrx_word' id='word_1_209' title='bbox 831 2982 1131 3038; x_wconf 89' lang='lat' dir='ltr'>intuemur</span> <span class='ocrx_word' id='word_1_210' title='bbox 1175 2983 1483 3049; x_wconf 86' lang='lat' dir='ltr'>orientem,</span> <span class='ocrx_word' id='word_1_211' title='bbox 1515 2989 1669 3039; x_wconf 86' lang='lat' dir='ltr'>certe</span> <span class='ocrx_word' id='word_1_212' title='bbox 1718 2985 2094 3039; x_wconf 79' lang='lat' dir='ltr'>manifestum</span> 
     </span>
    </p>
   </div>
   <div class='ocr_carea' id='block_1_31' title="bbox 451 3071 2093 3145">
    <p class='ocr_par' dir='ltr' id='par_1_31' title="bbox 451 3071 2093 3145">
     <span class='ocr_line' id='line_1_31' title="bbox 451 3071 2093 3145; baseline 0.002 -21"><span class='ocrx_word' id='word_1_213' title='bbox 451 3074 538 3126; x_wconf 89' lang='lat' dir='ltr'>est</span> <span class='ocrx_word' id='word_1_214' title='bbox 570 3071 722 3142; x_wconf 86' lang='lat' dir='ltr'>quod</span> <span class='ocrx_word' id='word_1_215' title='bbox 757 3071 828 3125; x_wconf 93' lang='lat' dir='ltr'>ad</span> <span class='ocrx_word' id='word_1_216' title='bbox 860 3087 993 3125; x_wconf 89' lang='lat' dir='ltr'>eum</span> <span class='ocrx_word' id='word_1_217' title='bbox 1029 3073 1180 3127; x_wconf 86' lang='lat' dir='ltr'>acies</span> <span class='ocrx_word' id='word_1_218' title='bbox 1200 3079 1396 3128; x_wconf 91' lang='lat' dir='ltr'>nostra</span> <span class='ocrx_word' id='word_1_219' title='bbox 1418 3073 1715 3145; x_wconf 89' lang='lat' dir='ltr'>pervenire</span> <span class='ocrx_word' id='word_1_220' title='bbox 1735 3090 1848 3128; x_wconf 90' lang='lat' dir='ltr'>non</span> <span class='ocrx_word' id='word_1_221' title='bbox 1877 3079 2093 3145; x_wconf 90' lang='lat' dir='ltr'>posset,</span> 
     </span>
    </p>
   </div>
   <div class='ocr_carea' id='block_1_32' title="bbox 450 3159 2092 3235">
    <p class='ocr_par' dir='ltr' id='par_1_32' title="bbox 450 3159 2092 3235">
     <span class='ocr_line' id='line_1_32' title="bbox 450 3159 2092 3235; baseline 0.002 -22"><span class='ocrx_word' id='word_1_222' title='bbox 450 3159 564 3214; x_wconf 88' lang='lat' dir='ltr'>nisi</span> <span class='ocrx_word' id='word_1_223' title='bbox 598 3159 875 3215; x_wconf 89' lang='lat' dir='ltr'>transiret</span> <span class='ocrx_word' id='word_1_224' title='bbox 912 3165 1097 3216; x_wconf 89' lang='lat' dir='ltr'>totum</span> <span class='ocrx_word' id='word_1_225' title='bbox 1151 3163 1300 3218; x_wconf 89' lang='lat' dir='ltr'>aeris</span> <span class='ocrx_word' id='word_1_226' title='bbox 1341 3162 1588 3235; x_wconf 71' lang='lat' dir='ltr'>caelique</span> <span class='ocrx_word' id='word_1_227' title='bbox 1634 3164 1909 3232; x_wconf 89' lang='lat' dir='ltr'>spatium,</span> <span class='ocrx_word' id='word_1_228' title='bbox 1941 3164 2092 3233; x_wconf 92' lang='lat' dir='ltr'>quod</span> 
     </span>
    </p>
   </div>
   <div class='ocr_carea' id='block_1_33' title="bbox 449 3247 2096 3323">
    <p class='ocr_par' dir='ltr' id='par_1_33' title="bbox 449 3247 2096 3323">
     <span class='ocr_line' id='line_1_33' title="bbox 449 3247 2096 3323; baseline 0.002 -21"><span class='ocrx_word' id='word_1_229' title='bbox 449 3247 605 3304; x_wconf 89' lang='lat' dir='ltr'>inter</span> <span class='ocrx_word' id='word_1_230' title='bbox 636 3266 741 3304; x_wconf 91' lang='lat' dir='ltr'>nos</span> <span class='ocrx_word' id='word_1_231' title='bbox 771 3254 828 3304; x_wconf 89' lang='lat' dir='ltr'>et</span> <span class='ocrx_word' id='word_1_232' title='bbox 877 3250 1071 3322; x_wconf 90' lang='lat' dir='ltr'>ipsum</span> <span class='ocrx_word' id='word_1_233' title='bbox 1105 3256 1192 3306; x_wconf 90' lang='lat' dir='ltr'>est</span> <span class='ocrx_word' id='word_1_234' title='bbox 1223 3269 1234 3318; x_wconf 93' lang='lat'>;</span> <span class='ocrx_word' id='word_1_235' title='bbox 1288 3251 1395 3306; x_wconf 89' lang='lat' dir='ltr'>hoc</span> <span class='ocrx_word' id='word_1_236' title='bbox 1427 3257 1621 3307; x_wconf 90' lang='lat' dir='ltr'>autem</span> <span class='ocrx_word' id='word_1_237' title='bbox 1667 3253 1838 3320; x_wconf 82' lang='lat' dir='ltr'>cujus</span> <span class='ocrx_word' id='word_1_238' title='bbox 1873 3253 2096 3323; x_wconf 83' lang='lat' dir='ltr'>longin—</span> 
     </span>
    </p>
   </div>
   <div class='ocr_carea' id='block_1_34' title="bbox 450 3337 2099 3411">
    <p class='ocr_par' dir='ltr' id='par_1_34' title="bbox 450 3337 2099 3411">
     <span class='ocr_line' id='line_1_34' title="bbox 450 3337 2099 3411; baseline 0.002 -19"><span class='ocrx_word' id='word_1_239' title='bbox 450 3337 691 3409; x_wconf 89' lang='lat' dir='ltr'>quitatis</span> <span class='ocrx_word' id='word_1_240' title='bbox 741 3338 836 3407; x_wconf 87' lang='lat' dir='ltr'>sit,</span> <span class='ocrx_word' id='word_1_241' title='bbox 888 3338 1018 3407; x_wconf 88' lang='lat' dir='ltr'>quis</span> <span class='ocrx_word' id='word_1_242' title='bbox 1067 3341 1356 3394; x_wconf 66' lang='lat' dir='ltr'>aestimare</span> <span class='ocrx_word' id='word_1_243' title='bbox 1406 3341 1704 3396; x_wconf 81' lang='lat' dir='ltr'>sufficiat?</span> <span class='ocrx_word' id='word_1_244' title='bbox 1736 3342 1848 3397; x_wconf 86' lang='lat' dir='ltr'>Nec</span> <span class='ocrx_word' id='word_1_245' title='bbox 1897 3341 2099 3411; x_wconf 83' lang='lat' dir='ltr'>utique</span> 
     </span>
    </p>
   </div>
   <div class='ocr_carea' id='block_1_35' title="bbox 451 3428 2100 3496">
    <p class='ocr_par' dir='ltr' id='par_1_35' title="bbox 451 3428 2100 3496">
     <span class='ocr_line' id='line_1_35' title="bbox 451 3428 2100 3496; baseline 0.002 -15"><span class='ocrx_word' id='word_1_246' title='bbox 451 3429 780 3496; x_wconf 87' lang='lat' dir='ltr'>perveniret</span> <span class='ocrx_word' id='word_1_247' title='bbox 827 3428 1030 3482; x_wconf 87' lang='lat' dir='ltr'>eadem</span> <span class='ocrx_word' id='word_1_248' title='bbox 1064 3429 1217 3483; x_wconf 85' lang='lat' dir='ltr'>acies</span> <span class='ocrx_word' id='word_1_249' title='bbox 1261 3428 1346 3483; x_wconf 92' lang='lat' dir='ltr'>vel</span> <span class='ocrx_word' id='word_1_250' title='bbox 1379 3431 1581 3485; x_wconf 89' lang='lat' dir='ltr'>radius</span> <span class='ocrx_word' id='word_1_251' title='bbox 1631 3429 1931 3486; x_wconf 90' lang='lat' dir='ltr'>oculorum</span> <span class='ocrx_word' id='word_1_252' title='bbox 1965 3447 2100 3484; x_wconf 90' lang='lat' dir='ltr'>nos-</span> 
     </span>
    </p>
   </div>
   <div class='ocr_carea' id='block_1_36' title="bbox 451 3515 2098 3590">
    <p class='ocr_par' dir='ltr' id='par_1_36' title="bbox 451 3515 2098 3590">
     <span class='ocr_line' id='line_1_36' title="bbox 451 3515 2098 3590; baseline 0.003 -22"><span class='ocrx_word' id='word_1_253' title='bbox 451 3519 675 3569; x_wconf 87' lang='lat' dir='ltr'>trorum</span> <span class='ocrx_word' id='word_1_254' title='bbox 709 3515 778 3569; x_wconf 88' lang='lat' dir='ltr'>ad</span> <span class='ocrx_word' id='word_1_255' title='bbox 815 3518 1239 3572; x_wconf 88' lang='lat' dir='ltr'>transeundum</span> <span class='ocrx_word' id='word_1_256' title='bbox 1272 3533 1462 3574; x_wconf 87' lang='lat' dir='ltr'>aerem</span> <span class='ocrx_word' id='word_1_257' title='bbox 1496 3519 1700 3590; x_wconf 85' lang='lat' dir='ltr'>quiest</span> <span class='ocrx_word' id='word_1_258' title='bbox 1726 3536 1902 3590; x_wconf 91' lang='lat' dir='ltr'>super</span> <span class='ocrx_word' id='word_1_259' title='bbox 1919 3535 2098 3588; x_wconf 88' lang='lat' dir='ltr'>mare,</span> 
     </span>
    </p>
   </div>
   <div class='ocr_carea' id='block_1_37' title="bbox 456 3603 2100 3678">
    <p class='ocr_par' dir='ltr' id='par_1_37' title="bbox 456 3603 2100 3678">
     <span class='ocr_line' id='line_1_37' title="bbox 456 3603 2100 3678; baseline 0.002 -20"><span class='ocrx_word' id='word_1_260' title='bbox 456 3603 569 3658; x_wconf 90' lang='lat' dir='ltr'>nisi</span> <span class='ocrx_word' id='word_1_261' title='bbox 602 3603 766 3674; x_wconf 91' lang='lat' dir='ltr'>prius</span> <span class='ocrx_word' id='word_1_262' title='bbox 796 3604 1108 3660; x_wconf 82' lang='lat' dir='ltr'>transisset</span> <span class='ocrx_word' id='word_1_263' title='bbox 1137 3622 1270 3662; x_wconf 90' lang='lat' dir='ltr'>eum</span> <span class='ocrx_word' id='word_1_264' title='bbox 1304 3607 1404 3677; x_wconf 87' lang='lat' dir='ltr'>qui</span> <span class='ocrx_word' id='word_1_265' title='bbox 1437 3613 1525 3662; x_wconf 88' lang='lat' dir='ltr'>est</span> <span class='ocrx_word' id='word_1_266' title='bbox 1555 3623 1733 3678; x_wconf 87' lang='lat' dir='ltr'>super</span> <span class='ocrx_word' id='word_1_267' title='bbox 1768 3613 2006 3669; x_wconf 88' lang='lat' dir='ltr'>terram,</span> <span class='ocrx_word' id='word_1_268' title='bbox 2041 3609 2100 3662; x_wconf 89' lang='lat' dir='ltr'>in</span> 
     </span>
    </p>
   </div>
   <div class='ocr_carea' id='block_1_38' title="bbox 457 3691 2100 3764">
    <p class='ocr_par' dir='ltr' id='par_1_38' title="bbox 457 3691 2100 3764">
     <span class='ocr_line' id='line_1_38' title="bbox 457 3691 2100 3764; baseline 0.003 -17"><span class='ocrx_word' id='word_1_269' title='bbox 457 3691 719 3764; x_wconf 89' lang='lat' dir='ltr'>qualibet</span> <span class='ocrx_word' id='word_1_270' title='bbox 766 3693 1193 3750; x_wconf 87' lang='lat' dir='ltr'>mediterranea</span> <span class='ocrx_word' id='word_1_271' title='bbox 1245 3697 1478 3764; x_wconf 80' lang='lat' dir='ltr'>regione</span> <span class='ocrx_word' id='word_1_272' title='bbox 1526 3697 1732 3761; x_wconf 90' lang='lat' dir='ltr'>simus,</span> <span class='ocrx_word' id='word_1_273' title='bbox 1765 3698 1836 3750; x_wconf 90' lang='lat' dir='ltr'>ab</span> <span class='ocrx_word' id='word_1_274' title='bbox 1868 3713 1933 3752; x_wconf 92' lang='lat' dir='ltr'>eo</span> <span class='ocrx_word' id='word_1_275' title='bbox 1979 3696 2100 3752; x_wconf 91' lang='lat' dir='ltr'>loco</span> 
     </span>
    </p>
   </div>
   <div class='ocr_carea' id='block_1_39' title="bbox 454 3781 2099 3854">
    <p class='ocr_par' dir='ltr' id='par_1_39' title="bbox 454 3781 2099 3854">
     <span class='ocr_line' id='line_1_39' title="bbox 454 3781 2099 3854; baseline 0.003 -18"><span class='ocrx_word' id='word_1_276' title='bbox 454 3781 552 3836; x_wconf 90' lang='lat' dir='ltr'>ubi</span> <span class='ocrx_word' id='word_1_277' title='bbox 607 3798 812 3838; x_wconf 89' lang='lat' dir='ltr'>sumus</span> <span class='ocrx_word' id='word_1_278' title='bbox 865 3799 1050 3854; x_wconf 82' lang='lat' dir='ltr'>usque</span> <span class='ocrx_word' id='word_1_279' title='bbox 1098 3784 1168 3838; x_wconf 89' lang='lat' dir='ltr'>ad</span> <span class='ocrx_word' id='word_1_280' title='bbox 1222 3783 1388 3838; x_wconf 85' lang='lat' dir='ltr'>littus</span> <span class='ocrx_word' id='word_1_281' title='bbox 1442 3786 1641 3840; x_wconf 89' lang='lat' dir='ltr'>maris.</span> <span class='ocrx_word' id='word_1_282' title='bbox 1679 3786 1896 3840; x_wconf 85' lang='lat' dir='ltr'>Deinde</span> <span class='ocrx_word' id='word_1_283' title='bbox 1949 3787 1996 3840; x_wconf 93' lang='lat' dir='ltr'>si</span> <span class='ocrx_word' id='word_1_284' title='bbox 2031 3787 2099 3841; x_wconf 86' lang='lat' dir='ltr'>ad</span> 
     </span>
    </p>
   </div>
   <div class='ocr_carea' id='block_1_40' title="bbox 454 3871 2105 3946">
    <p class='ocr_par' dir='ltr' id='par_1_40' title="bbox 454 3871 2105 3946">
     <span class='ocr_line' id='line_1_40' title="bbox 454 3871 2105 3946; baseline 0.003 -20"><span class='ocrx_word' id='word_1_285' title='bbox 454 3871 720 3926; x_wconf 87' lang='lat' dir='ltr'>eamdem</span> <span class='ocrx_word' id='word_1_286' title='bbox 754 3871 963 3926; x_wconf 80' lang='lat' dir='ltr'>lineam</span> <span class='ocrx_word' id='word_1_287' title='bbox 998 3873 1299 3928; x_wconf 85' lang='lat' dir='ltr'>contuitu</span> <span class='ocrx_word' id='word_1_288' title='bbox 1353 3876 1531 3929; x_wconf 88' lang='lat' dir='ltr'>nostri</span> <span class='ocrx_word' id='word_1_289' title='bbox 1565 3875 1757 3930; x_wconf 88' lang='lat' dir='ltr'>adhuc</span> <span class='ocrx_word' id='word_1_290' title='bbox 1787 3881 1914 3946; x_wconf 87' lang='lat' dir='ltr'>post</span> <span class='ocrx_word' id='word_1_291' title='bbox 1945 3893 2105 3931; x_wconf 90' lang='lat' dir='ltr'>mare</span> 
     </span>
    </p>
   </div>
   <div class='ocr_carea' id='block_1_41' title="bbox 454 3961 2105 4036">
    <p class='ocr_par' dir='ltr' id='par_1_41' title="bbox 454 3961 2105 4036">
     <span class='ocr_line' id='line_1_41' title="bbox 454 3961 2105 4036; baseline 0.005 -23"><span class='ocrx_word' id='word_1_292' title='bbox 454 3963 621 4014; x_wconf 62' lang='lat' dir='ltr'>terra</span> <span class='ocrx_word' id='word_1_293' title='bbox 652 3961 940 4028; x_wconf 87' lang='lat' dir='ltr'>adjacent,</span> <span class='ocrx_word' id='word_1_294' title='bbox 976 3977 1107 4016; x_wconf 88' lang='lat' dir='ltr'>eum</span> <span class='ocrx_word' id='word_1_295' title='bbox 1143 3979 1374 4034; x_wconf 89' lang='lat' dir='ltr'>quoque</span> <span class='ocrx_word' id='word_1_296' title='bbox 1402 3979 1591 4017; x_wconf 90' lang='lat' dir='ltr'>aerem</span> <span class='ocrx_word' id='word_1_297' title='bbox 1627 3965 1725 4035; x_wconf 91' lang='lat' dir='ltr'>qui</span> <span class='ocrx_word' id='word_1_298' title='bbox 1769 3981 1943 4036; x_wconf 91' lang='lat' dir='ltr'>super</span> <span class='ocrx_word' id='word_1_299' title='bbox 1973 3965 2105 4022; x_wconf 90' lang='lat' dir='ltr'>illas</span> 
     </span>
    </p>
   </div>
   <div class='ocr_carea' id='block_1_42' title="bbox 456 4050 2105 4117">
    <p class='ocr_par' dir='ltr' id='par_1_42' title="bbox 456 4050 2105 4117">
     <span class='ocr_line' id='line_1_42' title="bbox 456 4050 2105 4117; baseline 0.004 -14"><span class='ocrx_word' id='word_1_300' title='bbox 456 4050 886 4104; x_wconf 90' lang='lat' dir='ltr'>transmarinas</span> <span class='ocrx_word' id='word_1_301' title='bbox 913 4055 1099 4105; x_wconf 88' lang='lat' dir='ltr'>terras</span> <span class='ocrx_word' id='word_1_302' title='bbox 1131 4057 1239 4117; x_wconf 88' lang='lat' dir='ltr'>est,</span> <span class='ocrx_word' id='word_1_303' title='bbox 1272 4053 1523 4107; x_wconf 89' lang='lat' dir='ltr'>transire</span> <span class='ocrx_word' id='word_1_304' title='bbox 1551 4054 1704 4109; x_wconf 82' lang='lat' dir='ltr'>acies</span> <span class='ocrx_word' id='word_1_305' title='bbox 1755 4059 1956 4110; x_wconf 90' lang='lat' dir='ltr'>nostra</span> <span class='ocrx_word' id='word_1_306' title='bbox 1989 4072 2105 4110; x_wconf 89' lang='lat' dir='ltr'>non</span> 
     </span>
    </p>
   </div>
   <div class='ocr_carea' id='block_1_43' title="bbox 459 4137 2105 4214">
    <p class='ocr_par' dir='ltr' id='par_1_43' title="bbox 459 4137 2105 4214">
     <span class='ocr_line' id='line_1_43' title="bbox 459 4137 2105 4214; baseline 0.005 -24"><span class='ocrx_word' id='word_1_307' title='bbox 459 4137 792 4207; x_wconf 88' lang='lat' dir='ltr'>potest,nisi</span> <span class='ocrx_word' id='word_1_308' title='bbox 827 4141 987 4209; x_wconf 86' lang='lat' dir='ltr'>prius</span> <span class='ocrx_word' id='word_1_309' title='bbox 1022 4146 1252 4209; x_wconf 87' lang='lat' dir='ltr'>peracto</span> <span class='ocrx_word' id='word_1_310' title='bbox 1275 4143 1464 4212; x_wconf 89' lang='lat' dir='ltr'>spatio</span> <span class='ocrx_word' id='word_1_311' title='bbox 1501 4144 1651 4197; x_wconf 88' lang='lat' dir='ltr'>aeris</span> <span class='ocrx_word' id='word_1_312' title='bbox 1681 4142 1841 4198; x_wconf 90' lang='lat' dir='ltr'>illius</span> <span class='ocrx_word' id='word_1_313' title='bbox 1875 4144 1971 4214; x_wconf 86' lang='lat' dir='ltr'>qui</span> <span class='ocrx_word' id='word_1_314' title='bbox 2007 4161 2105 4198; x_wconf 88' lang='lat' dir='ltr'>su-</span> 
     </span>
    </p>
   </div>
   <div class='ocr_carea' id='block_1_44' title="bbox 464 4227 2109 4300">
    <p class='ocr_par' dir='ltr' id='par_1_44' title="bbox 464 4227 2109 4300">
     <span class='ocr_line' id='line_1_44' title="bbox 464 4227 2109 4300; baseline 0.004 -18"><span class='ocrx_word' id='word_1_315' title='bbox 464 4243 566 4298; x_wconf 91' lang='lat' dir='ltr'>per</span> <span class='ocrx_word' id='word_1_316' title='bbox 597 4243 756 4282; x_wconf 88' lang='lat' dir='ltr'>mare</span> <span class='ocrx_word' id='word_1_317' title='bbox 785 4229 938 4298; x_wconf 90' lang='lat' dir='ltr'>quod</span> <span class='ocrx_word' id='word_1_318' title='bbox 971 4227 1132 4299; x_wconf 88' lang='lat' dir='ltr'>prius</span> <span class='ocrx_word' id='word_1_319' title='bbox 1164 4231 2109 4300; x_wconf 84' lang='lat' dir='ltr'>occurrit,extenditur.Faciamus</span> 
     </span>
    </p>
   </div>
   <div class='ocr_carea' id='block_1_45' title="bbox 459 4314 2108 4387">
    <p class='ocr_par' dir='ltr' id='par_1_45' title="bbox 459 4314 2108 4387">
     <span class='ocr_line' id='line_1_45' title="bbox 459 4314 2108 4387; baseline 0.004 -17"><span class='ocrx_word' id='word_1_320' title='bbox 459 4317 581 4387; x_wconf 87' lang='lat' dir='ltr'>jam</span> <span class='ocrx_word' id='word_1_321' title='bbox 619 4321 748 4386; x_wconf 88' lang='lat' dir='ltr'>post</span> <span class='ocrx_word' id='word_1_322' title='bbox 791 4315 922 4371; x_wconf 88' lang='lat' dir='ltr'>illas</span> <span class='ocrx_word' id='word_1_323' title='bbox 954 4318 1376 4374; x_wconf 83' lang='lat' dir='ltr'>transmarinas</span> <span class='ocrx_word' id='word_1_324' title='bbox 1425 4325 1610 4375; x_wconf 86' lang='lat' dir='ltr'>terras</span> <span class='ocrx_word' id='word_1_325' title='bbox 1644 4314 1876 4375; x_wconf 83' lang='lat' dir='ltr'>ncunisi</span> <span class='ocrx_word' id='word_1_326' title='bbox 1927 4322 2108 4377; x_wconf 87' lang='lat' dir='ltr'>Ocea-</span> 
     </span>
    </p>
   </div>
   <div class='ocr_carea' id='block_1_46' title="bbox 460 4408 2111 4480">
    <p class='ocr_par' dir='ltr' id='par_1_46' title="bbox 460 4408 2111 4480">
     <span class='ocr_line' id='line_1_46' title="bbox 460 4408 2111 4480; baseline 0.004 -21"><span class='ocrx_word' id='word_1_327' title='bbox 460 4422 604 4459; x_wconf 88' lang='lat' dir='ltr'>num</span> <span class='ocrx_word' id='word_1_328' title='bbox 638 4422 974 4471; x_wconf 88' lang='lat' dir='ltr'>remancre;</span> <span class='ocrx_word' id='word_1_329' title='bbox 1012 4408 1294 4477; x_wconf 89' lang='lat' dir='ltr'>numquid</span> <span class='ocrx_word' id='word_1_330' title='bbox 1332 4412 1388 4462; x_wconf 89' lang='lat' dir='ltr'>et</span> <span class='ocrx_word' id='word_1_331' title='bbox 1418 4424 1607 4464; x_wconf 90' lang='lat' dir='ltr'>aerem</span> <span class='ocrx_word' id='word_1_332' title='bbox 1641 4409 1741 4480; x_wconf 91' lang='lat' dir='ltr'>qui</span> <span class='ocrx_word' id='word_1_333' title='bbox 1772 4427 1948 4480; x_wconf 87' lang='lat' dir='ltr'>super</span> <span class='ocrx_word' id='word_1_334' title='bbox 1977 4411 2111 4466; x_wconf 86' lang='lat' dir='ltr'>Oce-</span> 
     </span>
    </p>
   </div>
   <div class='ocr_carea' id='block_1_47' title="bbox 461 4495 2111 4566">
    <p class='ocr_par' dir='ltr' id='par_1_47' title="bbox 461 4495 2111 4566">
     <span class='ocr_line' id='line_1_47' title="bbox 461 4495 2111 4566; baseline 0.003 -18"><span class='ocrx_word' id='word_1_335' title='bbox 461 4511 639 4550; x_wconf 88' lang='lat' dir='ltr'>anum</span> <span class='ocrx_word' id='word_1_336' title='bbox 676 4495 1240 4566; x_wconf 74' lang='lat' dir='ltr'>diffunditur,potest</span> <span class='ocrx_word' id='word_1_337' title='bbox 1272 4499 1525 4552; x_wconf 88' lang='lat' dir='ltr'>transire</span> <span class='ocrx_word' id='word_1_338' title='bbox 1556 4498 1709 4554; x_wconf 88' lang='lat' dir='ltr'>acies</span> <span class='ocrx_word' id='word_1_339' title='bbox 1741 4504 1962 4563; x_wconf 90' lang='lat' dir='ltr'>nostra,</span> <span class='ocrx_word' id='word_1_340' title='bbox 1999 4499 2111 4555; x_wconf 89' lang='lat' dir='ltr'>nisi</span> 
     </span>
    </p>
   </div>
   <div class='ocr_carea' id='block_1_48' title="bbox 460 4583 2109 4656">
    <p class='ocr_par' dir='ltr' id='par_1_48' title="bbox 460 4583 2109 4656">
     <span class='ocr_line' id='line_1_48' title="bbox 460 4583 2109 4656; baseline 0.004 -20"><span class='ocrx_word' id='word_1_341' title='bbox 460 4583 626 4656; x_wconf 90' lang='lat' dir='ltr'>prius</span> <span class='ocrx_word' id='word_1_342' title='bbox 658 4584 956 4638; x_wconf 89' lang='lat' dir='ltr'>transierit</span> <span class='ocrx_word' id='word_1_343' title='bbox 988 4585 1268 4655; x_wconf 84' lang='lat' dir='ltr'>quidquid</span> <span class='ocrx_word' id='word_1_344' title='bbox 1309 4588 1457 4641; x_wconf 90' lang='lat' dir='ltr'>aeris</span> <span class='ocrx_word' id='word_1_345' title='bbox 1489 4589 1635 4642; x_wconf 90' lang='lat' dir='ltr'>citra</span> <span class='ocrx_word' id='word_1_346' title='bbox 1685 4589 1978 4643; x_wconf 88' lang='lat' dir='ltr'>Oceanum</span> <span class='ocrx_word' id='word_1_347' title='bbox 2013 4605 2109 4643; x_wconf 82' lang='lat' dir='ltr'>su-</span> 
     </span>
    </p>
   </div>
   <div class='ocr_carea' id='block_1_49' title="bbox 460 4673 2114 4748">
    <p class='ocr_par' dir='ltr' id='par_1_49' title="bbox 460 4673 2114 4748">
     <span class='ocr_line' id='line_1_49' title="bbox 460 4673 2114 4748; baseline 0.003 -22"><span class='ocrx_word' id='word_1_348' title='bbox 460 4689 564 4744; x_wconf 86' lang='lat' dir='ltr'>pra</span> <span class='ocrx_word' id='word_1_349' title='bbox 580 4679 794 4727; x_wconf 87' lang='lat' dir='ltr'>terram</span> <span class='ocrx_word' id='word_1_350' title='bbox 816 4673 1144 4728; x_wconf 82' lang='lat' dir='ltr'>est?0ceani</span> <span class='ocrx_word' id='word_1_351' title='bbox 1169 4680 1360 4729; x_wconf 88' lang='lat' dir='ltr'>autem</span> <span class='ocrx_word' id='word_1_352' title='bbox 1389 4677 1728 4747; x_wconf 79' lang='lat' dir='ltr'>magnitudo</span> <span class='ocrx_word' id='word_1_353' title='bbox 1754 4676 2114 4748; x_wconf 85' lang='lat' dir='ltr'>incompara-</span> 
     </span>
    </p>
   </div>
   <div class='ocr_carea' id='block_1_50' title="bbox 459 4761 2114 4837">
    <p class='ocr_par' dir='ltr' id='par_1_50' title="bbox 459 4761 2114 4837">
     <span class='ocr_line' id='line_1_50' title="bbox 459 4761 2114 4837; baseline 0.002 -21"><span class='ocrx_word' id='word_1_354' title='bbox 459 4761 595 4817; x_wconf 90' lang='lat' dir='ltr'>bilis</span> <span class='ocrx_word' id='word_1_355' title='bbox 621 4761 994 4834; x_wconf 88' lang='lat' dir='ltr'>perhibetur;</span> <span class='ocrx_word' id='word_1_356' title='bbox 1026 4763 1123 4818; x_wconf 91' lang='lat' dir='ltr'>sed</span> <span class='ocrx_word' id='word_1_357' title='bbox 1150 4769 1625 4836; x_wconf 83' lang='lat' dir='ltr'>quantacumque</span> <span class='ocrx_word' id='word_1_358' title='bbox 1648 4763 1916 4837; x_wconf 90' lang='lat' dir='ltr'>sit,prius</span> <span class='ocrx_word' id='word_1_359' title='bbox 1938 4782 2114 4837; x_wconf 90' lang='lat' dir='ltr'>opor-</span> 
     </span>
    </p>
   </div>
   <div class='ocr_carea' id='block_1_51' title="bbox 459 4852 2114 4923">
    <p class='ocr_par' dir='ltr' id='par_1_51' title="bbox 459 4852 2114 4923">
     <span class='ocr_line' id='line_1_51' title="bbox 459 4852 2114 4923; baseline 0.003 -17"><span class='ocrx_word' id='word_1_360' title='bbox 459 4856 543 4907; x_wconf 89' lang='lat' dir='ltr'>tet</span> <span class='ocrx_word' id='word_1_361' title='bbox 573 4868 763 4908; x_wconf 89' lang='lat' dir='ltr'>aerem</span> <span class='ocrx_word' id='word_1_362' title='bbox 798 4853 898 4923; x_wconf 90' lang='lat' dir='ltr'>qui</span> <span class='ocrx_word' id='word_1_363' title='bbox 931 4869 1108 4923; x_wconf 91' lang='lat' dir='ltr'>supra</span> <span class='ocrx_word' id='word_1_364' title='bbox 1140 4857 1560 4917; x_wconf 83' lang='lat' dir='ltr'>est,transeant</span> <span class='ocrx_word' id='word_1_365' title='bbox 1591 4852 1734 4910; x_wconf 83' lang='lat' dir='ltr'>radii</span> <span class='ocrx_word' id='word_1_366' title='bbox 1778 4861 2114 4911; x_wconf 88' lang='lat' dir='ltr'>nostrorum</span> 
     </span>
    </p>
   </div>
   <div class='ocr_carea' id='block_1_52' title="bbox 461 4941 2115 5013">
    <p class='ocr_par' dir='ltr' id='par_1_52' title="bbox 461 4941 2115 5013">
     <span class='ocr_line' id='line_1_52' title="bbox 461 4941 2115 5013; baseline 0.002 -17"><span class='ocrx_word' id='word_1_367' title='bbox 461 4941 763 4996; x_wconf 88' lang='lat' dir='ltr'>oculorum</span> <span class='ocrx_word' id='word_1_368' title='bbox 795 4967 808 5006; x_wconf 84' lang='grc'>;</span> <span class='ocrx_word' id='word_1_369' title='bbox 841 4946 898 4996; x_wconf 87' lang='lat' dir='ltr'>et</span> <span class='ocrx_word' id='word_1_370' title='bbox 931 4947 1131 5012; x_wconf 86' lang='lat' dir='ltr'>postea</span> <span class='ocrx_word' id='word_1_371' title='bbox 1163 4942 1451 5013; x_wconf 88' lang='lat' dir='ltr'>quidquid</span> <span class='ocrx_word' id='word_1_372' title='bbox 1504 4942 1656 4997; x_wconf 87' lang='lat' dir='ltr'>ultra</span> <span class='ocrx_word' id='word_1_373' title='bbox 1685 4948 1812 5011; x_wconf 90' lang='lat' dir='ltr'>est;</span> <span class='ocrx_word' id='word_1_374' title='bbox 1846 4949 1970 4998; x_wconf 89' lang='lat' dir='ltr'>tum</span> <span class='ocrx_word' id='word_1_375' title='bbox 2018 4946 2115 5000; x_wconf 88' lang='lat' dir='ltr'>de-</span> 
     </span>
    </p>
   </div>
   <div class='ocr_carea' id='block_1_53' title="bbox 468 5029 2115 5101">
    <p class='ocr_par' dir='ltr' id='par_1_53' title="bbox 468 5029 2115 5101">
     <span class='ocr_line' id='line_1_53' title="bbox 468 5029 2115 5101; baseline 0.003 -18"><span class='ocrx_word' id='word_1_376' title='bbox 468 5047 628 5084; x_wconf 91' lang='lat' dir='ltr'>mum</span> <span class='ocrx_word' id='word_1_377' title='bbox 665 5031 733 5084; x_wconf 88' lang='lat' dir='ltr'>ad</span> <span class='ocrx_word' id='word_1_378' title='bbox 786 5029 967 5083; x_wconf 84' lang='lat' dir='ltr'>solem</span> <span class='ocrx_word' id='word_1_379' title='bbox 1019 5031 1381 5101; x_wconf 82' lang='lat' dir='ltr'>perveniant,</span> <span class='ocrx_word' id='word_1_380' title='bbox 1425 5047 1597 5101; x_wconf 88' lang='lat' dir='ltr'>quem</span> <span class='ocrx_word' id='word_1_381' title='bbox 1643 5032 1928 5087; x_wconf 89' lang='lat' dir='ltr'>videmus.</span> <span class='ocrx_word' id='word_1_382' title='bbox 1965 5034 2115 5088; x_wconf 89' lang='lat' dir='ltr'>Num</span> 
     </span>
    </p>
   </div>
   <div class='ocr_carea' id='block_1_54' title="bbox 465 5117 2118 5191">
    <p class='ocr_par' dir='ltr' id='par_1_54' title="bbox 465 5117 2118 5191">
     <span class='ocr_line' id='line_1_54' title="bbox 465 5117 2118 5191; baseline 0.003 -19"><span class='ocrx_word' id='word_1_383' title='bbox 465 5118 646 5189; x_wconf 84' lang='lat' dir='ltr'>igitur</span> <span class='ocrx_word' id='word_1_384' title='bbox 676 5117 813 5189; x_wconf 84' lang='lat' dir='ltr'>quia</span> <span class='ocrx_word' id='word_1_385' title='bbox 842 5118 1014 5172; x_wconf 86' lang='lat' dir='ltr'>toties</span> <span class='ocrx_word' id='word_1_386' title='bbox 1044 5117 1138 5172; x_wconf 89' lang='lat' dir='ltr'>hic</span> <span class='ocrx_word' id='word_1_387' title='bbox 1172 5117 1623 5187; x_wconf 81' lang='lat' dir='ltr'>diximus,Prius</span> <span class='ocrx_word' id='word_1_388' title='bbox 1655 5124 1710 5174; x_wconf 88' lang='lat' dir='ltr'>et</span> <span class='ocrx_word' id='word_1_389' title='bbox 1741 5126 1958 5191; x_wconf 88' lang='lat' dir='ltr'>postea,</span> <span class='ocrx_word' id='word_1_390' title='bbox 1990 5121 2118 5177; x_wconf 91' lang='lat' dir='ltr'>ideo</span> 
     </span>
    </p>
   </div>
   <div class='ocr_carea' id='block_1_55' title="bbox 473 5207 2120 5266">
    <p class='ocr_par' dir='ltr' id='par_1_55' title="bbox 473 5207 2120 5266">
     <span class='ocr_line' id='line_1_55' title="bbox 473 5207 2120 5266; baseline 0.001 -2"><span class='ocrx_word' id='word_1_391' title='bbox 473 5226 583 5264; x_wconf 87' lang='lat' dir='ltr'>non</span> <span class='ocrx_word' id='word_1_392' title='bbox 619 5208 795 5262; x_wconf 84' lang='lat' dir='ltr'>simul</span> <span class='ocrx_word' id='word_1_393' title='bbox 830 5207 1026 5263; x_wconf 86' lang='lat' dir='ltr'>omnia</span> <span class='ocrx_word' id='word_1_394' title='bbox 1061 5225 1172 5263; x_wconf 87' lang='lat' dir='ltr'>uno</span> <span class='ocrx_word' id='word_1_395' title='bbox 1209 5207 1322 5262; x_wconf 88' lang='lat' dir='ltr'>ictu</span> <span class='ocrx_word' id='word_1_396' title='bbox 1359 5209 1567 5263; x_wconf 84' lang='lat' dir='ltr'>transit</span> <span class='ocrx_word' id='word_1_397' title='bbox 1601 5215 1796 5265; x_wconf 85' lang='lat' dir='ltr'>noster</span> <span class='ocrx_word' id='word_1_398' title='bbox 1833 5211 2120 5266; x_wconf 84' lang='lat' dir='ltr'>obtutus?</span> 
     </span>
    </p>
   </div>
   <div class='ocr_carea' id='block_1_56' title="bbox 467 5296 2120 5355">
    <p class='ocr_par' dir='ltr' id='par_1_56' title="bbox 467 5296 2120 5355">
     <span class='ocr_line' id='line_1_56' title="bbox 467 5296 2120 5355; baseline 0.002 -3"><span class='ocrx_word' id='word_1_399' title='bbox 467 5298 527 5352; x_wconf 91' lang='lat' dir='ltr'>Si</span> <span class='ocrx_word' id='word_1_400' title='bbox 559 5297 712 5351; x_wconf 84' lang='lat' dir='ltr'>enim</span> <span class='ocrx_word' id='word_1_401' title='bbox 742 5297 958 5353; x_wconf 83' lang='lat' dir='ltr'>clausis</span> <span class='ocrx_word' id='word_1_402' title='bbox 1013 5296 1198 5351; x_wconf 89' lang='lat' dir='ltr'>oculis</span> <span class='ocrx_word' id='word_1_403' title='bbox 1231 5298 1435 5351; x_wconf 79' lang='lat' dir='ltr'>faciem</span> <span class='ocrx_word' id='word_1_404' title='bbox 1489 5304 1692 5353; x_wconf 87' lang='lat' dir='ltr'>contra</span> <span class='ocrx_word' id='word_1_405' title='bbox 1723 5300 1902 5355; x_wconf 86' lang='lat' dir='ltr'>visuri</span> <span class='ocrx_word' id='word_1_406' title='bbox 1937 5300 2120 5355; x_wconf 88' lang='lat' dir='ltr'>solem</span> 
     </span>
    </p>
   </div>
   <div class='ocr_carea' id='block_1_57' title="bbox 470 5387 2123 5460">
    <p class='ocr_par' dir='ltr' id='par_1_57' title="bbox 470 5387 2123 5460">
     <span class='ocr_line' id='line_1_57' title="bbox 470 5387 2123 5460; baseline 0.002 -19"><span class='ocrx_word' id='word_1_407' title='bbox 470 5403 983 5459; x_wconf 86' lang='lat' dir='ltr'>ponamus.nonne</span> <span class='ocrx_word' id='word_1_408' title='bbox 1014 5403 1146 5440; x_wconf 81' lang='lat' dir='ltr'>mox</span> <span class='ocrx_word' id='word_1_409' title='bbox 1178 5391 1244 5440; x_wconf 87' lang='lat' dir='ltr'>ut</span> <span class='ocrx_word' id='word_1_410' title='bbox 1267 5402 1366 5441; x_wconf 90' lang='lat' dir='ltr'>eos</span> <span class='ocrx_word' id='word_1_411' title='bbox 1385 5387 1894 5457; x_wconf 89' lang='lat' dir='ltr'>aperuerimus,ibi</span> <span class='ocrx_word' id='word_1_412' title='bbox 1930 5391 2123 5460; x_wconf 88' lang='lat' dir='ltr'>potius</span> 
     </span>
    </p>
   </div>
   <div class='ocr_carea' id='block_1_58' title="bbox 471 5475 2119 5550">
    <p class='ocr_par' dir='ltr' id='par_1_58' title="bbox 471 5475 2119 5550">
     <span class='ocr_line' id='line_1_58' title="bbox 471 5475 2119 5550; baseline 0.002 -18"><span class='ocrx_word' id='word_1_413' title='bbox 471 5477 655 5533; x_wconf 84' lang='lat' dir='ltr'>acie‘m</span> <span class='ocrx_word' id='word_1_414' title='bbox 689 5480 948 5532; x_wconf 82' lang='lat' dir='ltr'>nostram</span> <span class='ocrx_word' id='word_1_415' title='bbox 983 5491 1088 5530; x_wconf 90' lang='lat' dir='ltr'>nos</span> <span class='ocrx_word' id='word_1_416' title='bbox 1121 5475 1432 5544; x_wconf 83' lang='lat' dir='ltr'>invenisse,</span> <span class='ocrx_word' id='word_1_417' title='bbox 1460 5493 1634 5548; x_wconf 91' lang='lat' dir='ltr'>quam</span> <span class='ocrx_word' id='word_1_418' title='bbox 1667 5476 1807 5534; x_wconf 91' lang='lat' dir='ltr'>illuc</span> <span class='ocrx_word' id='word_1_419' title='bbox 1831 5495 1958 5534; x_wconf 88' lang='lat' dir='ltr'>eam</span> <span class='ocrx_word' id='word_1_420' title='bbox 1993 5495 2119 5550; x_wconf 89' lang='lat' dir='ltr'>per-</span> 
     </span>
    </p>
   </div>
   <div class='ocr_carea' id='block_1_59' title="bbox 1313 353 2937 419">
    <p class='ocr_par' dir='ltr' id='par_1_59' title="bbox 1313 353 2937 419">
     <span class='ocr_line' id='line_1_59' title="bbox 1313 353 2937 419; baseline -0.003 0"><span class='ocrx_word' id='word_1_421' title='bbox 1313 360 1413 419; x_wconf 89' lang='lat' dir='ltr'>DE</span> <span class='ocrx_word' id='word_1_422' title='bbox 1460 357 1739 418; x_wconf 85' lang='lat' dir='ltr'>GENESI</span> <span class='ocrx_word' id='word_1_423' title='bbox 1785 360 1886 418; x_wconf 86' lang='lat' dir='ltr'>AD</span> <span class='ocrx_word' id='word_1_424' title='bbox 1935 353 2351 418; x_wconf 82' lang='lat' dir='ltr'>LITTERAM.</span> <span class='ocrx_word' id='word_1_425' title='bbox 2400 355 2463 416; x_wconf 90' lang='lat' dir='ltr'>S.</span> <span class='ocrx_word' id='word_1_426' title='bbox 2511 353 2937 417; x_wconf 84' lang='lat' dir='ltr'>AUGUSTINI</span> 
     </span>
    </p>
   </div>
   <div class='ocr_carea' id='block_1_60' title="bbox 3717 351 3836 413">
    <p class='ocr_par' dir='ltr' id='par_1_60' title="bbox 3717 351 3836 413">
     <span class='ocr_line' id='line_1_60' title="bbox 3717 351 3836 413; baseline 0.025 -4"><span class='ocrx_word' id='word_1_427' title='bbox 3717 351 3836 413; x_wconf 75' lang='lat'>320</span> 
     </span>
    </p>
   </div>
   <div class='ocr_carea' id='block_1_61' title="bbox 2193 484 3837 560">
    <p class='ocr_par' dir='ltr' id='par_1_61' title="bbox 2193 484 3837 560">
     <span class='ocr_line' id='line_1_61' title="bbox 2193 484 3837 560; baseline -0.003 -16"><span class='ocrx_word' id='word_1_428' title='bbox 2193 489 2430 544; x_wconf 83' lang='lat' dir='ltr'>duxisse</span> <span class='ocrx_word' id='word_1_429' title='bbox 2476 488 2857 560; x_wconf 88' lang='lat' dir='ltr'>putabimus;</span> <span class='ocrx_word' id='word_1_430' title='bbox 2916 487 2996 541; x_wconf 91' lang='lat' dir='ltr'>ita</span> <span class='ocrx_word' id='word_1_431' title='bbox 3045 491 3106 541; x_wconf 92' lang='lat' dir='ltr'>ut</span> <span class='ocrx_word' id='word_1_432' title='bbox 3155 503 3258 540; x_wconf 91' lang='lat' dir='ltr'>nec</span> <span class='ocrx_word' id='word_1_433' title='bbox 3308 485 3420 558; x_wconf 88' lang='lat' dir='ltr'>ipsi</span> <span class='ocrx_word' id='word_1_434' title='bbox 3471 484 3620 540; x_wconf 90' lang='lat' dir='ltr'>oculi</span> <span class='ocrx_word' id='word_1_435' title='bbox 3671 484 3837 556; x_wconf 90' lang='lat' dir='ltr'>prius</span> 
     </span>
    </p>
   </div>
   <div class='ocr_carea' id='block_1_62' title="bbox 2193 575 3839 649">
    <p class='ocr_par' dir='ltr' id='par_1_62' title="bbox 2193 575 3839 649">
     <span class='ocr_line' id='line_1_62' title="bbox 2193 575 3839 649; baseline -0.005 -15"><span class='ocrx_word' id='word_1_436' title='bbox 2193 580 2376 649; x_wconf 86' lang='lat' dir='ltr'>aperti</span> <span class='ocrx_word' id='word_1_437' title='bbox 2410 577 2589 632; x_wconf 90' lang='lat' dir='ltr'>fuisse</span> <span class='ocrx_word' id='word_1_438' title='bbox 2619 577 2947 640; x_wconf 89' lang='lat' dir='ltr'>videantur,</span> <span class='ocrx_word' id='word_1_439' title='bbox 2985 593 3158 646; x_wconf 89' lang='lat' dir='ltr'>quam</span> <span class='ocrx_word' id='word_1_440' title='bbox 3213 575 3310 629; x_wconf 90' lang='lat' dir='ltr'>illa</span> <span class='ocrx_word' id='word_1_441' title='bbox 3341 592 3456 645; x_wconf 91' lang='lat' dir='ltr'>quo</span> <span class='ocrx_word' id='word_1_442' title='bbox 3509 575 3839 629; x_wconf 85' lang='lat' dir='ltr'>intenderat</span> 
     </span>
    </p>
   </div>
   <div class='ocr_carea' id='block_1_63' title="bbox 2195 663 3835 739">
    <p class='ocr_par' dir='ltr' id='par_1_63' title="bbox 2195 663 3835 739">
     <span class='ocr_line' id='line_1_63' title="bbox 2195 663 3835 739; baseline -0.004 -17"><span class='ocrx_word' id='word_1_443' title='bbox 2195 667 2525 739; x_wconf 83' lang='lat' dir='ltr'>pervenisse</span> <span class='ocrx_word' id='word_1_444' title='bbox 2557 670 2572 700; x_wconf 82' lang='grc'>¹</span> <span class='ocrx_word' id='word_1_445' title='bbox 2607 667 2624 720; x_wconf 70' lang='grc' dir='ltr'>Β</span> <span class='ocrx_word' id='word_1_446' title='bbox 2656 667 2720 720; x_wconf 87' lang='lat' dir='ltr'>Et</span> <span class='ocrx_word' id='word_1_447' title='bbox 2751 671 2904 720; x_wconf 88' lang='lat' dir='ltr'>certe</span> <span class='ocrx_word' id='word_1_448' title='bbox 2953 665 3061 718; x_wconf 77' lang='lat' dir='ltr'>iste</span> <span class='ocrx_word' id='word_1_449' title='bbox 3109 681 3394 736; x_wconf 60' lang='lat' dir='ltr'>corporem</span> <span class='ocrx_word' id='word_1_450' title='bbox 3429 663 3576 718; x_wconf 91' lang='lat' dir='ltr'>lucis</span> <span class='ocrx_word' id='word_1_451' title='bbox 3627 669 3716 718; x_wconf 89' lang='lat' dir='ltr'>est</span> <span class='ocrx_word' id='word_1_452' title='bbox 3746 681 3835 716; x_wconf 86' lang='lat' dir='ltr'>ra-</span> 
     </span>
    </p>
   </div>
   <div class='ocr_carea' id='block_1_64' title="bbox 2194 753 3840 825">
    <p class='ocr_par' dir='ltr' id='par_1_64' title="bbox 2194 753 3840 825">
     <span class='ocr_line' id='line_1_64' title="bbox 2194 753 3840 825; baseline -0.003 -14"><span class='ocrx_word' id='word_1_453' title='bbox 2194 757 2616 823; x_wconf 87' lang='lat' dir='ltr'>dius,emicaus</span> <span class='ocrx_word' id='word_1_454' title='bbox 2644 771 2709 809; x_wconf 81' lang='lat' dir='ltr'>ex</span> <span class='ocrx_word' id='word_1_455' title='bbox 2743 755 2926 809; x_wconf 89' lang='lat' dir='ltr'>oculis</span> <span class='ocrx_word' id='word_1_456' title='bbox 2958 756 3261 824; x_wconf 88' lang='lat' dir='ltr'>nostris,et</span> <span class='ocrx_word' id='word_1_457' title='bbox 3291 759 3408 807; x_wconf 91' lang='lat' dir='ltr'>tam</span> <span class='ocrx_word' id='word_1_458' title='bbox 3446 753 3616 825; x_wconf 85' lang='lat' dir='ltr'>longe</span> <span class='ocrx_word' id='word_1_459' title='bbox 3649 754 3840 824; x_wconf 85' lang='lat' dir='ltr'>posita</span> 
     </span>
    </p>
   </div>
   <div class='ocr_carea' id='block_1_65' title="bbox 2194 841 3842 914">
    <p class='ocr_par' dir='ltr' id='par_1_65' title="bbox 2194 841 3842 914">
     <span class='ocr_line' id='line_1_65' title="bbox 2194 841 3842 914; baseline -0.005 -14"><span class='ocrx_word' id='word_1_460' title='bbox 2194 850 2355 900; x_wconf 90' lang='lat' dir='ltr'>tanta</span> <span class='ocrx_word' id='word_1_461' title='bbox 2388 845 2684 899; x_wconf 90' lang='lat' dir='ltr'>celeritate</span> <span class='ocrx_word' id='word_1_462' title='bbox 2716 843 3154 914; x_wconf 85' lang='lat' dir='ltr'>eontingens,ut</span> <span class='ocrx_word' id='word_1_463' title='bbox 3181 843 3456 896; x_wconf 68' lang='lat' dir='ltr'>{estimari</span> <span class='ocrx_word' id='word_1_464' title='bbox 3491 841 3842 912; x_wconf 85' lang='lat' dir='ltr'>comparari-</span> 
     </span>
    </p>
   </div>
   <div class='ocr_carea' id='block_1_66' title="bbox 2196 931 3842 1006">
    <p class='ocr_par' dir='ltr' id='par_1_66' title="bbox 2196 931 3842 1006">
     <span class='ocr_line' id='line_1_66' title="bbox 2196 931 3842 1006; baseline -0.004 -18"><span class='ocrx_word' id='word_1_465' title='bbox 2196 950 2307 1006; x_wconf 90' lang='lat' dir='ltr'>que</span> <span class='ocrx_word' id='word_1_466' title='bbox 2342 951 2452 988; x_wconf 93' lang='lat' dir='ltr'>non</span> <span class='ocrx_word' id='word_1_467' title='bbox 2489 933 2696 1004; x_wconf 75' lang='lat' dir='ltr'>possit.</span> <span class='ocrx_word' id='word_1_468' title='bbox 2733 933 2952 1003; x_wconf 85' lang='lat' dir='ltr'>Nempe</span> <span class='ocrx_word' id='word_1_469' title='bbox 2982 932 3074 986; x_wconf 76' lang='lat' dir='ltr'>hic</span> <span class='ocrx_word' id='word_1_470' title='bbox 3107 937 3162 985; x_wconf 90' lang='lat' dir='ltr'>et</span> <span class='ocrx_word' id='word_1_471' title='bbox 3195 931 3293 985; x_wconf 92' lang='lat' dir='ltr'>illa</span> <span class='ocrx_word' id='word_1_472' title='bbox 3341 932 3538 985; x_wconf 92' lang='lat' dir='ltr'>omnia</span> <span class='ocrx_word' id='word_1_473' title='bbox 3568 935 3689 985; x_wconf 88' lang='lat' dir='ltr'>tam</span> <span class='ocrx_word' id='word_1_474' title='bbox 3723 945 3842 982; x_wconf 83' lang='lat' dir='ltr'>am-</span> 
     </span>
    </p>
   </div>
   <div class='ocr_carea' id='block_1_67' title="bbox 2196 1019 3843 1095">
    <p class='ocr_par' dir='ltr' id='par_1_67' title="bbox 2196 1019 3843 1095">
     <span class='ocr_line' id='line_1_67' title="bbox 2196 1019 3843 1095; baseline -0.004 -18"><span class='ocrx_word' id='word_1_475' title='bbox 2196 1024 2290 1095; x_wconf 82' lang='lat' dir='ltr'>pla</span> <span class='ocrx_word' id='word_1_476' title='bbox 2341 1023 2751 1093; x_wconf 79' lang='lat' dir='ltr'>immensaque</span> <span class='ocrx_word' id='word_1_477' title='bbox 2800 1021 2988 1091; x_wconf 87' lang='lat' dir='ltr'>spatia</span> <span class='ocrx_word' id='word_1_478' title='bbox 3043 1019 3218 1075; x_wconf 85' lang='lat' dir='ltr'>simul</span> <span class='ocrx_word' id='word_1_479' title='bbox 3270 1037 3384 1074; x_wconf 92' lang='lat' dir='ltr'>uno</span> <span class='ocrx_word' id='word_1_480' title='bbox 3432 1020 3552 1073; x_wconf 86' lang='lat' dir='ltr'>ictu</span> <span class='ocrx_word' id='word_1_481' title='bbox 3602 1019 3843 1073; x_wconf 87' lang='lat' dir='ltr'>transiri</span> 
     </span>
    </p>
   </div>
   <div class='ocr_carea' id='block_1_68' title="bbox 2197 1110 3843 1181">
    <p class='ocr_par' dir='ltr' id='par_1_68' title="bbox 2197 1110 3843 1181">
     <span class='ocr_line' id='line_1_68' title="bbox 2197 1110 3843 1181; baseline -0.003 -15"><span class='ocrx_word' id='word_1_482' title='bbox 2197 1112 2575 1166; x_wconf 83' lang='lat' dir='ltr'>manifestum</span> <span class='ocrx_word' id='word_1_483' title='bbox 2611 1117 2720 1178; x_wconf 90' lang='lat' dir='ltr'>est,</span> <span class='ocrx_word' id='word_1_484' title='bbox 2754 1116 2809 1165; x_wconf 90' lang='lat' dir='ltr'>et</span> <span class='ocrx_word' id='word_1_485' title='bbox 2841 1112 2990 1181; x_wconf 90' lang='lat' dir='ltr'>quod</span> <span class='ocrx_word' id='word_1_486' title='bbox 3029 1111 3192 1181; x_wconf 89' lang='lat' dir='ltr'>prius</span> <span class='ocrx_word' id='word_1_487' title='bbox 3230 1110 3634 1180; x_wconf 89' lang='lat' dir='ltr'>posteriusque</span> <span class='ocrx_word' id='word_1_488' title='bbox 3681 1112 3843 1162; x_wconf 86' lang='lat' dir='ltr'>tran-</span> 
     </span>
    </p>
   </div>
   <div class='ocr_carea' id='block_1_69' title="bbox 2193 1202 3256 1269">
    <p class='ocr_par' dir='ltr' id='par_1_69' title="bbox 2193 1202 3256 1269">
     <span class='ocr_line' id='line_1_69' title="bbox 2193 1202 3256 1269; baseline -0.005 -10"><span class='ocrx_word' id='word_1_489' title='bbox 2193 1209 2412 1269; x_wconf 81' lang='lat' dir='ltr'>seatur,</span> <span class='ocrx_word' id='word_1_490' title='bbox 2450 1202 2633 1257; x_wconf 89' lang='lat' dir='ltr'>nihilo</span> <span class='ocrx_word' id='word_1_491' title='bbox 2665 1203 2862 1256; x_wconf 89' lang='lat' dir='ltr'>minus</span> <span class='ocrx_word' id='word_1_492' title='bbox 2895 1207 3114 1256; x_wconf 89' lang='lat' dir='ltr'>certum</span> <span class='ocrx_word' id='word_1_493' title='bbox 3149 1205 3256 1254; x_wconf 86' lang='lat' dir='ltr'>est.</span> 
     </span>
    </p>
   </div>
   <div class='ocr_carea' id='block_1_70' title="bbox 2264 1289 3844 1347">
    <p class='ocr_par' dir='ltr' id='par_1_70' title="bbox 2264 1289 3844 1347">
     <span class='ocr_line' id='line_1_70' title="bbox 2264 1289 3844 1347; baseline -0.002 -2"><span class='ocrx_word' id='word_1_494' title='bbox 2264 1295 2352 1347; x_wconf 67' lang='lat'>55.</span> <span class='ocrx_word' id='word_1_495' title='bbox 2389 1292 2590 1346; x_wconf 89' lang='lat' dir='ltr'>Merito</span> <span class='ocrx_word' id='word_1_496' title='bbox 2623 1291 3061 1346; x_wconf 86' lang='lat' dir='ltr'>resurrectionis</span> <span class='ocrx_word' id='word_1_497' title='bbox 3094 1296 3302 1344; x_wconf 67' lang='lat' dir='ltr'>nostra:</span> <span class='ocrx_word' id='word_1_498' title='bbox 3335 1289 3684 1344; x_wconf 84' lang='lat' dir='ltr'>celeritatem</span> <span class='ocrx_word' id='word_1_499' title='bbox 3710 1305 3844 1343; x_wconf 87' lang='lat' dir='ltr'>cum</span> 
     </span>
    </p>
   </div>
   <div class='ocr_carea' id='block_1_71' title="bbox 2195 1379 3844 1452">
    <p class='ocr_par' dir='ltr' id='par_1_71' title="bbox 2195 1379 3844 1452">
     <span class='ocr_line' id='line_1_71' title="bbox 2195 1379 3844 1452; baseline -0.004 -16"><span class='ocrx_word' id='word_1_500' title='bbox 2195 1382 2519 1452; x_wconf 86' lang='lat' dir='ltr'>exprimere</span> <span class='ocrx_word' id='word_1_501' title='bbox 2547 1381 2720 1435; x_wconf 78' lang='lat' dir='ltr'>vellet</span> <span class='ocrx_word' id='word_1_502' title='bbox 2751 1380 3084 1452; x_wconf 83' lang='lat' dir='ltr'>Apostolus,</span> <span class='ocrx_word' id='word_1_503' title='bbox 3118 1382 3177 1434; x_wconf 84' lang='lat' dir='ltr'>in</span> <span class='ocrx_word' id='word_1_504' title='bbox 3211 1382 3326 1433; x_wconf 75' lang='lat' dir='ltr'>ictu</span> <span class='ocrx_word' id='word_1_505' title='bbox 3372 1380 3519 1434; x_wconf 76' lang='lat' dir='ltr'>oculi</span> <span class='ocrx_word' id='word_1_506' title='bbox 3548 1379 3684 1433; x_wconf 81' lang='lat' dir='ltr'>dixit</span> <span class='ocrx_word' id='word_1_507' title='bbox 3723 1380 3844 1432; x_wconf 80' lang='lat' dir='ltr'>fieri</span> 
     </span>
    </p>
   </div>
   <div class='ocr_carea' id='block_1_72' title="bbox 2196 1467 3850 1540">
    <p class='ocr_par' dir='ltr' id='par_1_72' title="bbox 2196 1467 3850 1540">
     <span class='ocr_line' id='line_1_72' title="bbox 2196 1467 3850 1540; baseline -0.002 -16"><span class='ocrx_word' id='word_1_508' title='bbox 2196 1469 2246 1536; x_wconf 91' lang='grc' dir='ltr'>(Ι</span> <span class='ocrx_word' id='word_1_509' title='bbox 2266 1470 2807 1540; x_wconf 78' lang='lat' dir='ltr'>Cnr.xv,‘25).Neque</span> <span class='ocrx_word' id='word_1_510' title='bbox 2830 1469 2983 1523; x_wconf 91' lang='lat' dir='ltr'>enim</span> <span class='ocrx_word' id='word_1_511' title='bbox 3011 1467 3229 1538; x_wconf 87' lang='lat' dir='ltr'>aliquid</span> <span class='ocrx_word' id='word_1_512' title='bbox 3256 1469 3312 1522; x_wconf 90' lang='lat' dir='ltr'>in</span> <span class='ocrx_word' id='word_1_513' title='bbox 3336 1485 3526 1523; x_wconf 89' lang='lat' dir='ltr'>rerum</span> <span class='ocrx_word' id='word_1_514' title='bbox 3553 1483 3850 1538; x_wconf 88' lang='lat' dir='ltr'>corporea-</span> 
     </span>
    </p>
   </div>
   <div class='ocr_carea' id='block_1_73' title="bbox 2197 1555 3847 1629">
    <p class='ocr_par' dir='ltr' id='par_1_73' title="bbox 2197 1555 3847 1629">
     <span class='ocr_line' id='line_1_73' title="bbox 2197 1555 3847 1629; baseline -0.002 -17"><span class='ocrx_word' id='word_1_515' title='bbox 2197 1576 2327 1613; x_wconf 92' lang='lat' dir='ltr'>rum</span> <span class='ocrx_word' id='word_1_516' title='bbox 2348 1559 2604 1614; x_wconf 89' lang='lat' dir='ltr'>motibus</span> <span class='ocrx_word' id='word_1_517' title='bbox 2621 1558 2704 1613; x_wconf 90' lang='lat' dir='ltr'>vel</span> <span class='ocrx_word' id='word_1_518' title='bbox 2723 1558 2934 1612; x_wconf 91' lang='lat' dir='ltr'>ictibus</span> <span class='ocrx_word' id='word_1_519' title='bbox 2947 1563 3135 1629; x_wconf 91' lang='lat' dir='ltr'>potest</span> <span class='ocrx_word' id='word_1_520' title='bbox 3149 1555 3650 1611; x_wconf 89' lang='lat' dir='ltr'>celeriusinveniri</span> <span class='ocrx_word' id='word_1_521' title='bbox 3664 1555 3847 1621; x_wconf 90' lang='lat' dir='ltr'>.Quod</span> 
     </span>
    </p>
   </div>
   <div class='ocr_carea' id='block_1_74' title="bbox 2197 1645 3849 1716">
    <p class='ocr_par' dir='ltr' id='par_1_74' title="bbox 2197 1645 3849 1716">
     <span class='ocr_line' id='line_1_74' title="bbox 2197 1645 3849 1716; baseline -0.004 -13"><span class='ocrx_word' id='word_1_522' title='bbox 2197 1649 2245 1703; x_wconf 89' lang='lat' dir='ltr'>si</span> <span class='ocrx_word' id='word_1_523' title='bbox 2259 1648 2558 1702; x_wconf 87' lang='lat' dir='ltr'>oculorum</span> <span class='ocrx_word' id='word_1_524' title='bbox 2573 1645 2893 1701; x_wconf 85' lang='lat' dir='ltr'>carnalium</span> <span class='ocrx_word' id='word_1_525' title='bbox 2911 1647 3065 1700; x_wconf 91' lang='lat' dir='ltr'>acies</span> <span class='ocrx_word' id='word_1_526' title='bbox 3082 1645 3376 1700; x_wconf 87' lang='lat' dir='ltr'>celeritate</span> <span class='ocrx_word' id='word_1_527' title='bbox 3390 1649 3616 1699; x_wconf 88' lang='lat' dir='ltr'>tantum</span> <span class='ocrx_word' id='word_1_528' title='bbox 3633 1649 3849 1716; x_wconf 77' lang='lat' dir='ltr'>potest,</span> 
     </span>
    </p>
   </div>
   <div class='ocr_carea' id='block_1_75' title="bbox 2197 1734 3854 1808">
    <p class='ocr_par' dir='ltr' id='par_1_75' title="bbox 2197 1734 3854 1808">
     <span class='ocr_line' id='line_1_75' title="bbox 2197 1734 3854 1808; baseline -0.004 -17"><span class='ocrx_word' id='word_1_529' title='bbox 2197 1737 2336 1808; x_wconf 91' lang='lat' dir='ltr'>quid</span> <span class='ocrx_word' id='word_1_530' title='bbox 2370 1736 2583 1790; x_wconf 85' lang='lat' dir='ltr'>mentis</span> <span class='ocrx_word' id='word_1_531' title='bbox 2605 1735 2757 1789; x_wconf 88' lang='lat' dir='ltr'>acies</span> <span class='ocrx_word' id='word_1_532' title='bbox 2783 1734 2863 1788; x_wconf 88' lang='lat' dir='ltr'>vel</span> <span class='ocrx_word' id='word_1_533' title='bbox 2892 1736 3158 1789; x_wconf 62' lang='lat' dir='ltr'>humana</span> <span class='ocrx_word' id='word_1_534' title='bbox 3177 1734 3201 1786; x_wconf 85' lang='lat'>?</span> <span class='ocrx_word' id='word_1_535' title='bbox 3223 1739 3443 1805; x_wconf 89' lang='lat' dir='ltr'>quanto</span> <span class='ocrx_word' id='word_1_536' title='bbox 3468 1734 3656 1804; x_wconf 77' lang='lat' dir='ltr'>magis</span> <span class='ocrx_word' id='word_1_537' title='bbox 3681 1749 3854 1802; x_wconf 83' lang='lat' dir='ltr'>ange-</span> 
     </span>
    </p>
   </div>
   <div class='ocr_carea' id='block_1_76' title="bbox 2195 1823 3849 1895">
    <p class='ocr_par' dir='ltr' id='par_1_76' title="bbox 2195 1823 3849 1895">
     <span class='ocr_line' id='line_1_76' title="bbox 2195 1823 3849 1895; baseline -0.002 -15"><span class='ocrx_word' id='word_1_538' title='bbox 2195 1826 2321 1881; x_wconf 70' lang='lat' dir='ltr'>licre</span> <span class='ocrx_word' id='word_1_539' title='bbox 2345 1825 2366 1879; x_wconf 72' lang='grc' dir='ltr'><strong><em>Ρ</em></strong></span> <span class='ocrx_word' id='word_1_540' title='bbox 2387 1825 2531 1888; x_wconf 88' lang='lat' dir='ltr'>Quid</span> <span class='ocrx_word' id='word_1_541' title='bbox 2550 1826 2673 1895; x_wconf 89' lang='lat' dir='ltr'>jam</span> <span class='ocrx_word' id='word_1_542' title='bbox 2700 1825 2770 1878; x_wconf 90' lang='lat' dir='ltr'>de</span> <span class='ocrx_word' id='word_1_543' title='bbox 2803 1824 2988 1894; x_wconf 89' lang='lat' dir='ltr'>ipsius</span> <span class='ocrx_word' id='word_1_544' title='bbox 3011 1840 3260 1878; x_wconf 62' lang='lat' dir='ltr'>summa:</span> <span class='ocrx_word' id='word_1_545' title='bbox 3287 1823 3380 1877; x_wconf 89' lang='lat' dir='ltr'>Dei</span> <span class='ocrx_word' id='word_1_546' title='bbox 3402 1823 3714 1895; x_wconf 78' lang='lat' dir='ltr'>Sapientiae</span> <span class='ocrx_word' id='word_1_547' title='bbox 3758 1839 3849 1876; x_wconf 88' lang='lat' dir='ltr'>ee-</span> 
     </span>
    </p>
   </div>
   <div class='ocr_carea' id='block_1_77' title="bbox 2199 1912 3849 1984">
    <p class='ocr_par' dir='ltr' id='par_1_77' title="bbox 2199 1912 3849 1984">
     <span class='ocr_line' id='line_1_77' title="bbox 2199 1912 3849 1984; baseline -0.002 -15"><span class='ocrx_word' id='word_1_548' title='bbox 2199 1916 2422 1970; x_wconf 82' lang='lat' dir='ltr'>leritatc.</span> <span class='ocrx_word' id='word_1_549' title='bbox 2447 1914 2700 1979; x_wconf 89' lang='lat' dir='ltr'>dicatur,</span> <span class='ocrx_word' id='word_1_550' title='bbox 2735 1930 2858 1984; x_wconf 69' lang='lat' dir='ltr'>quae</span> <span class='ocrx_word' id='word_1_551' title='bbox 2887 1912 3122 1983; x_wconf 80' lang='lat' dir='ltr'>attingit</span> <span class='ocrx_word' id='word_1_552' title='bbox 3143 1912 3363 1984; x_wconf 88' lang='lat' dir='ltr'>ubique</span> <span class='ocrx_word' id='word_1_553' title='bbox 3403 1915 3638 1982; x_wconf 91' lang='lat' dir='ltr'>propter</span> <span class='ocrx_word' id='word_1_554' title='bbox 3677 1927 3849 1967; x_wconf 87' lang='lat' dir='ltr'>suam</span> 
     </span>
    </p>
   </div>
   <div class='ocr_carea' id='block_1_78' title="bbox 2199 2000 3848 2072">
    <p class='ocr_par' dir='ltr' id='par_1_78' title="bbox 2199 2000 3848 2072">
     <span class='ocr_line' id='line_1_78' title="bbox 2199 2000 3848 2072; baseline -0.004 -12"><span class='ocrx_word' id='word_1_555' title='bbox 2199 2004 2634 2071; x_wconf 88' lang='lat' dir='ltr'>munditiem,et</span> <span class='ocrx_word' id='word_1_556' title='bbox 2659 2002 2803 2057; x_wconf 88' lang='lat' dir='ltr'>nihil</span> <span class='ocrx_word' id='word_1_557' title='bbox 2824 2002 3194 2072; x_wconf 89' lang='lat' dir='ltr'>inquinatum</span> <span class='ocrx_word' id='word_1_558' title='bbox 3213 2002 3270 2055; x_wconf 91' lang='lat' dir='ltr'>in</span> <span class='ocrx_word' id='word_1_559' title='bbox 3294 2017 3422 2056; x_wconf 89' lang='lat' dir='ltr'>eam</span> <span class='ocrx_word' id='word_1_560' title='bbox 3445 2000 3848 2069; x_wconf 83' lang='lat' dir='ltr'>incurrit(Sap.</span> 
     </span>
    </p>
   </div>
   <div class='ocr_carea' id='block_1_79' title="bbox 2200 2088 3849 2163">
    <p class='ocr_par' dir='ltr' id='par_1_79' title="bbox 2200 2088 3849 2163">
     <span class='ocr_line' id='line_1_79' title="bbox 2200 2088 3849 2163; baseline -0.004 -16"><span class='ocrx_word' id='word_1_561' title='bbox 2200 2093 2422 2163; x_wconf 69' lang='lat' dir='ltr'>vn,24)?</span> <span class='ocrx_word' id='word_1_562' title='bbox 2449 2094 2506 2146; x_wconf 91' lang='lat' dir='ltr'>[n</span> <span class='ocrx_word' id='word_1_563' title='bbox 2530 2092 2621 2146; x_wconf 90' lang='lat' dir='ltr'>his</span> <span class='ocrx_word' id='word_1_564' title='bbox 2636 2108 2770 2161; x_wconf 83' lang='lat' dir='ltr'>ergo</span> <span class='ocrx_word' id='word_1_565' title='bbox 2794 2107 2923 2162; x_wconf 57' lang='lat' dir='ltr'>quas</span> <span class='ocrx_word' id='word_1_566' title='bbox 2945 2091 3122 2144; x_wconf 88' lang='lat' dir='ltr'>simul</span> <span class='ocrx_word' id='word_1_567' title='bbox 3147 2092 3295 2146; x_wconf 78' lang='lat' dir='ltr'>facta</span> <span class='ocrx_word' id='word_1_568' title='bbox 3317 2094 3474 2156; x_wconf 90' lang='lat' dir='ltr'>sunt,</span> <span class='ocrx_word' id='word_1_569' title='bbox 3502 2106 3670 2144; x_wconf 91' lang='lat' dir='ltr'>nemo</span> <span class='ocrx_word' id='word_1_570' title='bbox 3691 2088 3849 2143; x_wconf 86' lang='lat' dir='ltr'>videt</span> 
     </span>
    </p>
   </div>
   <div class='ocr_carea' id='block_1_80' title="bbox 2198 2177 3850 2254">
    <p class='ocr_par' dir='ltr' id='par_1_80' title="bbox 2198 2177 3850 2254">
     <span class='ocr_line' id='line_1_80' title="bbox 2198 2177 3850 2254; baseline -0.004 -17"><span class='ocrx_word' id='word_1_571' title='bbox 2198 2183 2333 2254; x_wconf 89' lang='lat' dir='ltr'>quid</span> <span class='ocrx_word' id='word_1_572' title='bbox 2369 2181 2531 2253; x_wconf 85' lang='lat' dir='ltr'>prius</span> <span class='ocrx_word' id='word_1_573' title='bbox 2554 2180 2912 2253; x_wconf 89' lang='lat' dir='ltr'>posteriusve</span> <span class='ocrx_word' id='word_1_574' title='bbox 2947 2180 3068 2234; x_wconf 80' lang='lat' dir='ltr'>fieri</span> <span class='ocrx_word' id='word_1_575' title='bbox 3103 2178 3506 2243; x_wconf 87' lang='lat' dir='ltr'>debuerit,nisi</span> <span class='ocrx_word' id='word_1_576' title='bbox 3542 2178 3599 2232; x_wconf 88' lang='lat' dir='ltr'>in</span> <span class='ocrx_word' id='word_1_577' title='bbox 3627 2177 3729 2232; x_wconf 91' lang='lat' dir='ltr'>illa</span> <span class='ocrx_word' id='word_1_578' title='bbox 3750 2179 3850 2231; x_wconf 86' lang='lat' dir='ltr'>Sa-</span> 
     </span>
    </p>
   </div>
   <div class='ocr_carea' id='block_1_81' title="bbox 2202 2266 3845 2344">
    <p class='ocr_par' dir='ltr' id='par_1_81' title="bbox 2202 2266 3845 2344">
     <span class='ocr_line' id='line_1_81' title="bbox 2202 2266 3845 2344; baseline -0.003 -18"><span class='ocrx_word' id='word_1_579' title='bbox 2202 2271 2438 2344; x_wconf 76' lang='lat' dir='ltr'>pientia,</span> <span class='ocrx_word' id='word_1_580' title='bbox 2475 2286 2577 2341; x_wconf 89' lang='lat' dir='ltr'>per</span> <span class='ocrx_word' id='word_1_581' title='bbox 2626 2286 2798 2341; x_wconf 89' lang='lat' dir='ltr'>quam</span> <span class='ocrx_word' id='word_1_582' title='bbox 2834 2270 2983 2324; x_wconf 87' lang='lat' dir='ltr'>facta</span> <span class='ocrx_word' id='word_1_583' title='bbox 3032 2274 3169 2323; x_wconf 90' lang='lat' dir='ltr'>sunt</span> <span class='ocrx_word' id='word_1_584' title='bbox 3215 2268 3415 2323; x_wconf 88' lang='lat' dir='ltr'>omnia</span> <span class='ocrx_word' id='word_1_585' title='bbox 3443 2285 3545 2340; x_wconf 90' lang='lat' dir='ltr'>per</span> <span class='ocrx_word' id='word_1_586' title='bbox 3582 2266 3845 2322; x_wconf 88' lang='lat' dir='ltr'>ordinem</span> 
     </span>
    </p>
   </div>
   <div class='ocr_carea' id='block_1_82' title="bbox 2201 2361 2400 2416">
    <p class='ocr_par' dir='ltr' id='par_1_82' title="bbox 2201 2361 2400 2416">
     <span class='ocr_line' id='line_1_82' title="bbox 2201 2361 2400 2416; baseline -0.015 0"><span class='ocrx_word' id='word_1_587' title='bbox 2201 2361 2400 2416; x_wconf 90' lang='lat' dir='ltr'>simul.</span> 
     </span>
    </p>
   </div>
   <div class='ocr_carea' id='block_1_83' title="bbox 2264 2444 3790 2504">
    <p class='ocr_par' dir='ltr' id='par_1_83' title="bbox 2264 2444 3790 2504">
     <span class='ocr_line' id='line_1_83' title="bbox 2264 2444 3790 2504; baseline -0.003 0"><span class='ocrx_word' id='word_1_588' title='bbox 2264 2449 2494 2504; x_wconf 89' lang='lat' dir='ltr'>CAPUT</span> <span class='ocrx_word' id='word_1_589' title='bbox 2534 2447 2750 2503; x_wconf 78' lang='lat' dir='ltr'>XXXV.</span> <span class='ocrx_word' id='word_1_590' title='bbox 2786 2479 2851 2487; x_wconf 91' lang='lat'>-—</span> <span class='ocrx_word' id='word_1_591' title='bbox 2886 2447 3169 2501; x_wconf 75' lang='lat' dir='ltr'>Conclusio</span> <span class='ocrx_word' id='word_1_592' title='bbox 3199 2447 3266 2500; x_wconf 84' lang='lat' dir='ltr'>de</span> <span class='ocrx_word' id='word_1_593' title='bbox 3295 2446 3482 2501; x_wconf 77' lang='lat' dir='ltr'>diebus</span> <span class='ocrx_word' id='word_1_594' title='bbox 3514 2444 3790 2500; x_wconf 76' lang='lat' dir='ltr'>Geneseos.</span> 
     </span>
    </p>
   </div>
   <div class='ocr_carea' id='block_1_84' title="bbox 2271 2533 3853 2607">
    <p class='ocr_par' dir='ltr' id='par_1_84' title="bbox 2271 2533 3853 2607">
     <span class='ocr_line' id='line_1_84' title="bbox 2271 2533 3853 2607; baseline -0.002 -18"><span class='ocrx_word' id='word_1_595' title='bbox 2271 2540 2360 2591; x_wconf 75' lang='lat'>56.</span> <span class='ocrx_word' id='word_1_596' title='bbox 2397 2539 2529 2592; x_wconf 89' lang='lat' dir='ltr'>Dies</span> <span class='ocrx_word' id='word_1_597' title='bbox 2561 2554 2696 2607; x_wconf 84' lang='lat' dir='ltr'>ergo</span> <span class='ocrx_word' id='word_1_598' title='bbox 2748 2537 2843 2591; x_wconf 91' lang='lat' dir='ltr'>ille</span> <span class='ocrx_word' id='word_1_599' title='bbox 2875 2553 3046 2607; x_wconf 89' lang='lat' dir='ltr'>quem</span> <span class='ocrx_word' id='word_1_600' title='bbox 3096 2536 3250 2590; x_wconf 88' lang='lat' dir='ltr'>Deus</span> <span class='ocrx_word' id='word_1_601' title='bbox 3305 2535 3580 2607; x_wconf 88' lang='lat' dir='ltr'>primitus</span> <span class='ocrx_word' id='word_1_602' title='bbox 3611 2534 3766 2602; x_wconf 82' lang='lat' dir='ltr'>facit,</span> <span class='ocrx_word' id='word_1_603' title='bbox 3804 2533 3853 2588; x_wconf 90' lang='lat' dir='ltr'>si</span> 
     </span>
    </p>
   </div>
   <div class='ocr_carea' id='block_1_85' title="bbox 2203 2622 3856 2699">
    <p class='ocr_par' dir='ltr' id='par_1_85' title="bbox 2203 2622 3856 2699">
     <span class='ocr_line' id='line_1_85' title="bbox 2203 2622 3856 2699; baseline -0.005 -16"><span class='ocrx_word' id='word_1_604' title='bbox 2203 2628 2527 2699; x_wconf 89' lang='lat' dir='ltr'>spiritualis</span> <span class='ocrx_word' id='word_1_605' title='bbox 2559 2626 2976 2697; x_wconf 90' lang='lat' dir='ltr'>rationalisque</span> <span class='ocrx_word' id='word_1_606' title='bbox 3007 2631 3273 2680; x_wconf 88' lang='lat' dir='ltr'>creatura</span> <span class='ocrx_word' id='word_1_607' title='bbox 3304 2625 3473 2690; x_wconf 89' lang='lat' dir='ltr'>est,id</span> <span class='ocrx_word' id='word_1_608' title='bbox 3496 2628 3584 2678; x_wconf 90' lang='lat' dir='ltr'>est</span> <span class='ocrx_word' id='word_1_609' title='bbox 3615 2622 3856 2693; x_wconf 73' lang='lat' dir='ltr'>Angelo~</span> 
     </span>
    </p>
   </div>
   <div class='ocr_carea' id='block_1_86' title="bbox 2205 2715 3855 2788">
    <p class='ocr_par' dir='ltr' id='par_1_86' title="bbox 2205 2715 3855 2788">
     <span class='ocr_line' id='line_1_86' title="bbox 2205 2715 3855 2788; baseline -0.004 -16"><span class='ocrx_word' id='word_1_610' title='bbox 2205 2734 2334 2773; x_wconf 91' lang='lat' dir='ltr'>rum</span> <span class='ocrx_word' id='word_1_611' title='bbox 2369 2717 2870 2788; x_wconf 74' lang='lat' dir='ltr'>supercmlestium</span> <span class='ocrx_word' id='word_1_612' title='bbox 2904 2725 3076 2787; x_wconf 81' lang='lat' dir='ltr'>atque</span> <span class='ocrx_word' id='word_1_613' title='bbox 3107 2715 3429 2782; x_wconf 87' lang='lat' dir='ltr'>Virtutum,</span> <span class='ocrx_word' id='word_1_614' title='bbox 3463 2716 3855 2785; x_wconf 65' lang='lat' dir='ltr'>priesentatus</span> 
     </span>
    </p>
   </div>
   <div class='ocr_carea' id='block_1_87' title="bbox 2204 2801 3849 2877">
    <p class='ocr_par' dir='ltr' id='par_1_87' title="bbox 2204 2801 3849 2877">
     <span class='ocr_line' id='line_1_87' title="bbox 2204 2801 3849 2877; baseline -0.007 -13"><span class='ocrx_word' id='word_1_615' title='bbox 2204 2813 2292 2864; x_wconf 89' lang='lat' dir='ltr'>est</span> <span class='ocrx_word' id='word_1_616' title='bbox 2321 2807 2590 2862; x_wconf 88' lang='lat' dir='ltr'>omnibus</span> <span class='ocrx_word' id='word_1_617' title='bbox 2641 2806 2915 2877; x_wconf 85' lang='lat' dir='ltr'>operibus</span> <span class='ocrx_word' id='word_1_618' title='bbox 2946 2805 3041 2859; x_wconf 91' lang='lat' dir='ltr'>Dei</span> <span class='ocrx_word' id='word_1_619' title='bbox 3099 2803 3208 2858; x_wconf 87' lang='lat' dir='ltr'>hoc</span> <span class='ocrx_word' id='word_1_620' title='bbox 3253 2803 3457 2857; x_wconf 88' lang='lat' dir='ltr'>ordine</span> <span class='ocrx_word' id='word_1_621' title='bbox 3505 2801 3849 2872; x_wconf 69' lang='lat' dir='ltr'>praesentire,</span> 
     </span>
    </p>
   </div>
   <div class='ocr_carea' id='block_1_88' title="bbox 2205 2890 3857 2969">
    <p class='ocr_par' dir='ltr' id='par_1_88' title="bbox 2205 2890 3857 2969">
     <span class='ocr_line' id='line_1_88' title="bbox 2205 2890 3857 2969; baseline -0.004 -18"><span class='ocrx_word' id='word_1_622' title='bbox 2205 2913 2320 2969; x_wconf 90' lang='lat' dir='ltr'>quo</span> <span class='ocrx_word' id='word_1_623' title='bbox 2352 2895 2555 2951; x_wconf 91' lang='lat' dir='ltr'>ordine</span> <span class='ocrx_word' id='word_1_624' title='bbox 2585 2894 2837 2949; x_wconf 60' lang='lat' dir='ltr'>scientiae</span> <span class='ocrx_word' id='word_1_625' title='bbox 2870 2895 3033 2963; x_wconf 71' lang='lat' dir='ltr'>’,qua</span> <span class='ocrx_word' id='word_1_626' title='bbox 3064 2897 3118 2946; x_wconf 88' lang='lat' dir='ltr'>et</span> <span class='ocrx_word' id='word_1_627' title='bbox 3152 2893 3206 2946; x_wconf 87' lang='lat' dir='ltr'>in</span> <span class='ocrx_word' id='word_1_628' title='bbox 3242 2891 3428 2946; x_wconf 90' lang='lat' dir='ltr'>Verbo</span> <span class='ocrx_word' id='word_1_629' title='bbox 3459 2891 3554 2945; x_wconf 90' lang='lat' dir='ltr'>Dei</span> <span class='ocrx_word' id='word_1_630' title='bbox 3589 2890 3857 2945; x_wconf 67' lang='lat' dir='ltr'>faciunda</span> 
     </span>
    </p>
   </div>
   <div class='ocr_carea' id='block_1_89' title="bbox 2207 2981 3855 3057">
    <p class='ocr_par' dir='ltr' id='par_1_89' title="bbox 2207 2981 3855 3057">
     <span class='ocr_line' id='line_1_89' title="bbox 2207 2981 3855 3057; baseline -0.004 -17"><span class='ocrx_word' id='word_1_631' title='bbox 2207 2987 2607 3057; x_wconf 70' lang='lat' dir='ltr'>praenosceret,</span> <span class='ocrx_word' id='word_1_632' title='bbox 2644 2988 2699 3036; x_wconf 89' lang='lat' dir='ltr'>et</span> <span class='ocrx_word' id='word_1_633' title='bbox 2730 2983 2785 3036; x_wconf 91' lang='lat' dir='ltr'>in</span> <span class='ocrx_word' id='word_1_634' title='bbox 2821 2987 3088 3037; x_wconf 88' lang='lat' dir='ltr'>creatura</span> <span class='ocrx_word' id='word_1_635' title='bbox 3119 2981 3268 3035; x_wconf 87' lang='lat' dir='ltr'>facta</span> <span class='ocrx_word' id='word_1_636' title='bbox 3309 2983 3703 3052; x_wconf 77' lang='lat' dir='ltr'>cognosceret,</span> <span class='ocrx_word' id='word_1_637' title='bbox 3739 2994 3855 3033; x_wconf 86' lang='lat' dir='ltr'>non</span> 
     </span>
    </p>
   </div>
   <div class='ocr_carea' id='block_1_90' title="bbox 2206 3068 3862 3147">
    <p class='ocr_par' dir='ltr' id='par_1_90' title="bbox 2206 3068 3862 3147">
     <span class='ocr_line' id='line_1_90' title="bbox 2206 3068 3862 3147; baseline -0.005 -17"><span class='ocrx_word' id='word_1_638' title='bbox 2206 3092 2306 3147; x_wconf 90' lang='lat' dir='ltr'>per</span> <span class='ocrx_word' id='word_1_639' title='bbox 2333 3071 2771 3128; x_wconf 86' lang='lat' dir='ltr'>intervallorum</span> <span class='ocrx_word' id='word_1_640' title='bbox 2805 3070 3214 3143; x_wconf 86' lang='lat' dir='ltr'>temporalium</span> <span class='ocrx_word' id='word_1_641' title='bbox 3251 3070 3585 3135; x_wconf 91' lang='lat' dir='ltr'>moras,sed</span> <span class='ocrx_word' id='word_1_642' title='bbox 3621 3068 3780 3139; x_wconf 90' lang='lat' dir='ltr'>prius</span> <span class='ocrx_word' id='word_1_643' title='bbox 3803 3072 3862 3123; x_wconf 87' lang='lat' dir='ltr'>et</span> 
     </span>
    </p>
   </div>
   <div class='ocr_carea' id='block_1_91' title="bbox 2208 3158 3857 3236">
    <p class='ocr_par' dir='ltr' id='par_1_91' title="bbox 2208 3158 3857 3236">
     <span class='ocr_line' id='line_1_91' title="bbox 2208 3158 3857 3236; baseline -0.005 -17"><span class='ocrx_word' id='word_1_644' title='bbox 2208 3163 2496 3236; x_wconf 91' lang='lat' dir='ltr'>posterius</span> <span class='ocrx_word' id='word_1_645' title='bbox 2544 3161 2766 3216; x_wconf 89' lang='lat' dir='ltr'>habens</span> <span class='ocrx_word' id='word_1_646' title='bbox 2824 3161 2880 3215; x_wconf 92' lang='lat' dir='ltr'>in</span> <span class='ocrx_word' id='word_1_647' title='bbox 2932 3160 3289 3215; x_wconf 84' lang='lat' dir='ltr'>connexione</span> <span class='ocrx_word' id='word_1_648' title='bbox 3341 3163 3766 3224; x_wconf 86' lang='lat' dir='ltr'>creaturarum,</span> <span class='ocrx_word' id='word_1_649' title='bbox 3799 3158 3857 3211; x_wconf 90' lang='lat' dir='ltr'>in</span> 
     </span>
    </p>
   </div>
   <div class='ocr_carea' id='block_1_92' title="bbox 2206 3246 3863 3308">
    <p class='ocr_par' dir='ltr' id='par_1_92' title="bbox 2206 3246 3863 3308">
     <span class='ocr_line' id='line_1_92' title="bbox 2206 3246 3863 3308; baseline -0.004 -1"><span class='ocrx_word' id='word_1_650' title='bbox 2206 3253 2463 3308; x_wconf 78' lang='lat' dir='ltr'>efficacia</span> <span class='ocrx_word' id='word_1_651' title='bbox 2494 3267 2626 3305; x_wconf 93' lang='lat' dir='ltr'>vero</span> <span class='ocrx_word' id='word_1_652' title='bbox 2657 3251 2946 3305; x_wconf 89' lang='lat' dir='ltr'>Creatoris</span> <span class='ocrx_word' id='word_1_653' title='bbox 2977 3249 3169 3304; x_wconf 90' lang='lat' dir='ltr'>omnia</span> <span class='ocrx_word' id='word_1_654' title='bbox 3196 3248 3504 3303; x_wconf 88' lang='lat' dir='ltr'>simu1.Sic</span> <span class='ocrx_word' id='word_1_655' title='bbox 3535 3247 3689 3301; x_wconf 89' lang='lat' dir='ltr'>enim</span> <span class='ocrx_word' id='word_1_656' title='bbox 3723 3246 3863 3301; x_wconf 90' lang='lat' dir='ltr'>fecit</span> 
     </span>
    </p>
   </div>
   <div class='ocr_carea' id='block_1_93' title="bbox 2208 3337 3862 3414">
    <p class='ocr_par' dir='ltr' id='par_1_93' title="bbox 2208 3337 3862 3414">
     <span class='ocr_line' id='line_1_93' title="bbox 2208 3337 3862 3414; baseline -0.004 -19"><span class='ocrx_word' id='word_1_657' title='bbox 2208 3360 2336 3414; x_wconf 75' lang='lat' dir='ltr'>quae</span> <span class='ocrx_word' id='word_1_658' title='bbox 2370 3343 2568 3396; x_wconf 88' lang='lat' dir='ltr'>futura</span> <span class='ocrx_word' id='word_1_659' title='bbox 2601 3343 2890 3402; x_wconf 88' lang='lat' dir='ltr'>essent,ut</span> <span class='ocrx_word' id='word_1_660' title='bbox 2912 3356 3027 3394; x_wconf 90' lang='lat' dir='ltr'>non</span> <span class='ocrx_word' id='word_1_661' title='bbox 3059 3338 3456 3408; x_wconf 89' lang='lat' dir='ltr'>temporaliter</span> <span class='ocrx_word' id='word_1_662' title='bbox 3478 3337 3692 3392; x_wconf 85' lang='lat' dir='ltr'>faceret</span> <span class='ocrx_word' id='word_1_663' title='bbox 3718 3341 3862 3390; x_wconf 86' lang='lat' dir='ltr'>tem-</span> 
     </span>
    </p>
   </div>
   <div class='ocr_carea' id='block_1_94' title="bbox 2211 3429 3863 3502">
    <p class='ocr_par' dir='ltr' id='par_1_94' title="bbox 2211 3429 3863 3502">
     <span class='ocr_line' id='line_1_94' title="bbox 2211 3429 3863 3502; baseline -0.004 -17"><span class='ocrx_word' id='word_1_664' title='bbox 2211 3430 2449 3502; x_wconf 70' lang='lat' dir='ltr'>poralia,</span> <span class='ocrx_word' id='word_1_665' title='bbox 2473 3430 2570 3484; x_wconf 89' lang='lat' dir='ltr'>sed</span> <span class='ocrx_word' id='word_1_666' title='bbox 2605 3430 2677 3482; x_wconf 90' lang='lat' dir='ltr'>ab</span> <span class='ocrx_word' id='word_1_667' title='bbox 2709 3445 2774 3482; x_wconf 84' lang='lat' dir='ltr'>eo</span> <span class='ocrx_word' id='word_1_668' title='bbox 2811 3429 2959 3482; x_wconf 85' lang='lat' dir='ltr'>facta</span> <span class='ocrx_word' id='word_1_669' title='bbox 2989 3431 3290 3481; x_wconf 90' lang='lat' dir='ltr'>currerent</span> <span class='ocrx_word' id='word_1_670' title='bbox 3319 3431 3598 3498; x_wconf 88' lang='lat' dir='ltr'>tempora.</span> <span class='ocrx_word' id='word_1_671' title='bbox 3638 3431 3717 3478; x_wconf 89' lang='lat' dir='ltr'>Ac</span> <span class='ocrx_word' id='word_1_672' title='bbox 3759 3441 3863 3496; x_wconf 90' lang='lat' dir='ltr'>per</span> 
     </span>
    </p>
   </div>
   <div class='ocr_carea' id='block_1_95' title="bbox 2210 3513 3863 3589">
    <p class='ocr_par' dir='ltr' id='par_1_95' title="bbox 2210 3513 3863 3589">
     <span class='ocr_line' id='line_1_95' title="bbox 2210 3513 3863 3589; baseline -0.005 -15"><span class='ocrx_word' id='word_1_673' title='bbox 2210 3521 2318 3575; x_wconf 87' lang='lat' dir='ltr'>hoc</span> <span class='ocrx_word' id='word_1_674' title='bbox 2367 3519 2461 3573; x_wconf 90' lang='lat' dir='ltr'>isti</span> <span class='ocrx_word' id='word_1_675' title='bbox 2511 3518 2635 3573; x_wconf 85' lang='lat' dir='ltr'>dies</span> <span class='ocrx_word' id='word_1_676' title='bbox 2695 3522 2938 3589; x_wconf 85' lang='lat' dir='ltr'>septem,</span> <span class='ocrx_word' id='word_1_677' title='bbox 2973 3533 3120 3587; x_wconf 91' lang='lat' dir='ltr'>quos</span> <span class='ocrx_word' id='word_1_678' title='bbox 3155 3515 3252 3570; x_wconf 86' lang='lat' dir='ltr'>lux</span> <span class='ocrx_word' id='word_1_679' title='bbox 3301 3515 3560 3586; x_wconf 88' lang='lat' dir='ltr'>corporis</span> <span class='ocrx_word' id='word_1_680' title='bbox 3607 3513 3863 3569; x_wconf 84' lang='lat' dir='ltr'>ccelestis</span> 
     </span>
    </p>
   </div>
   <div class='ocr_carea' id='block_1_96' title="bbox 2211 3603 3864 3678">
    <p class='ocr_par' dir='ltr' id='par_1_96' title="bbox 2211 3603 3864 3678">
     <span class='ocr_line' id='line_1_96' title="bbox 2211 3603 3864 3678; baseline -0.005 -14"><span class='ocrx_word' id='word_1_681' title='bbox 2211 3609 2633 3665; x_wconf 87' lang='lat' dir='ltr'>circumeundo</span> <span class='ocrx_word' id='word_1_682' title='bbox 2686 3607 2938 3678; x_wconf 84' lang='lat' dir='ltr'>explicat</span> <span class='ocrx_word' id='word_1_683' title='bbox 2995 3610 3167 3677; x_wconf 83' lang='lat' dir='ltr'>atque</span> <span class='ocrx_word' id='word_1_684' title='bbox 3227 3605 3490 3676; x_wconf 90' lang='lat' dir='ltr'>replicat,</span> <span class='ocrx_word' id='word_1_685' title='bbox 3540 3603 3864 3658; x_wconf 82' lang='lat' dir='ltr'>secundum</span> 
     </span>
    </p>
   </div>
   <div class='ocr_carea' id='block_1_97' title="bbox 2211 3693 3865 3771">
    <p class='ocr_par' dir='ltr' id='par_1_97' title="bbox 2211 3693 3865 3771">
     <span class='ocr_line' id='line_1_97' title="bbox 2211 3693 3865 3771; baseline -0.004 -17"><span class='ocrx_word' id='word_1_686' title='bbox 2211 3699 2528 3771; x_wconf 89' lang='lat' dir='ltr'>quamdam</span> <span class='ocrx_word' id='word_1_687' title='bbox 2588 3697 2856 3752; x_wconf 91' lang='lat' dir='ltr'>umbram</span> <span class='ocrx_word' id='word_1_688' title='bbox 2909 3694 3358 3767; x_wconf 83' lang='lat' dir='ltr'>signiﬁcationis</span> <span class='ocrx_word' id='word_1_689' title='bbox 3406 3693 3725 3748; x_wconf 89' lang='lat' dir='ltr'>admonent</span> <span class='ocrx_word' id='word_1_690' title='bbox 3759 3708 3865 3747; x_wconf 91' lang='lat' dir='ltr'>nos</span> 
     </span>
    </p>
   </div>
   <div class='ocr_carea' id='block_1_98' title="bbox 2212 3780 3865 3860">
    <p class='ocr_par' dir='ltr' id='par_1_98' title="bbox 2212 3780 3865 3860">
     <span class='ocr_line' id='line_1_98' title="bbox 2212 3780 3865 3860; baseline -0.005 -17"><span class='ocrx_word' id='word_1_691' title='bbox 2212 3803 2467 3860; x_wconf 76' lang='lat' dir='ltr'>quaerere</span> <span class='ocrx_word' id='word_1_692' title='bbox 2498 3785 2630 3840; x_wconf 91' lang='lat' dir='ltr'>illos</span> <span class='ocrx_word' id='word_1_693' title='bbox 2661 3785 2805 3850; x_wconf 90' lang='lat' dir='ltr'>dies,</span> <span class='ocrx_word' id='word_1_694' title='bbox 2840 3785 2896 3838; x_wconf 90' lang='lat' dir='ltr'>in</span> <span class='ocrx_word' id='word_1_695' title='bbox 2930 3784 3142 3856; x_wconf 90' lang='lat' dir='ltr'>quibus</span> <span class='ocrx_word' id='word_1_696' title='bbox 3174 3783 3270 3839; x_wconf 83' lang='lat' dir='ltr'>lux</span> <span class='ocrx_word' id='word_1_697' title='bbox 3303 3788 3494 3838; x_wconf 86' lang='lat' dir='ltr'>creata</span> <span class='ocrx_word' id='word_1_698' title='bbox 3539 3780 3865 3852; x_wconf 88' lang='lat' dir='ltr'>spiritualis</span> 
     </span>
    </p>
   </div>
   <div class='ocr_carea' id='block_1_99' title="bbox 2213 3870 3860 3945">
    <p class='ocr_par' dir='ltr' id='par_1_99' title="bbox 2213 3870 3860 3945">
     <span class='ocr_line' id='line_1_99' title="bbox 2213 3870 3860 3945; baseline -0.006 -12"><span class='ocrx_word' id='word_1_699' title='bbox 2213 3877 2489 3933; x_wconf 87' lang='lat' dir='ltr'>omnibus</span> <span class='ocrx_word' id='word_1_700' title='bbox 2538 3874 2814 3945; x_wconf 90' lang='lat' dir='ltr'>operibus</span> <span class='ocrx_word' id='word_1_701' title='bbox 2849 3874 2942 3928; x_wconf 88' lang='lat' dir='ltr'>Dei</span> <span class='ocrx_word' id='word_1_702' title='bbox 2976 3889 3076 3943; x_wconf 89' lang='lat' dir='ltr'>per</span> <span class='ocrx_word' id='word_1_703' title='bbox 3131 3872 3420 3928; x_wconf 88' lang='lat' dir='ltr'>senariam</span> <span class='ocrx_word' id='word_1_704' title='bbox 3470 3870 3700 3926; x_wconf 87' lang='lat' dir='ltr'>numeri</span> <span class='ocrx_word' id='word_1_705' title='bbox 3734 3887 3860 3942; x_wconf 89' lang='lat' dir='ltr'>per-</span> 
     </span>
    </p>
   </div>
   <div class='ocr_carea' id='block_1_100' title="bbox 2214 3959 3862 4033">
    <p class='ocr_par' dir='ltr' id='par_1_100' title="bbox 2214 3959 3862 4033">
     <span class='ocr_line' id='line_1_100' title="bbox 2214 3959 3862 4033; baseline -0.005 -12"><span class='ocrx_word' id='word_1_706' title='bbox 2214 3965 2522 4022; x_wconf 89' lang='lat' dir='ltr'>fectionem</span> <span class='ocrx_word' id='word_1_707' title='bbox 2579 3962 2910 4033; x_wconf 68' lang='lat' dir='ltr'>prmsentari</span> <span class='ocrx_word' id='word_1_708' title='bbox 2950 3961 3240 4033; x_wconf 84' lang='lat' dir='ltr'>potuerit;</span> <span class='ocrx_word' id='word_1_709' title='bbox 3273 3965 3449 4031; x_wconf 87' lang='lat' dir='ltr'>atque</span> <span class='ocrx_word' id='word_1_710' title='bbox 3494 3960 3630 4014; x_wconf 89' lang='lat' dir='ltr'>inde</span> <span class='ocrx_word' id='word_1_711' title='bbox 3681 3959 3862 4030; x_wconf 85' lang='lat' dir='ltr'>septi-</span> 
     </span>
    </p>
   </div>
   <div class='ocr_carea' id='block_1_101' title="bbox 2216 4050 3866 4123">
    <p class='ocr_par' dir='ltr' id='par_1_101' title="bbox 2216 4050 3866 4123">
     <span class='ocr_line' id='line_1_101' title="bbox 2216 4050 3866 4123; baseline -0.005 -14"><span class='ocrx_word' id='word_1_712' title='bbox 2216 4071 2370 4109; x_wconf 90' lang='lat' dir='ltr'>mam</span> <span class='ocrx_word' id='word_1_713' title='bbox 2399 4053 2422 4087; x_wconf 82' lang='grc'>³</span> <span class='ocrx_word' id='word_1_714' title='bbox 2452 4051 2712 4123; x_wconf 89' lang='lat' dir='ltr'>requiem</span> <span class='ocrx_word' id='word_1_715' title='bbox 2750 4050 2844 4104; x_wconf 87' lang='lat' dir='ltr'>Dei</span> <span class='ocrx_word' id='word_1_716' title='bbox 2880 4065 3048 4104; x_wconf 89' lang='lat' dir='ltr'>mane</span> <span class='ocrx_word' id='word_1_717' title='bbox 3079 4050 3312 4114; x_wconf 85' lang='lat' dir='ltr'>habere,</span> <span class='ocrx_word' id='word_1_718' title='bbox 3337 4054 3391 4102; x_wconf 93' lang='lat' dir='ltr'>et</span> <span class='ocrx_word' id='word_1_719' title='bbox 3418 4063 3718 4118; x_wconf 88' lang='lat' dir='ltr'>vesperam</span> <span class='ocrx_word' id='word_1_720' title='bbox 3752 4063 3866 4101; x_wconf 87' lang='lat' dir='ltr'>non</span> 
     </span>
    </p>
   </div>
   <div class='ocr_carea' id='block_1_102' title="bbox 2216 4137 3872 4209">
    <p class='ocr_par' dir='ltr' id='par_1_102' title="bbox 2216 4137 3872 4209">
     <span class='ocr_line' id='line_1_102' title="bbox 2216 4137 3872 4209; baseline -0.005 -10"><span class='ocrx_word' id='word_1_721' title='bbox 2216 4145 2430 4199; x_wconf 89' lang='lat' dir='ltr'>habere</span> <span class='ocrx_word' id='word_1_722' title='bbox 2465 4166 2478 4196; x_wconf 83' lang='lat'><strong>:</strong></span> <span class='ocrx_word' id='word_1_723' title='bbox 2512 4146 2577 4195; x_wconf 92' lang='lat' dir='ltr'>ut</span> <span class='ocrx_word' id='word_1_724' title='bbox 2610 4157 2724 4194; x_wconf 89' lang='lat' dir='ltr'>non</span> <span class='ocrx_word' id='word_1_725' title='bbox 2759 4140 2835 4195; x_wconf 86' lang='lat' dir='ltr'>sit</span> <span class='ocrx_word' id='word_1_726' title='bbox 2865 4139 2972 4194; x_wconf 88' lang='lat' dir='ltr'>hoc</span> <span class='ocrx_word' id='word_1_727' title='bbox 3011 4141 3120 4193; x_wconf 86' lang='lat' dir='ltr'>Deo</span> <span class='ocrx_word' id='word_1_728' title='bbox 3153 4138 3506 4209; x_wconf 89' lang='lat' dir='ltr'>requievisse</span> <span class='ocrx_word' id='word_1_729' title='bbox 3554 4137 3612 4191; x_wconf 91' lang='lat' dir='ltr'>in</span> <span class='ocrx_word' id='word_1_730' title='bbox 3649 4137 3742 4192; x_wconf 84' lang='lat' dir='ltr'>die</span> <span class='ocrx_word' id='word_1_731' title='bbox 3777 4152 3872 4191; x_wconf 89' lang='lat' dir='ltr'>se-</span> 
     </span>
    </p>
   </div>
   <div class='ocr_carea' id='block_1_103' title="bbox 2216 4226 3868 4304">
    <p class='ocr_par' dir='ltr' id='par_1_103' title="bbox 2216 4226 3868 4304">
     <span class='ocr_line' id='line_1_103' title="bbox 2216 4226 3868 4304; baseline -0.004 -18"><span class='ocrx_word' id='word_1_732' title='bbox 2216 4234 2420 4304; x_wconf 85' lang='lat' dir='ltr'>ptimo,</span> <span class='ocrx_word' id='word_1_733' title='bbox 2457 4236 2738 4300; x_wconf 90' lang='lat' dir='ltr'>tanquam</span> <span class='ocrx_word' id='word_1_734' title='bbox 2773 4229 2900 4300; x_wconf 87' lang='lat' dir='ltr'>ipso</span> <span class='ocrx_word' id='word_1_735' title='bbox 2953 4229 3044 4283; x_wconf 89' lang='lat' dir='ltr'>die</span> <span class='ocrx_word' id='word_1_736' title='bbox 3076 4227 3326 4299; x_wconf 89' lang='lat' dir='ltr'>septimo</span> <span class='ocrx_word' id='word_1_737' title='bbox 3377 4226 3601 4298; x_wconf 88' lang='lat' dir='ltr'>eguerit</span> <span class='ocrx_word' id='word_1_738' title='bbox 3653 4226 3723 4282; x_wconf 88' lang='lat' dir='ltr'>ad</span> <span class='ocrx_word' id='word_1_739' title='bbox 3780 4243 3868 4281; x_wconf 89' lang='lat' dir='ltr'>re-</span> 
     </span>
    </p>
   </div>
   <div class='ocr_carea' id='block_1_104' title="bbox 2219 4315 3875 4393">
    <p class='ocr_par' dir='ltr' id='par_1_104' title="bbox 2219 4315 3875 4393">
     <span class='ocr_line' id='line_1_104' title="bbox 2219 4315 3875 4393; baseline -0.004 -18"><span class='ocrx_word' id='word_1_740' title='bbox 2219 4322 2411 4393; x_wconf 85' lang='lat' dir='ltr'>quiem</span> <span class='ocrx_word' id='word_1_741' title='bbox 2441 4319 2738 4385; x_wconf 85' lang='lat' dir='ltr'>suam;sed</span> <span class='ocrx_word' id='word_1_742' title='bbox 2775 4319 2927 4389; x_wconf 86' lang='lat' dir='ltr'>quod</span> <span class='ocrx_word' id='word_1_743' title='bbox 2958 4317 3014 4371; x_wconf 91' lang='lat' dir='ltr'>in</span> <span class='ocrx_word' id='word_1_744' title='bbox 3035 4320 3348 4387; x_wconf 89' lang='lat' dir='ltr'>conspectu</span> <span class='ocrx_word' id='word_1_745' title='bbox 3372 4315 3718 4386; x_wconf 82' lang='lat' dir='ltr'>Angelorum</span> <span class='ocrx_word' id='word_1_746' title='bbox 3744 4331 3875 4368; x_wconf 89' lang='lat' dir='ltr'>suo-</span> 
     </span>
    </p>
   </div>
   <div class='ocr_carea' id='block_1_105' title="bbox 2221 4403 3871 4479">
    <p class='ocr_par' dir='ltr' id='par_1_105' title="bbox 2221 4403 3871 4479">
     <span class='ocr_line' id='line_1_105' title="bbox 2221 4403 3871 4479; baseline -0.005 -15"><span class='ocrx_word' id='word_1_747' title='bbox 2221 4427 2346 4464; x_wconf 91' lang='lat' dir='ltr'>rum</span> <span class='ocrx_word' id='word_1_748' title='bbox 2363 4408 2709 4479; x_wconf 87' lang='lat' dir='ltr'>requieverit</span> <span class='ocrx_word' id='word_1_749' title='bbox 2733 4408 2802 4461; x_wconf 91' lang='lat' dir='ltr'>ab</span> <span class='ocrx_word' id='word_1_750' title='bbox 2827 4406 3103 4461; x_wconf 89' lang='lat' dir='ltr'>omnibus</span> <span class='ocrx_word' id='word_1_751' title='bbox 3122 4405 3397 4476; x_wconf 88' lang='lat' dir='ltr'>operibus</span> <span class='ocrx_word' id='word_1_752' title='bbox 3421 4403 3545 4459; x_wconf 91' lang='lat' dir='ltr'>suis</span> <span class='ocrx_word' id='word_1_753' title='bbox 3569 4420 3694 4474; x_wconf 70' lang='lat' dir='ltr'>Quae</span> <span class='ocrx_word' id='word_1_754' title='bbox 3714 4403 3871 4468; x_wconf 89' lang='lat' dir='ltr'>fecit,</span> 
     </span>
    </p>
   </div>
   <div class='ocr_carea' id='block_1_106' title="bbox 2223 4493 3872 4568">
    <p class='ocr_par' dir='ltr' id='par_1_106' title="bbox 2223 4493 3872 4568">
     <span class='ocr_line' id='line_1_106' title="bbox 2223 4493 3872 4568; baseline -0.005 -14"><span class='ocrx_word' id='word_1_755' title='bbox 2223 4517 2334 4554; x_wconf 89' lang='lat' dir='ltr'>non</span> <span class='ocrx_word' id='word_1_756' title='bbox 2365 4501 2564 4568; x_wconf 89' lang='lat' dir='ltr'>utique</span> <span class='ocrx_word' id='word_1_757' title='bbox 2587 4497 2698 4552; x_wconf 88' lang='lat' dir='ltr'>nisi</span> <span class='ocrx_word' id='word_1_758' title='bbox 2722 4497 2777 4550; x_wconf 91' lang='lat' dir='ltr'>in</span> <span class='ocrx_word' id='word_1_759' title='bbox 2805 4496 3024 4566; x_wconf 86' lang='lat' dir='ltr'>seipse,</span> <span class='ocrx_word' id='word_1_760' title='bbox 3047 4495 3146 4565; x_wconf 87' lang='lat' dir='ltr'>qui</span> <span class='ocrx_word' id='word_1_761' title='bbox 3177 4495 3365 4549; x_wconf 88' lang='lat' dir='ltr'>factus</span> <span class='ocrx_word' id='word_1_762' title='bbox 3391 4510 3504 4548; x_wconf 90' lang='lat' dir='ltr'>non</span> <span class='ocrx_word' id='word_1_763' title='bbox 3527 4499 3657 4559; x_wconf 89' lang='lat' dir='ltr'>est;</span> <span class='ocrx_word' id='word_1_764' title='bbox 3687 4493 3743 4546; x_wconf 92' lang='lat' dir='ltr'>id</span> <span class='ocrx_word' id='word_1_765' title='bbox 3763 4500 3872 4556; x_wconf 79' lang='lat' dir='ltr'>est,</span> 
     </span>
    </p>
   </div>
   <div class='ocr_carea' id='block_1_107' title="bbox 2222 4583 3875 4657">
    <p class='ocr_par' dir='ltr' id='par_1_107' title="bbox 2222 4583 3875 4657">
     <span class='ocr_line' id='line_1_107' title="bbox 2222 4583 3875 4657; baseline -0.004 -14"><span class='ocrx_word' id='word_1_766' title='bbox 2222 4595 2283 4643; x_wconf 92' lang='lat' dir='ltr'>ut</span> <span class='ocrx_word' id='word_1_767' title='bbox 2303 4592 2568 4642; x_wconf 86' lang='lat' dir='ltr'>creatura</span> <span class='ocrx_word' id='word_1_768' title='bbox 2589 4590 2717 4657; x_wconf 87' lang='lat' dir='ltr'>ejus</span> <span class='ocrx_word' id='word_1_769' title='bbox 2731 4604 2801 4641; x_wconf 86' lang='lat' dir='ltr'>an</span> <span class='ocrx_word' id='word_1_770' title='bbox 2812 4586 3148 4657; x_wconf 69' lang='lat' dir='ltr'>gelica,qua3</span> <span class='ocrx_word' id='word_1_771' title='bbox 3167 4584 3587 4657; x_wconf 83' lang='lat' dir='ltr'>cognoscendis</span> <span class='ocrx_word' id='word_1_772' title='bbox 3600 4583 3875 4638; x_wconf 87' lang='lat' dir='ltr'>omnibus</span> 
     </span>
    </p>
   </div>
   <div class='ocr_carea' id='block_1_108' title="bbox 2221 4673 3876 4748">
    <p class='ocr_par' dir='ltr' id='par_1_108' title="bbox 2221 4673 3876 4748">
     <span class='ocr_line' id='line_1_108' title="bbox 2221 4673 3876 4748; baseline -0.003 -16"><span class='ocrx_word' id='word_1_773' title='bbox 2221 4678 2495 4748; x_wconf 89' lang='lat' dir='ltr'>operibus</span> <span class='ocrx_word' id='word_1_774' title='bbox 2525 4678 2653 4746; x_wconf 90' lang='lat' dir='ltr'>ejus</span> <span class='ocrx_word' id='word_1_775' title='bbox 2685 4676 2741 4730; x_wconf 92' lang='lat' dir='ltr'>in</span> <span class='ocrx_word' id='word_1_776' title='bbox 2777 4677 2902 4748; x_wconf 91' lang='lat' dir='ltr'>ipso</span> <span class='ocrx_word' id='word_1_777' title='bbox 2936 4680 2992 4730; x_wconf 90' lang='lat' dir='ltr'>et</span> <span class='ocrx_word' id='word_1_778' title='bbox 3022 4677 3080 4729; x_wconf 91' lang='lat' dir='ltr'>in</span> <span class='ocrx_word' id='word_1_779' title='bbox 3114 4673 3550 4745; x_wconf 88' lang='lat' dir='ltr'>illis,tanquam</span> <span class='ocrx_word' id='word_1_780' title='bbox 3584 4673 3711 4728; x_wconf 89' lang='lat' dir='ltr'>dies</span> <span class='ocrx_word' id='word_1_781' title='bbox 3742 4689 3876 4727; x_wconf 90' lang='lat' dir='ltr'>cum</span> 
     </span>
    </p>
   </div>
   <div class='ocr_carea' id='block_1_109' title="bbox 2222 4763 3883 4838">
    <p class='ocr_par' dir='ltr' id='par_1_109' title="bbox 2222 4763 3883 4838">
     <span class='ocr_line' id='line_1_109' title="bbox 2222 4763 3883 4838; baseline -0.002 -17"><span class='ocrx_word' id='word_1_782' title='bbox 2222 4784 2461 4838; x_wconf 81' lang='lat' dir='ltr'>vespera</span> <span class='ocrx_word' id='word_1_783' title='bbox 2493 4770 2838 4838; x_wconf 72' lang='lat' dir='ltr'>przesentata</span> <span class='ocrx_word' id='word_1_784' title='bbox 2871 4763 3127 4834; x_wconf 87' lang='lat' dir='ltr'>cst,nihil</span> <span class='ocrx_word' id='word_1_785' title='bbox 3160 4767 3288 4836; x_wconf 90' lang='lat' dir='ltr'>post</span> <span class='ocrx_word' id='word_1_786' title='bbox 3312 4763 3510 4818; x_wconf 90' lang='lat' dir='ltr'>omnia</span> <span class='ocrx_word' id='word_1_787' title='bbox 3531 4763 3697 4818; x_wconf 86' lang='lat' dir='ltr'>valde</span> <span class='ocrx_word' id='word_1_788' title='bbox 3725 4763 3883 4817; x_wconf 85' lang='lat' dir='ltr'>bona</span> 
     </span>
    </p>
   </div>
   <div class='ocr_carea' id='block_1_110' title="bbox 2225 4850 3880 4927">
    <p class='ocr_par' dir='ltr' id='par_1_110' title="bbox 2225 4850 3880 4927">
     <span class='ocr_line' id='line_1_110' title="bbox 2225 4850 3880 4927; baseline -0.004 -16"><span class='ocrx_word' id='word_1_789' title='bbox 2225 4873 2401 4927; x_wconf 88' lang='lat' dir='ltr'>opera</span> <span class='ocrx_word' id='word_1_790' title='bbox 2429 4857 2556 4926; x_wconf 87' lang='lat' dir='ltr'>ejus</span> <span class='ocrx_word' id='word_1_791' title='bbox 2590 4854 2804 4910; x_wconf 88' lang='lat' dir='ltr'>melius</span> <span class='ocrx_word' id='word_1_792' title='bbox 2834 4857 3417 4925; x_wconf 87' lang='lat' dir='ltr'>cognosceret,quam</span> <span class='ocrx_word' id='word_1_793' title='bbox 3446 4850 3613 4906; x_wconf 90' lang='lat' dir='ltr'>illum</span> <span class='ocrx_word' id='word_1_794' title='bbox 3649 4852 3718 4906; x_wconf 90' lang='lat' dir='ltr'>ab</span> <span class='ocrx_word' id='word_1_795' title='bbox 3751 4868 3880 4905; x_wconf 89' lang='lat' dir='ltr'>om-</span> 
     </span>
    </p>
   </div>
   <div class='ocr_carea' id='block_1_111' title="bbox 2228 4941 3883 5014">
    <p class='ocr_par' dir='ltr' id='par_1_111' title="bbox 2228 4941 3883 5014">
     <span class='ocr_line' id='line_1_111' title="bbox 2228 4941 3883 5014; baseline -0.003 -13"><span class='ocrx_word' id='word_1_796' title='bbox 2228 4947 2402 5002; x_wconf 88' lang='lat' dir='ltr'>nibus</span> <span class='ocrx_word' id='word_1_797' title='bbox 2442 4947 2500 4999; x_wconf 88' lang='lat' dir='ltr'>in</span> <span class='ocrx_word' id='word_1_798' title='bbox 2548 4945 2741 5014; x_wconf 88' lang='lat' dir='ltr'>seipso</span> <span class='ocrx_word' id='word_1_799' title='bbox 2792 4944 3176 5014; x_wconf 87' lang='lat' dir='ltr'>requiescere,</span> <span class='ocrx_word' id='word_1_800' title='bbox 3235 4941 3395 4997; x_wconf 86' lang='lat' dir='ltr'>nullo</span> <span class='ocrx_word' id='word_1_801' title='bbox 3445 4957 3650 4997; x_wconf 90' lang='lat' dir='ltr'>eorum</span> <span class='ocrx_word' id='word_1_802' title='bbox 3700 4957 3883 5013; x_wconf 84' lang='lat' dir='ltr'>egen-</span> 
     </span>
    </p>
   </div>
   <div class='ocr_carea' id='block_1_112' title="bbox 2232 5034 2876 5105">
    <p class='ocr_par' dir='ltr' id='par_1_112' title="bbox 2232 5034 2876 5105">
     <span class='ocr_line' id='line_1_112' title="bbox 2232 5034 2876 5105; baseline -0.003 -16"><span class='ocrx_word' id='word_1_803' title='bbox 2232 5041 2343 5090; x_wconf 90' lang='lat' dir='ltr'>tem</span> <span class='ocrx_word' id='word_1_804' title='bbox 2378 5051 2490 5105; x_wconf 90' lang='lat' dir='ltr'>quo</span> <span class='ocrx_word' id='word_1_805' title='bbox 2524 5034 2602 5088; x_wconf 91' lang='lat' dir='ltr'>sit</span> <span class='ocrx_word' id='word_1_806' title='bbox 2633 5034 2876 5088; x_wconf 91' lang='lat' dir='ltr'>beatior.</span> 
     </span>
    </p>
   </div>
   <div class='ocr_carea' id='block_1_113' title="bbox 2294 5171 3882 5238">
    <p class='ocr_par' dir='ltr' id='par_1_113' title="bbox 2294 5171 3882 5238">
     <span class='ocr_line' id='line_1_113' title="bbox 2294 5171 3882 5238; baseline -0.004 -14"><span class='ocrx_word' id='word_1_807' title='bbox 2294 5180 2309 5211; x_wconf 85' lang='grc'>¹</span> <span class='ocrx_word' id='word_1_808' title='bbox 2344 5177 2457 5224; x_wconf 86' lang='lat' dir='ltr'>Am.</span> <span class='ocrx_word' id='word_1_809' title='bbox 2494 5179 2546 5223; x_wconf 85' lang='lat' dir='ltr'>et</span> <span class='ocrx_word' id='word_1_810' title='bbox 2576 5176 2682 5235; x_wconf 88' lang='lat' dir='ltr'>Er.,</span> <span class='ocrx_word' id='word_1_811' title='bbox 2713 5189 2864 5237; x_wconf 84' lang='lat' dir='ltr'>quam</span> <span class='ocrx_word' id='word_1_812' title='bbox 2909 5173 2997 5238; x_wconf 57' lang='lat' dir='ltr'>ilio</span> <span class='ocrx_word' id='word_1_813' title='bbox 3042 5188 3139 5238; x_wconf 81' lang='lat' dir='ltr'>quo</span> <span class='ocrx_word' id='word_1_814' title='bbox 3191 5173 3525 5238; x_wconf 69' lang='lat' dir='ltr'>intenderant</span> <span class='ocrx_word' id='word_1_815' title='bbox 3569 5171 3882 5238; x_wconf 65' lang='lat' dir='ltr'>pervenisse.</span> 
     </span>
    </p>
   </div>
   <div class='ocr_carea' id='block_1_114' title="bbox 2233 5235 3906 5300">
    <p class='ocr_par' dir='ltr' id='par_1_114' title="bbox 2233 5235 3906 5300">
     <span class='ocr_line' id='line_1_114' title="bbox 2233 5235 3906 5300; baseline -0.005 -11"><span class='ocrx_word' id='word_1_816' title='bbox 2233 5242 2379 5298; x_wconf 72' lang='lat' dir='ltr'>l.ov.,</span> <span class='ocrx_word' id='word_1_817' title='bbox 2429 5235 2793 5298; x_wconf 66' lang='lat' dir='ltr'>pervenissent.</span> <span class='ocrx_word' id='word_1_818' title='bbox 2826 5240 2893 5286; x_wconf 78' lang='lat' dir='ltr'>At</span> <span class='ocrx_word' id='word_1_819' title='bbox 2943 5235 3062 5297; x_wconf 62' lang='lat' dir='ltr'>Ms;</span> <span class='ocrx_word' id='word_1_820' title='bbox 3103 5251 3257 5300; x_wconf 85' lang='lat' dir='ltr'>quam</span> <span class='ocrx_word' id='word_1_821' title='bbox 3310 5237 3404 5284; x_wconf 75' lang='lat' dir='ltr'>illa</span> <span class='ocrx_word' id='word_1_822' title='bbox 3450 5250 3547 5299; x_wconf 86' lang='lat' dir='ltr'>quo</span> <span class='ocrx_word' id='word_1_823' title='bbox 3594 5235 3906 5283; x_wconf 78' lang='lat' dir='ltr'>intenderat</span> 
     </span>
    </p>
   </div>
   <div class='ocr_carea' id='block_1_115' title="bbox 2230 5300 3302 5363">
    <p class='ocr_par' dir='ltr' id='par_1_115' title="bbox 2230 5300 3302 5363">
     <span class='ocr_line' id='line_1_115' title="bbox 2230 5300 3302 5363; baseline -0.005 -12"><span class='ocrx_word' id='word_1_824' title='bbox 2230 5303 2470 5363; x_wconf 61' lang='lat' dir='ltr'>(scilicet,</span> <span class='ocrx_word' id='word_1_825' title='bbox 2499 5303 2777 5350; x_wconf 85' lang='lat' dir='ltr'>oculorum</span> <span class='ocrx_word' id='word_1_826' title='bbox 2811 5303 2969 5355; x_wconf 87' lang='lat' dir='ltr'>acies)</span> <span class='ocrx_word' id='word_1_827' title='bbox 2998 5300 3302 5363; x_wconf 74' lang='lat' dir='ltr'>pervenisse.</span> 
     </span>
    </p>
   </div>
   <div class='ocr_carea' id='block_1_116' title="bbox 2300 5361 3106 5426">
    <p class='ocr_par' dir='ltr' id='par_1_116' title="bbox 2300 5361 3106 5426">
     <span class='ocr_line' id='line_1_116' title="bbox 2300 5361 3106 5426; baseline -0.001 -15"><span class='ocrx_word' id='word_1_828' title='bbox 2300 5361 2322 5398; x_wconf 64' lang='grc' dir='ltr'><strong>ί</strong></span> <span class='ocrx_word' id='word_1_829' title='bbox 2347 5361 2467 5412; x_wconf 77' lang='lat' dir='ltr'>Mss.</span> <span class='ocrx_word' id='word_1_830' title='bbox 2504 5365 2727 5426; x_wconf 84' lang='lat' dir='ltr'>aliquot,</span> <span class='ocrx_word' id='word_1_831' title='bbox 2754 5361 3106 5426; x_wconf 49' lang='lat' dir='ltr'>praetentis.</span> 
     </span>
    </p>
   </div>
   <div class='ocr_carea' id='block_1_117' title="bbox 2297 5421 3895 5489">
    <p class='ocr_par' dir='ltr' id='par_1_117' title="bbox 2297 5421 3895 5489">
     <span class='ocr_line' id='line_1_117' title="bbox 2297 5421 3895 5489; baseline -0.003 -14"><span class='ocrx_word' id='word_1_832' title='bbox 2297 5430 2316 5461; x_wconf 81' lang='grc'><strong>³</strong></span> <span class='ocrx_word' id='word_1_833' title='bbox 2347 5429 2470 5476; x_wconf 76' lang='lat' dir='ltr'>Mss.</span> <span class='ocrx_word' id='word_1_834' title='bbox 2504 5421 2609 5475; x_wconf 79' lang='lat' dir='ltr'>nou</span> <span class='ocrx_word' id='word_1_835' title='bbox 2640 5421 2814 5489; x_wconf 76' lang='lat' dir='ltr'>pauci,</span> <span class='ocrx_word' id='word_1_836' title='bbox 2846 5425 2963 5476; x_wconf 71' lang='lat' dir='ltr'>inde</span> <span class='ocrx_word' id='word_1_837' title='bbox 3011 5424 3065 5476; x_wconf 76' lang='lat' dir='ltr'>in</span> <span class='ocrx_word' id='word_1_838' title='bbox 3094 5424 3384 5489; x_wconf 77' lang='lat' dir='ltr'>septimam.</span> <span class='ocrx_word' id='word_1_839' title='bbox 3414 5424 3564 5474; x_wconf 87' lang='lat' dir='ltr'>Unus</span> <span class='ocrx_word' id='word_1_840' title='bbox 3613 5425 3709 5472; x_wconf 86' lang='lat' dir='ltr'>aut</span> <span class='ocrx_word' id='word_1_841' title='bbox 3736 5421 3895 5485; x_wconf 84' lang='lat' dir='ltr'>alter,</span> 
     </span>
    </p>
   </div>
   <div class='ocr_carea' id='block_1_118' title="bbox 2235 5490 2702 5554">
    <p class='ocr_par' dir='ltr' id='par_1_118' title="bbox 2235 5490 2702 5554">
     <span class='ocr_line' id='line_1_118' title="bbox 2235 5490 2702 5554; baseline 0 -16"><span class='ocrx_word' id='word_1_842' title='bbox 2235 5490 2354 5538; x_wconf 79' lang='lat' dir='ltr'>inde</span> <span class='ocrx_word' id='word_1_843' title='bbox 2383 5490 2436 5540; x_wconf 80' lang='lat' dir='ltr'>in</span> <span class='ocrx_word' id='word_1_844' title='bbox 2467 5491 2702 5554; x_wconf 77' lang='lat' dir='ltr'>septima.</span> 
     </span>
    </p>
   </div>
  </div>
