4030 6350
188 338 304 397 341

185 469 295 526 hoc
325 471 480 542 quod
512 470 689 528 homo
720 471 791 527 de
821 470 962 527 limo
992 474 1156 527 terrae
1179 469 1396 526 fluctus
1425 472 1535 539 est,
1553 468 1723 541 eique
1745 468 1858 525 for-

1600 337 1837 397 LlBER
1882 334 2206 400 SEXTUS.

3495 346 3615 407 342

1963 477 2180 526 voearet
2209 471 2341 526 illa:
2373 475 2428 527 et
2457 487 2616 528 omne
2654 472 3027 546 quodcumque
3052 474 3193 531 illud
3216 479 3427 533 vocavit
3447 480 3620 537 Adam

184 565 344 616 mata
375 578 521 617 uxor
551 578 620 617 ex
650 561 851 628 latere,
873 562 1002 633 jam
1036 578 1151 617 non
1204 560 1275 615 ad
1308 559 1705 625 conditionem
1742 576 1857 631 qua
1961 562 2211 615 animam
2238 562 2440 631 vivam,
2462 561 2558 618 hoc
2586 580 2787 620 nomen
2819 568 2899 619 est
2930 566 3104 621 illius.
3130 568 3194 621 Et
3216 569 3428 623 vocavit
3449 570 3622 625 Adam

185 648 362 706 simul
385 649 586 707 omnia
617 652 771 708 facta
802 656 961 721 sunt,
996 650 1309 723 pertinere,
1344 649 1559 715 quibus
1581 650 1853 722 perfectis

184 741 471 812 requievit
494 744 679 811 Deus;
706 743 809 798 sed
832 743 901 798 ad
927 757 1054 797 eam
1080 740 1636 813 operationem,quae
1657 740 1851 809 fitjam

183 847 286 902 per
306 830 609 889 volumina
631 831 1001 902 saeculorum,
1024 849 1142 903 qua
1162 847 1350 903 usque
1383 847 1537 887 nunc
1556 833 1845 903 Operatur.

252 922 307 975 5.
344 920 466 977 Huc
489 922 715 978 accedit
741 922 892 995 quod
916 921 1045 994 ipsa
1061 920 1237 977 etiam
1266 921 1442 976 verba
1474 920 1688 993 quibus
1713 936 1849 975 nar-

182 1014 350 1066 ratur
366 1012 661 1083 quomodo
678 1011 830 1069 Deus
844 1011 1082 1083 paradis
1097 1028 1194 1067 um
1210 1010 1643 1084 plantaverit,in
1665 1025 1849 1082 eoque

180 1100 479 1156 hominem
501 1118 676 1174 quem
695 1102 908 1158 fecerat
926 1100 1321 1169 collocarit,ad
1336 1117 1588 1174 eumque
1601 1101 1851 1156 adduxe“

179 1188 257 1243 rit
296 1190 596 1260 animalia,
623 1191 838 1263 quibus
874 1191 1118 1246 nomina
1151 1190 1498 1263 imponeret,
1539 1190 1598 1245 in
1631 1190 1849 1262 quibus

178 1294 311 1335 cum
334 1281 695 1352 adjutorium
709 1281 902 1337 simile
919 1280 1004 1336 illi
1021 1298 1136 1337 non
1154 1281 1363 1337 fuisset
1378 1280 1848 1347 inventum,tunc

175 1368 226 1422 ei
252 1368 557 1424 mulierem
582 1374 747 1426 costa
779 1371 906 1441 ejus
926 1371 1187 1426 detracta
1210 1370 1718 1438 formaverit,satis
1741 1387 1847 1427 nos

175 1459 494 1515 admonent
526 1459 649 1516 haec
679 1477 795 1516 non
829 1460 899 1516 ad
932 1459 1093 1516 illam
1123 1460 1521 1531 operationem
1544 1460 1642 1515 Dei
1666 1461 1844 1532 perti-

181 1564 343 1618 nere,
370 1549 528 1605 unde
558 1548 844 1622 requievit
874 1550 935 1605 in
977 1550 1070 1605 die
1115 1550 1386 1623 septimo,
1430 1550 1532 1607 sed
1564 1550 1636 1605 ad
1667 1548 1843 1605 istam

186 1640 384 1711 potius
416 1656 531 1711 qua
548 1655 651 1712 per
665 1644 1000 1713 temporum
1023 1656 1235 1696 cursus
1257 1656 1444 1712 usque
1462 1656 1618 1695 nunc
1636 1656 1842 1712 opera-

186 1732 307 1784 tur.
341 1732 484 1785 Cum
513 1728 667 1785 enim
692 1729 1005 1802 paradisus
1024 1729 1497 1803 plantaretur,ita
1521 1734 1745 1787 narrat:
1778 1732 1843 1787 Et

162 1818 438 1890 plantavit
457 1820 598 1875 Deus
624 1820 953 1891 paradisum
982 1822 1043 1874 in
1063 1819 1211 1875 Eden
1232 1819 1302 1875 ad
1344 1820 1631 1885 orientem,
1663 1822 1712 1875 et
1741 1836 1840 1890 po-

165 1910 287 1964 suit
324 1909 406 1964 ibi
443 1909 716 1965 hominem
745 1927 904 1983 quem
932 1910 1197 1980 ﬁnxerat.
1229 1911 1295 1965 Et
1314 1910 1470 1981 ejeeit
1501 1915 1644 1966 Deus
1664 1909 1840 1965 adhuc

164 1997 234 2053 de
256 2003 407 2054 terra
436 2015 596 2055 omne
617 2001 835 2070 lignum
851 2000 1147 2073 pulchrum
1167 2000 1237 2056 ad
1257 2004 1617 2072 aspectum,et
1637 1999 1837 2057 bonum

168 2087 245 2143 ad
274 2105 454 2145 escam
486 2088 639 2161 (Gen.
672 2107 737 2158 ιι,
767 2092 820 2161 8,
851 2091 929 2161 9).

238 2205 474 2263 CAPUT
505 2206 598 2262 IV.
623 2237 690 2248 --
720 2207 868 2263 Idem
898 2207 1240 2280 expenditur
1257 2206 1331 2263 ad
1354 2206 1486 2263 Gen.
1522 2208 1585 2277 Il,
1619 2208 1673 2277 8,
1704 2206 1758 2262 9.

237 2317 381 2369 Cum
413 2314 554 2370 dicit
582 2331 741 2387 ergo,
775 2317 943 2387 Ejeeit
973 2315 1151 2370 adhuc
1178 2316 1250 2371 de
1279 2319 1428 2371 terra
1449 2316 1831 2386 omnelignum

156 2404 456 2475 pulchrum
475 2404 549 2459 ad
570 2413 845 2478 aspectum
867 2422 881 2474 ;
907 2404 1244 2461 manifestat
1266 2405 1468 2477 utique
1490 2406 1642 2477 quod
1666 2406 1833 2462 aliter

159 2509 323 2548 nunc
353 2492 587 2564 ejecerit
617 2495 685 2549 de
709 2498 861 2550 terra
877 2493 1127 2567 lignum,
1153 2493 1322 2550 aliter
1341 2499 1481 2549 tunc
1504 2511 1638 2551 cum
1662 2495 1831 2551 tertio

158 2580 710 2653 dieproduxitterra
727 2582 968 2638 herbam
988 2582 1608 2655 pabuli,seminantem
1627 2601 1828 2641 semen

158 2671 488 2727 secundum
503 2688 687 2745 genus
703 2689 900 2743 suum,
925 2672 1221 2745 etlignum
1236 2673 1599 2730 fructuosum
1619 2691 1828 2731 secun-

158 2760 305 2815 dum
330 2777 507 2816 suum
528 2778 734 2834 genus.
760 2761 877 2817 Hoc
900 2766 992 2818 est
1021 2762 1198 2831 enim,
1222 2764 1390 2835 Ejeeit
1416 2763 1612 2834 adhuc,
1653 2782 1830 2837 super

161 2849 309 2905 illud
346 2850 568 2907 scilicet
590 2852 883 2924 quodjam
909 2852 1186 2923 ejecerat:
1223 2856 1364 2909 tunc
1403 2854 1599 2925 utique
1624 2858 1827 2926 poten-

160 2939 386 2995 tialiter
408 2945 464 2996 et
486 2940 803 2997 causaliter
830 2941 891 2997 in
920 2958 1092 3013 opere
1123 2943 1450 3014 pertinente
1483 2945 1553 2998 ad
1578 2946 1828 3001 creando.

156 3029 360 3085 omnia
382 3029 582 3097 simul,
615 3048 648 3086 a
678 3031 895 3102 quibus
925 3032 1350 3087 consummatis
1374 3031 1429 3086 in
1458 3033 1551 3088 die
1578 3033 1825 3104 septimo

158 3120 476 3190 requievit;
499 3136 653 3176 nunc
676 3125 871 3176 autem
896 3119 1204 3175 visibiliter
1225 3120 1283 3176 in
1305 3137 1476 3192 opere
1500 3122 1825 3193 pertinente

164 3209 239 3264 ad
272 3213 601 3281 temporum
647 3226 909 3278 cursum,
935 3209 1090 3265 sicut
1129 3226 1317 3282 usque
1344 3228 1500 3265 nunc
1528 3216 1822 3283 operatur.

231 3299 287 3353 6.
324 3298 446 3355 Nisi
471 3299 613 3355 forte
636 3300 770 3371 quis
793 3299 951 3354 dicat
968 3316 1083 3355 non
1104 3316 1277 3355 omne
1297 3299 1823 3372 lignigenustertio

156 3388 256 3443 die
270 3393 554 3459 creatum,
576 3389 675 3445 sed
713 3388 960 3445 dilatum
984 3388 1207 3460 aliquid
1226 3390 1380 3461 quod
1413 3394 1573 3446 sexto
1602 3407 1823 3447 creare-

156 3483 279 3544 tur,
314 3494 447 3533 cum
480 3477 655 3534 homo
678 3477 867 3533 factus
897 3481 986 3534 est
1015 3483 1189 3550 atque
1219 3477 1278 3533 in
1310 3480 1583 3550 paradiso
1605 3480 1824 3536 consti-

156 3571 349 3622 tutus.
393 3567 503 3623 Sed
536 3583 663 3637 quae
691 3574 848 3623 sexto
896 3566 991 3623 die
1040 3571 1234 3623 creata
1262 3573 1421 3639 sunt,
1454 3570 1825 3641 apertissime

159 3653 465 3727 Scriptura
489 3655 779 3725 declarat;
823 3655 1023 3712 anima
1066 3657 1196 3713 viva
1228 3656 1453 3713 scilicet
1499 3660 1823 3716 secundum

154 3744 622 3817 unumquodque
642 3745 1310 3818 genus.quadrupedum
1334 3750 1391 3803 et
1413 3748 1740 3820 repentium
1767 3754 1824 3805 et

156 3833 570 3901 bestiarum,et
590 3834 715 3906 ipse
736 3834 911 3890 homo
943 3835 1015 3891 ad
1048 3835 1367 3909 imaginem
1390 3837 1491 3892 Dei
1524 3838 1822 3897 masculus

154 3928 212 3979 et
236 3922 473 3979 femina.
501 3922 749 3980 Proinde
772 3923 963 3996 potuit
982 3925 1425 3995 praetermittere
1438 3929 1732 3999 quomodo
1746 3929 1824 3994 sit

153 4012 335 4067 homo
368 4013 575 4079 tactus,
607 4029 783 4084 quem
815 4020 1008 4068 tamen
1032 4013 1158 4086 ipso
1185 4013 1277 4069 die
1296 4014 1510 4071 factum
1541 4033 1669 4074 esse
1692 4036 1824 4073 nar-

152 4100 323 4170 ravit,
348 4101 861 4173 utrecapitulando
881 4106 1104 4175 postea,
1126 4105 1621 4174 quemadmodum
1639 4106 1817 4164 etiam

153 4192 344 4248 factus
369 4192 545 4249 fuerit
566 4193 889 4261 intimaret,
923 4194 1035 4250 hod
1072 4198 1162 4250 est
1191 4195 1262 4251 de
1288 4199 1454 4251 terrea
1481 4197 1740 4270 pulvere,
1764 4202 1821 4256 et

152 4281 369 4337 mulier
397 4281 483 4337 illi
506 4281 575 4338 de
623 4282 839 4351 latere;
875 4300 991 4339 non
1041 4289 1238 4341 tamen
1263 4284 1499 4357 aliquod
1540 4292 1817 4344 creaturis

148 4386 338 4442 genus
359 4370 821 4443 praetermittere,
840 4372 927 4429 vel
952 4372 1012 4428 in
1040 4390 1105 4430 eo
1132 4375 1287 4445 quod
1311 4374 1455 4430 dixit
1478 4376 1651 4446 Deus,
1671 4378 1815 4446 Fiat,

149 4459 295 4528 sive,
319 4460 634 4531 Faciamus,
652 4459 739 4517 vel
764 4461 825 4516 in
852 4478 919 4517 eo
944 4462 1098 4535 quod
1123 4462 1357 4536 dicitur,
1382 4463 1470 4519 Sic
1484 4474 1565 4521 est
1579 4470 1813 4538 laetum,

148 4548 293 4617 sive,
327 4551 471 4606 Fecit
498 4551 655 4607 Deus.
693 4550 962 4624 Alioquin
1012 4552 1233 4609 frustra
1262 4569 1365 4626 per
1393 4553 1659 4628 singulos
1690 4556 1816 4613 dies

147 4643 271 4695 tam
301 4638 614 4712 diligenter
634 4639 913 4698 distincta
931 4645 1070 4698 sunt
1099 4641 1319 4715 omnia,
1336 4643 1384 4700 si
1408 4646 1815 4717 permixtionis

148 4728 379 4784 dierum
405 4734 593 4801 potest
619 4731 740 4787 ulla
770 4731 1029 4803 suspicio
1060 4732 1338 4803 residere,
1372 4738 1434 4789 ut
1463 4752 1597 4791 cum
1629 4735 1815 4794 herba

144 4822 203 4874 et
232 4817 463 4891 lignum
522 4819 638 4876 dici
684 4821 857 4877 tertio
900 4821 979 4878 sit
1024 4821 1395 4895 attributum,
1427 4823 1625 4897 aliqua
1652 4826 1812 4901 ligna

142 4910 324 4964 etiam
358 4913 517 4965 sexto
575 4910 669 4966 die
719 4915 913 4967 creata
961 4928 1091 4968 esse
1137 4913 1467 4983 credamus,
1511 4932 1637 4987 qua:
1680 4915 1808 4988 ipso

143 5002 308 5055 sexto
341 4998 433 5055 die
464 4999 767 5073 Scriptura
786 5000 1057 5058 tacuerit.

540 5116 787 5174 CAPUT
816 5117 883 5175 V.
917 5148 985 5159 —
1014 5122 1099 5174 De
1127 5118 1312 5175 eadem
1334 5135 1412 5177 re.

210 5220 268 5278 7.
303 5226 605 5280 Postremo
619 5225 761 5298 quid
779 5226 1267 5299 respondebimus
1280 5227 1351 5284 de
1369 5228 1571 5284 bestiis
1588 5230 1805 5302 agri,et

141 5310 479 5368 volatilibus
501 5313 648 5385 cmli,
673 5332 800 5388 qua)
836 5315 1083 5376 adduxit
1115 5317 1264 5372 Deus
1296 5318 1368 5373 ad
1404 5319 1611 5388 Adam,
1638 5320 1803 5376 utvi-

139 5401 455 5474 deretquid
480 5419 546 5459 ea
568 5405 835 5462 vocaret?
857 5406 1016 5471 Quod
1036 5406 1117 5461 ita
1130 5406 1413 5479 scriptum
1428 5415 1517 5464 est
1538 5427 1550 5465 :
1575 5411 1637 5464 Et
1657 5411 1806 5467 dixit

138 5493 406 5547 Dominus
425 5494 596 5560 Deus;
630 5496 747 5553 Non
784 5504 863 5552 est
894 5498 1095 5553 bonum
1124 5512 1238 5553 esse
1269 5498 1546 5555 hominem
1581 5502 1760 5556 solum
1779 5519 1801 5565 ;

138 5583 417 5653 faciamus
468 5585 559 5640 illi
595 5586 933 5659 adjutorium
963 5586 1259 5644 secundum
1289 5588 1488 5659 ipsum.
1519 5592 1585 5645 Et
1632 5593 1801 5663 ﬁnxit

136 5673 279 5730 Deus
308 5673 489 5731 adhuc
506 5676 574 5732 de
593 5680 743 5734 terra
763 5692 945 5734 omnes
975 5677 1173 5733 bestias
1197 5678 1345 5747 agri,
1367 5683 1419 5734 et
1448 5683 1635 5736 omnia
1654 5682 1800 5739 vola-

138 5762 268 5820 tilia
296 5764 442 5821 cali:
482 5769 536 5823 et
591 5766 824 5825 adduxit
854 5767 954 5825 illa
996 5766 1074 5823 ad
1100 5764 1294 5834 Adam,
1328 5770 1387 5821 ut
1428 5768 1635 5826 videret
1664 5772 1804 5843 quid

1959 652 2189 706 nomina
2218 653 2470 707 omnibus
2497 657 2787 725 pecoribus
2807 663 2857 711 et
2878 657 3461 713 omnibusvolatilibus
3474 661 3615 733 caeli,

1958 748 2008 795 et
2035 743 2292 797 omnibus
2334 743 2521 799 bestiis
2547 746 2693 815 agri.
2737 745 2865 802 Adae
2895 750 3085 801 autem
3113 763 3228 801 non
3260 753 3337 803 est
3367 750 3619 805 inventus

1957 831 2177 902 adjutor
2203 831 2413 887 similis
2468 834 2594 904 ipsi.
2644 835 2709 889 Et
2760 835 2947 899 iniecit
3000 836 3139 901 Deus
3176 839 3376 893 mentis
3399 840 3618 894 aliena-

1954 921 2157 974 tionem
2182 936 2348 992 super
2376 920 2568 992 Adam,
2590 930 2643 977 et
2662 922 3010 994 obdormivit,
3029 926 3082 979 et
3108 926 3344 995 sumpsit
3363 943 3533 982 unam
3553 927 3620 985 de

1951 1010 2110 1064 costis
2137 1010 2675 1082 eius,etadimplevit
2702 1029 2922 1068 carnem
2956 1013 3014 1069 in
3036 1014 3216 1069 locum
3235 1016 3376 1087 ejus,
3406 1023 3456 1073 et
3475 1016 3621 1075 aedi-

1952 1098 2138 1168 ﬁcavit
2167 1100 2435 1154 Dominus
2464 1104 2609 1155 Deus
2629 1109 2863 1166 costam,
2886 1119 3049 1175 quam
3071 1105 3304 1174 sumpsit
3326 1104 3390 1160 de
3410 1105 3618 1163 Adam.

1952 1188 2009 1241 in
2040 1188 2333 1243 mulierem
2365 1188 2517 1261 (Gen.
2566 1207 2627 1261 II,
2663 1191 2877 1262 18-22).
2913 1191 2971 1246 Si
2998 1208 3134 1264 ergo
3159 1198 3610 1265 consequenter,

1953 1294 2088 1332 cum
2116 1278 2176 1333 in
2209 1279 2519 1350 pecoribus
2550 1284 2607 1335 et
2644 1280 2848 1336 bestiis
2880 1281 3002 1353 agri
3036 1288 3092 1337 et
3118 1282 3458 1339 volatilibus
3482 1284 3610 1340 coeli

1952 1384 2066 1423 non
2100 1373 2254 1423 esset
2286 1368 2588 1425 inventum
2621 1369 2981 1441 adjutorium
3016 1370 3615 1441 similehomini,fecit

1951 1456 2003 1511 ei
2034 1461 2185 1514 Deus
2216 1458 2576 1530 adjutorium
2610 1458 2803 1515 simile
2834 1460 2904 1516 de
2926 1465 3087 1515 costa
3105 1459 3306 1518 lateris
3326 1461 3610 1533 ejus;hoc

1949 1551 2149 1603 autem
2176 1548 2397 1604 factum
2419 1552 2509 1604 est
2529 1565 2663 1605 cum
2687 1550 2925 1605 easdem
2946 1550 3167 1606 bestias
3188 1550 3311 1623 agri
3334 1554 3391 1607 et
3405 1551 3609 1607 volati-

1946 1634 2026 1692 lia
2073 1636 2200 1692 coeli
2234 1638 2426 1693 adhuc
2469 1638 2540 1695 de
2570 1642 2726 1695 terra
2755 1638 3040 1706 ﬁnxisset,
3074 1644 3132 1694 et
3162 1639 3236 1695 ad
3287 1639 3456 1695 illum
3500 1641 3608 1696 ad-

1946 1725 2239 1783 duxisset:
2257 1728 2547 1798 quomodo
2566 1736 2723 1784 sexto
2739 1728 2832 1783 die
2853 1729 3074 1784 factum
3090 1727 3198 1784 hoc
3220 1733 3413 1800 potest
3434 1728 3610 1785 intel-

1945 1814 2069 1888 ligi,
2103 1818 2582 1889 quandoquidem
2616 1818 2712 1874 illo
2737 1818 2830 1875 die
2861 1818 3133 1891 produxit
3165 1824 3319 1875 terra
3347 1818 3608 1876 animam

1942 1904 2131 1961 vivam
2156 1908 2477 1964 secundum
2510 1908 2752 1963 verbum
2790 1908 2893 1964 Dei
2918 1926 2932 1977 ;
2956 1907 3213 1964 volatilia
3240 1924 3371 1965 vero
3395 1908 3602 1980 quinto

1942 1995 2033 2051 die
2066 1997 2469 2068 produxerunt
2507 2014 2673 2071 aquae
2704 1997 2979 2054 similiter
3011 1998 3337 2054 secundum
3354 2000 3596 2055 verbum

1941 2083 2093 2140 Dei?
2118 2085 2243 2141 Non
2263 2084 2463 2158 itaque
2494 2086 2588 2142 hic
2620 2086 2932 2157 diceretur,
2965 2088 3030 2142 Et
3058 2088 3229 2157 ﬁnxit
3257 2089 3397 2143 Deus
3419 2088 3598 2144 adhuc

1939 2173 2004 2229 de
2033 2179 2182 2231 terra
2212 2192 2399 2232 omnes
2445 2177 2646 2232 bestias
2677 2178 2822 2247 agri,
2856 2185 2908 2232 et
2939 2178 3133 2233 omnia
3173 2178 3422 2233 volatilia
3450 2179 3597 2247 caeli,

1939 2264 2053 2319 nisi
2087 2266 2225 2336 quia
2250 2266 2370 2337 jam
2403 2270 2559 2322 terra
2601 2266 2954 2338 produxerat
2992 2284 3195 2322 omnes
3224 2267 3447 2323 bestias
3469 2267 3596 2340 agri

1938 2362 2100 2410 sexto
2131 2355 2243 2427 die,
2271 2362 2329 2412 et
2359 2374 2511 2428 aqua
2548 2356 2748 2412 omnia
2786 2355 3047 2411 volatilia
3080 2356 3207 2411 cceli
3236 2356 3443 2428 quinto
3474 2358 3590 2414 die.

1936 2443 2116 2499 Aliter
2144 2462 2279 2517 ergo
2310 2450 2471 2515 tunc,
2507 2446 2563 2501 id
2596 2448 2685 2501 est
2716 2445 3111 2517 potentialiter
3140 2449 3320 2518 atque
3340 2445 3591 2502 causali-

1936 2538 2043 2605 ter,
2077 2535 2227 2590 sicut
2268 2535 2350 2590 illi
2393 2535 2554 2609 Operi
2586 2535 2971 2607 competebat,
2996 2552 3109 2607 quo
3146 2536 3364 2591 creavit
3397 2535 3594 2593 omnia

1935 2623 2176 2693 simul,a
2189 2624 2404 2697 quibus
2422 2624 2482 2680 in
2495 2626 2588 2681 die
2600 2626 2850 2698 septimo
2868 2624 3179 2697 requievit:
3206 2624 3376 2681 aliter
3391 2629 3589 2683 autem

1935 2731 2116 2783 nunc,
2147 2714 2300 2771 sicut
2322 2731 2389 2771 ea
2417 2715 2708 2785 videmus,
2743 2731 2868 2786 qua;
2898 2731 3003 2786 per
3032 2714 3380 2787 temporalia
3400 2713 3592 2788 spatia

1934 2804 2273 2870 creat,sicut
2293 2821 2480 2876 usque
2501 2822 2660 2860 nunc
2682 2808 2974 2877 operatur.
2995 2805 3075 2859 Ac
3098 2820 3200 2876 per
3221 2803 3330 2859 hoc
3345 2805 3470 2875 jam
3488 2819 3592 2877 per

1932 2893 2077 2950 istos
2110 2893 2452 2950 notissimos
2491 2893 2642 2949 lucis
2675 2892 2991 2966 corporalis
3024 2893 3167 2961 dies,
3203 2893 3301 2965 qui
3343 2893 3592 2950 circuitu

1933 2983 2074 3039 solis
2098 2985 2265 3053 fiunt,
2293 2986 2409 3040 Eva
2431 2985 2584 3040 facta
2596 2988 2684 3040 est
2700 2984 2771 3039 de
2792 2983 2969 3039 latere
2988 2983 3096 3038 viri
3121 2983 3234 3039 sui.
3252 2988 3412 3039 Tunc
3431 2983 3591 3040 enim

1933 3080 2086 3129 Deus
2109 3074 2301 3130 adhuc
2323 3074 2490 3129 ﬁnxit
2511 3075 2580 3129 de
2603 3078 2759 3129 terra
2778 3073 2999 3129 bestias
3012 3076 3069 3128 et
3092 3071 3437 3142 volatilia,in
3458 3073 3590 3146 qui-

1932 3164 2043 3220 bus
2075 3180 2207 3219 cum
2236 3164 2595 3235 adjutorium
2637 3162 2829 3219 simile
2860 3162 2993 3235 ipsi
3042 3164 3228 3219 Adam
3278 3180 3395 3219 non
3435 3166 3595 3220 esset

1931 3254 2255 3322 inventum,
2293 3253 2393 3309 illa
2418 3255 2668 3309 formata
2691 3256 2801 3309 est.
2842 3252 2905 3309 In
2956 3251 3175 3310 talibus
3207 3270 3343 3327 ergo
3382 3252 3591 3311 diebus

1932 3344 2108 3399 etiam
2142 3345 2337 3416 ipsum
2360 3344 2429 3399 de
2461 3342 2602 3399 limo
2636 3343 2805 3399 ﬁnxit
2834 3342 3010 3399 Deus.

2002 3434 2056 3488 8.
2081 3434 2281 3505 Neque
2312 3433 2467 3489 enim
2501 3433 2814 3489 dicendum
2846 3437 2956 3501 est,
2989 3433 3320 3490 masculum
3347 3434 3587 3506 quidem

1933 3527 2091 3578 sexto
2106 3522 2198 3578 die
2214 3522 2742 3594 factum,feminam
2755 3537 2888 3577 vero
2902 3524 3330 3594 posterioribus
3348 3522 3593 3593 diebus;

1932 3629 2067 3669 cum
2099 3612 2225 3685 ipso
2244 3617 2404 3669 sexto
2425 3614 2518 3669 die
2536 3611 2907 3685 apertissime
2929 3613 3151 3669 dictum
3172 3613 3270 3681 sit,
3290 3614 3589 3670 blaseulum

1930 3706 1982 3759 et
2010 3704 2285 3774 feminam
2313 3704 2445 3775 fecit
2473 3719 2583 3770 eos,
2607 3713 2659 3759 et
2691 3704 2972 3762 benedixit
3002 3719 3110 3772 eos,
3134 3706 3191 3758 et
3211 3707 3438 3772 cetera,
3458 3720 3587 3776 quas

1930 3792 2001 3848 de
2033 3791 2302 3848 ambolus
2326 3796 2384 3848 et
2404 3793 2476 3847 ad
2500 3792 2706 3849 ambos
2729 3794 3027 3850 dicuntur.
3050 3792 3233 3848 Aliter
3254 3809 3391 3865 ergo
3442 3797 3586 3851 tunc

1932 3881 2126 3952 ambo,
2150 3886 2206 3937 et
2236 3898 2391 3937 nunc
2423 3880 2592 3938 aliter
2612 3883 2819 3939 ambo:
2847 3887 2987 3938 tunc
3012 3882 3237 3938 scilicet
3258 3882 3587 3939 secundum

1932 3971 2253 4042 potentiam
2303 3987 2406 4043 per
2454 3970 2697 4027 verbum
2750 3971 2854 4027 Dei
2902 3976 3182 4043 tanquam
3221 3971 3591 4028 seminaliter

1932 4059 2152 4115 mundo
2186 4058 2458 4129 inditam,
2482 4077 2615 4116 cum
2640 4060 2859 4117 creavit
2882 4060 3080 4117 omnia
3098 4060 3349 4129 simul,a
3370 4062 3587 4133 quibus

1930 4144 1990 4201 in
2004 4145 2096 4202 die
2107 4146 2357 4218 septimo
2371 4147 2750 4219 requievit,ex
2764 4148 2977 4221 quibus
2990 4148 3187 4204 omnia
3199 4148 3324 4204 suis
3342 4164 3591 4221 quaeque

1926 4240 2296 4312 temporibus
2320 4241 2448 4311 jam
2499 4257 2602 4312 per
2647 4241 2999 4297 saeculorum
3049 4240 3314 4297 ordinem
3340 4241 3585 4309 fierent;

1929 4345 2087 4384 nunc
2137 4333 2335 4385 autem
2385 4330 2712 4385 secundum
2762 4328 3161 4401 operationem
3211 4330 3589 4402 prmbendam

1926 4418 2315 4491 temporibus,
2340 4436 2459 4491 qua
2481 4435 2668 4491 usque
2700 4436 2855 4474 nunc
2877 4424 3173 4491 operatur,
3199 4424 3256 4476 et
3282 4420 3589 4492 oportebat

1918 4508 2044 4578 jam
2082 4513 2339 4581 tempore
2362 4526 2470 4565 suo
2491 4508 2619 4565 ﬁeri
2639 4509 2826 4565 Adam
2850 4509 2921 4565 de
2962 4507 3103 4565 limo
3129 4513 3311 4581 terrae,
3335 4510 3584 4583 ejusque

1928 4596 2238 4654 mulierem
2269 4614 2338 4654 ex
2366 4598 2476 4654 viri
2504 4597 2703 4656 latere.

1924 4751 2152 4809 CAPUT
2180 4751 2274 4810 Vl.
2299 4782 2366 4795 -—
2397 4753 2924 4809 Sententiamsuum
2950 4750 3221 4823 liquidiue
3242 4752 3583 4825 explicatme

2473 4825 2622 4881 male
2653 4826 3022 4895 intelligatur.

1989 4960 2043 5015 9.
2078 4959 2141 5015 In
2166 4976 2284 5033 qua
2300 4960 2715 5017 distributione
2736 4976 2978 5032 operum
3002 4958 3343 5032 Dci,partim
3360 4958 3429 5014 ad
3446 4958 3581 5016 illos

1920 5050 2046 5106 dies
2068 5049 2393 5107 invisibiles
2415 5049 2860 5124 pertinentium,
2886 5049 3101 5122 quibus
3132 5049 3347 5105 creavit
3382 5049 3584 5106 omnia

1918 5140 2118 5208 simul,
2145 5142 2357 5213 partim
2384 5141 2453 5196 ad
2479 5140 2624 5197 istos
2647 5139 2967 5212 oppositos,
2985 5139 3041 5194 in
3066 5139 3284 5211 quibus
3306 5142 3583 5211 operatur

1920 5230 2178 5303 quotidie
2194 5230 2480 5303 quidquid
2495 5248 2563 5286 ex
2576 5230 2692 5286 illis
2707 5235 2985 5301 tauquam
2999 5228 3314 5285 involucris
3327 5227 3578 5301 primor-

1918 5320 2174 5376 dialibus
2190 5321 2245 5375 in
2266 5325 2527 5391 tempore
2541 5320 2900 5387 evolvitur,si
2924 5336 3037 5375 non
3059 5318 3392 5392 importune
3404 5324 3578 5391 atque

1918 5411 2171 5467 absurde
2201 5411 2515 5482 Scriptum
2543 5411 2716 5467 verba
2748 5410 2935 5466 secuti
2959 5427 3185 5479 sumus,
3211 5428 3337 5483 quae
3372 5428 3477 5467 nos
3500 5412 3574 5467 ad

1918 5499 2038 5555 haec
2054 5500 2797 5573 distinguendaduxeruut:
2816 5500 3137 5555 cavendum
3152 5506 3241 5555 est
3256 5516 3325 5556 ne
3339 5505 3577 5573 propter

1916 5589 2179 5663 ipsarum
2212 5607 2405 5645 rerum
2441 5589 2741 5662 aliquanto
2774 5588 3074 5643 difficilem
3112 5591 3569 5663 perceptionem,

1916 5697 2094 5753 quam
2129 5679 2415 5736 tardiores
2435 5678 2668 5750 assequi
2690 5695 2802 5734 non
2830 5678 3150 5749 sufficiunt,
3168 5686 3445 5752 putemur
3465 5680 3571 5736 ali-

1917 5770 2059 5842 quid
2082 5769 2303 5827 sentire
2325 5786 2389 5827 ac
2422 5770 2633 5837 dicere,
2664 5768 2817 5842 quod
2843 5768 3065 5825 scimus
3096 5785 3201 5826 nos
3226 5786 3329 5827 nec
3351 5769 3569 5828 sentire
