4066 6422
229 386 348 448 369

231 517 748 592 damnationisque
779 520 1116 577 cruciatus?
1148 524 1235 576 An
1266 518 1413 576 illud
1432 519 1744 574 dicendum
1778 519 1889 584 est,

233 608 389 679 quod
424 608 495 662 ad
530 626 744 682 corpus
775 611 1311 667 administrandum
1334 609 1632 665 voluntate
1655 606 1891 680 propria

233 697 409 753 fuerit
439 698 740 771 inclinata,
770 701 827 756 in
860 718 976 772 qua
1004 702 1123 756 vita
1172 700 1452 773 corporis,
1504 698 1783 771 quoniam
1832 698 1891 751 et

226 789 390 858 jurte
441 793 497 844 et
546 789 748 862 inique
797 791 913 845 vivi
948 794 1159 863 potest,
1195 790 1349 862 quod
1379 788 1618 861 eligeret
1653 788 1760 842 hoc
1792 786 1891 841 ha-

230 876 416 944 beret,
448 877 536 933 vel
569 880 873 950 praemium
907 881 978 936 de
1000 880 1257 951 justitia,
1290 879 1376 934 vel
1408 877 1718 949 iniquitate
1747 892 1888 946 sup-

232 966 496 1039 plicium,
532 973 597 1024 ut
628 986 734 1025 nec
765 970 850 1024 illi
883 970 1213 1043 apostolicae
1264 968 1564 1025 sententia).
1623 968 1701 1023 sit
1750 984 1887 1022 con-

230 1059 503 1125 trarium,
538 1076 656 1131 qua
685 1059 830 1115 dicit
860 1060 1126 1115 nondum
1160 1065 1327 1115 natos
1348 1057 1495 1113 nihil
1527 1057 1717 1131 egisse
1750 1056 1886 1113 boni

230 1165 333 1203 seu
368 1148 505 1203 mali
539 1149 715 1221 (Rom.
750 1167 826 1219 ix,
860 1150 997 1218 ti)?
1028 1148 1132 1205 Illa
1176 1148 1391 1221 quippe
1438 1147 1742 1203 inclinatio
1788 1163 1887 1202 vo-

230 1236 479 1293 luntatis
531 1239 603 1294 ad
653 1255 888 1310 corpus,
939 1239 1199 1294 nondum
1231 1244 1319 1294 est
1350 1238 1497 1293 actio
1528 1236 1614 1292 vel
1639 1235 1885 1306 justitiaa

227 1327 317 1381 vel
346 1327 697 1400 iniquitatis,
733 1330 803 1384 de
834 1346 951 1401 qua
983 1327 1128 1384 ratio
1162 1327 1455 1383 reddenda
1488 1330 1577 1382 est
1616 1325 1675 1379 in
1717 1325 1887 1396 judi-

229 1417 319 1472 cio
368 1417 491 1486 Dei,
539 1423 840 1489 recepturo
891 1434 1246 1489 unoquoque
1296 1418 1622 1473 secundum
1662 1432 1730 1471 ea
1760 1432 1885 1487 quas

227 1522 334 1578 per
359 1524 569 1579 corpus
600 1507 801 1580 gessit,
837 1508 960 1563 sive
991 1507 1367 1574 bonum,sive
1399 1506 1622 1561 malum
1655 1506 1726 1577 (11
1761 1505 1881 1560 Cor.

225 1613 281 1662 ν,
320 1598 428 1667 1ο).
461 1597 576 1653 Cur
605 1614 740 1670 ergo
773 1598 1033 1668 nonjam
1069 1603 1126 1653 et
1175 1596 1320 1652 illud
1372 1597 1663 1663 credatur,
1725 1596 1881 1667 quod

227 1686 329 1741 Dei
363 1692 510 1742 nutu
543 1688 614 1742 ad
644 1704 860 1759 corpus
889 1687 1148 1754 venerit;
1184 1686 1283 1741 ubi
1315 1685 1424 1741 sibi
1456 1684 1629 1742 vellet
1673 1702 1882 1740 secun-

228 1776 368 1830 dum
429 1782 778 1848 praeceptum
840 1777 968 1847 ejus
1018 1793 1209 1849 agere,
1238 1776 1563 1831 mercedem
1596 1775 1883 1846 acciperet

223 1868 355 1920 vitae
385 1871 632 1937 aeternis,
668 1871 839 1938 atque
870 1868 1228 1939 Angelorum
1259 1865 1551 1921 societatis
1586 1866 1600 1898 ¹
1639 1879 1652 1919 :
1688 1864 1736 1919 si
1769 1882 1877 1920 au-

223 1960 344 2009 tem
378 1960 795 2026 contemneret,
829 1972 1030 2027 pmnas
1070 1955 1437 2025 justissimas
1490 1953 1696 2018 lueret,
1758 1954 1877 2010 sive

221 2042 446 2099 laboris
499 2044 788 2110 diuturni,
849 2045 968 2100 sive
1027 2044 1183 2116 ignis
1210 2042 1453 2099 aeterni?
1485 2045 1564 2098 An
1597 2043 1735 2114 quia
1767 2042 1875 2098 hoc

219 2132 440 2204 ipsum,
475 2138 589 2189 Deo
619 2134 831 2190 volenti
863 2134 1321 2206 obtemperasse,
1333 2134 1455 2204 jam
1490 2132 1692 2203 utique
1724 2132 1874 2189 actio

217 2222 680 2289 bonaest,eterit
692 2224 1049 2281 contrarium
1065 2225 1327 2278 nondum
1342 2226 1510 2278 natos
1525 2220 1672 2276 nihil
1687 2220 1876 2293 egisse

213 2310 307 2367 vel
339 2312 474 2367 boni
504 2312 590 2369 vel
620 2312 803 2368 mali?

214 2420 450 2477 CAPUT
480 2420 669 2476 XXVI.
704 2452 773 2463 -—
800 2422 1000 2477 Anima
1028 2423 1080 2476 si
1104 2422 1329 2492 proprio
1357 2425 1501 2475 nutu
1530 2421 1745 2491 corpori
1784 2420 1871 2475 in-

252 2498 428 2558 serta,
458 2509 567 2549 non
596 2495 704 2564 fuit
729 2496 962 2565 praescia
989 2496 1194 2566 futuri.
1226 2493 1482 2548 Liberum
1512 2493 1832 2547 arbitrium.

287 2582 520 2647 37.0w:
543 2583 592 2639 si
613 2582 695 2638 ita
725 2583 1205 2649 sunt,falehimur
1232 2582 1410 2637 etiam
1443 2598 1558 2637 non
1590 2580 1648 2635 id
1681 2597 1747 2636 eo
1779 2596 1871 2635 re-

214 2690 351 2727 rum
381 2688 590 2745 genere
610 2672 871 2730 animam
890 2672 1165 2743 primitus
1184 2676 1532 2741 creatam,ut
1555 2675 1711 2726 esset
1731 2688 1872 2741 prae-

212 2762 339 2820 scia
369 2762 546 2817 futuri
578 2762 772 2835 operis
798 2762 912 2831 sui,
952 2762 1234 2833 veljusti,
1286 2760 1375 2817 vel
1422 2760 1631 2832 iniqui.
1682 2759 1870 2816 Nimis

212 2853 433 2925 quippe
455 2852 792 2908 incredibile
806 2857 895 2908 est
912 2868 1034 2908 eam
1051 2851 1311 2923 potuisse
1326 2868 1427 2922 pro
1436 2850 1660 2922 priavol
1672 2854 1871 2905 untate

212 2941 487 2997 inclinari
517 2943 588 2997 ad
620 2941 880 3013 corporis
911 2941 1111 3006 vitam,
1136 2941 1185 2996 si
1216 2957 1277 2996 se
1308 2942 1390 2995 ita
1418 2941 1477 2995 in
1510 2940 1867 3011 quihusdam

211 3035 583 3103 peccaturum
601 3031 1155 3103 preesciret,utjuste
1170 3029 1457 3102 supplicio
1473 3035 1751 3102 perpetuo
1766 3047 1870 3101 pu-

209 3122 626 3178 niretur.Juste
652 3137 791 3176 sane
813 3122 1049 3177 Creator
1069 3121 1342 3176 laudatur
1364 3119 1718 3191 inpmnibus
1740 3136 1868 3191 quas

209 3212 348 3267 fecit
376 3211 575 3267 omnia
603 3212 757 3267 bona
784 3210 969 3267 valde.
1002 3210 1201 3282 Neque
1231 3210 1388 3265 enim
1420 3226 1485 3264 ex
1517 3208 1590 3265 iis
1636 3214 1867 3266 tantum

211 3301 548 3357 laudandus
571 3301 902 3373 est,quihus
925 3298 1354 3372 praescientiam
1377 3298 1700 3365 dedit;cum
1717 3304 1870 3355 recte

208 3390 485 3447 laudetur
504 3391 680 3446 etiam
705 3390 843 3459 quia
860 3406 1068 3462 pecora
1081 3388 1539 3460 creavit,quibus
1553 3392 1643 3443 est
1658 3394 1869 3444 natura

211 3481 475 3537 humana
504 3483 875 3552 praestantior
903 3480 1079 3536 etiam
1108 3480 1168 3535 in
1187 3478 1332 3552 ipsis
1352 3477 1868 3551 peccantibus.Na-

209 3574 344 3627 tura
367 3571 581 3643 quippe
603 3570 860 3626 hominis
881 3587 949 3626 ex
970 3576 1083 3626 Deo
1108 3575 1218 3637 est,
1252 3585 1367 3624 non
1408 3568 1715 3640 iniquitas,
1751 3585 1868 3639 qua

210 3677 274 3717 se
303 3662 428 3733 ipse
450 3659 862 3715 involvitmale
886 3660 1103 3716 utendo
1126 3658 1306 3714 libero
1356 3658 1595 3714 arbitrio
1644 3675 1657 3713 :
1709 3658 1865 3729 quod

194 3758 402 3808 tamen
435 3751 486 3807 si
514 3768 627 3807 non
651 3751 976 3818 haberet,in
1001 3756 1211 3805 natura
1235 3766 1431 3805 rerum
1457 3750 1656 3804 minus
1677 3748 1863 3804 excel-

192 3842 727 3914 leret.Cogitandus
751 3843 966 3913 quippe
987 3846 1075 3897 est
1098 3842 1449 3911 homojuste
1474 3840 1671 3896 vivens
1685 3839 1863 3895 etiam

196 3949 314 3989 Iron
332 3931 614 4005 praescius
629 3930 1133 4001 futurorum,etibi
1148 3930 1453 3985 videndum
1466 3930 1865 3995 est,excellen-

184 4024 273 4078 tia
297 4020 615 4077 voluntatis
631 4021 796 4075 home
811 4037 989 4092 quam
1007 4035 1122 4075 non
1146 4019 1500 4091 impediatur
1515 4018 1586 4073 ad
1604 4024 1756 4074 recte
1779 4020 1860 4074 vi-

188 4112 448 4167 vendum
473 4114 529 4165 et
550 4110 667 4165 Deo
690 4109 1228 4181 placendum,quod
1251 4108 1495 4180 ignarus
1518 4108 1699 4164 futuri
1721 4109 1861 4165 vivit

188 4219 260 4258 ex
282 4199 777 4271 fideJlujusmodi
800 4215 935 4271 ergo
954 4203 1280 4254 creaturam
1302 4197 1575 4269 quisquis
1589 4214 1719 4253 esse
1734 4197 1857 4253 nol-

191 4292 273 4345 let
297 4290 357 4344 in
386 4287 940 4355 rebus,contradicit
962 4286 1061 4342 Dei
1082 4285 1633 4358 bonitati.Quisquis
1658 4291 1853 4343 autem

190 4397 394 4451 poenas
417 4395 546 4435 eam
571 4395 687 4434 non
710 4379 832 4435 vult
852 4377 1013 4434 luere
1035 4394 1138 4450 pro
1158 4377 1435 4450 peccatis,
1462 4376 1741 4433 inimicus
1765 4382 1854 4433 est

188 4469 478 4542 aequitati.

182 4577 427 4635 CAPUT
449 4576 748 4635 XXVII.-—
776 4576 1029 4633 Animam
1063 4578 1323 4633 naturali
1348 4576 1596 4648 appetitu
1623 4576 1762 4648 ferri
1790 4578 1849 4633 in

913 4665 1109 4722 corpus
1122 4690 1134 4704 .

260 4740 351 4795 38.
375 4741 482 4796 Sed
509 4740 557 4795 si
580 4739 650 4796 ad
673 4738 781 4796 hoc
804 4739 870 4794 fit
890 4738 1111 4808 anima,
1137 4741 1204 4795 ut
1228 4739 1497 4794 mittatur
1518 4738 1577 4794 in
1609 4755 1843 4810 corpus,

189 4831 374 4903 quaeri
435 4834 627 4902 potest
657 4835 880 4899 utrum,
909 4827 958 4884 si
986 4826 1259 4900 uoluerit,
1291 4827 1697 4900 compellatur.
1731 4829 1843 4884 Sed

188 4920 408 4977 melius
430 4920 682 4975 creditur
704 4920 812 4975 hoc
834 4917 1178 4974 naturaliter
1198 4917 1427 4986 velle,id
1448 4918 1622 4989 est,in
1646 4934 1712 4973 ea
1738 4934 1843 4974 na—

184 5015 321 5066 tura
361 5010 543 5065 creari
586 5014 651 5065 ut
693 5008 849 5077 velit,
884 5008 1035 5064 sicut
1074 5007 1339 5064 naturale
1380 5008 1548 5064 nobis
1579 5012 1670 5065 est
1697 5008 1842 5065 velle

182 5100 421 5156 vivere:
457 5099 606 5155 male
635 5104 831 5155 autem
858 5098 1045 5154 vivere
1094 5099 1220 5169 jam
1280 5113 1393 5154 non
1450 5102 1539 5155 est
1596 5104 1839 5167 naturai,

182 5190 287 5246 sed
350 5205 635 5261 perveer
689 5188 1007 5245 voluntatis
1051 5189 1407 5260 quamjuste
1436 5205 1606 5261 pcrna
1634 5204 1839 5247 conse-

188 5281 412 5354 quitur.

259 5370 347 5425 39.
371 5370 607 5425 Frustra
629 5368 904 5443 ergojam
930 5369 1211 5441 quaeritur
1230 5384 1297 5424 ex
1318 5386 1433 5442 qua
1453 5368 1629 5424 veluti
1657 5373 1838 5425 mate-

182 5460 273 5516 rie
297 5461 443 5515 facta
464 5458 540 5515 sit
561 5458 844 5528 anima,si
893 5463 1046 5515 recte
1069 5458 1311 5531 intelligi
1336 5464 1529 5531 potest
1550 5460 1607 5513 in
1634 5459 1839 5531 primis

176 5550 303 5606 illis
325 5549 599 5622 operibus
625 5549 947 5615 facta,cum
984 5549 1174 5605 factus
1206 5554 1295 5605 est
1323 5548 1469 5604 dies.
1488 5547 1652 5604 Sicut
1680 5548 1837 5604 enim

177 5639 283 5697 illa
313 5657 437 5713 qua:
470 5657 586 5696 non
619 5638 968 5705 erant,facta
999 5638 1259 5707 sunt,sic
1290 5642 1345 5694 et
1376 5638 1496 5693 haec
1528 5638 1681 5693 inter
1711 5637 1834 5693 illa.

182 5732 344 5800 Quod
367 5730 416 5788 si
436 5735 491 5788 et
515 5729 791 5787 materies
823 5729 1021 5803 aliqua
1052 5728 1379 5787 formabilis
1412 5727 1605 5796 fuit,et
1633 5745 1834 5803 corpo-

249 5842 264 5875 ι
302 5839 455 5903 Editi,
485 5838 785 5892 societatem
817 5852 836 5889 :
862 5837 1017 5902 cujus
1045 5837 1161 5891 loco
1189 5838 1334 5901 Mss.,
1363 5835 1637 5886 societatis.

1590 387 1826 448 LIBER
1871 382 2290 447 SEPTIMUS.

3535 371 3657 431 370

2000 513 2138 569 ralis
2171 517 2229 568 et
2258 510 2741 585 spiritualis,non
2774 512 2970 565 tamen
3001 510 3059 564 et
3086 506 3215 578 ipsa
3244 504 3517 562 instituta
3536 506 3657 570 nisi

2000 621 2033 660 a
2064 604 2201 672 Deo,
2235 618 2302 658 ex
2335 619 2450 675 quo
2484 605 2624 658 sunt
2651 600 2870 665 omnia,
2903 615 3028 671 quae
3059 597 3298 670 quidem
3346 596 3653 651 formatio-

2001 711 2134 749 nem
2169 711 2337 749 suam
2371 710 2486 749 non
2518 690 2911 763 tempore,sed
2945 687 3164 759 origine
3198 685 3654 759 praecederet,si-

2000 788 2099 838 cut
2126 800 2234 838 vox
2266 787 2540 850 cantum;
2574 780 2711 852 quid
2762 778 2875 834 nisi
2925 779 2995 833 de
3053 776 3299 831 materia
3356 773 3654 848 spirituali

2000 874 2153 929 facta
2184 872 2382 929 anima
2413 870 2831 942 congruentius
2861 866 3161 923 creditur?

1996 988 2231 1047 CAPUT
2262 987 2501 1044 XXVIII.
2528 1018 2594 1027 ——
2616 985 3001 1058 Difﬁcultates,
3019 1000 3144 1058 cum
3170 981 3656 1058 dicituranimam

2067 1061 2201 1189 2411.73
2212 1077 2339 1204 {non
2366 1062 2523 1132 prius
2550 1055 2798 1116 creatam
2833 1074 2997 1131 quam
3026 1057 3143 1127 ejus
3173 1057 3393 1125 corpori
3414 1055 3653 1126 inspira-

2091 1150 2184 1189 am
2242 1149 2407 1189 uisse.

2068 1242 2154 1297 40.
2177 1241 2233 1297 Si
2268 1245 2462 1297 autem
2495 1239 2709 1312 aliquis
2741 1255 2856 1294 non
2885 1236 3011 1292 vult
3040 1252 3166 1292 eam
3200 1234 3534 1290 existimare
3564 1234 3649 1290 fa-

1996 1336 2171 1396 ctam,
2207 1331 2318 1386 nisi
2352 1347 2484 1386 cum
2509 1331 2636 1402 jam
2670 1330 2915 1383 formato
2949 1325 3172 1397 corpori
3207 1328 3297 1379 est
3342 1323 3647 1394 inspirata,

1993 1421 2188 1477 videat
2245 1422 2382 1493 quid
2418 1420 2789 1492 respondeat,
2825 1432 2955 1472 cum
2992 1415 3273 1487 quaeritur
3306 1414 3461 1469 unde
3494 1413 3648 1468 facta

1994 1511 2090 1568 sit.
2128 1516 2241 1567 Aut
2275 1511 2430 1567 enim
2463 1526 2531 1566 ex
2560 1508 2744 1565 nihilo
2776 1508 3041 1562 dicturus
3068 1509 3156 1560 est
3189 1509 3368 1560 Deum
3420 1501 3645 1574 aliquid

1992 1601 2197 1657 fecisse
2228 1601 2316 1657 vel
2352 1602 2537 1657 facere
2563 1602 2695 1673 post
2720 1597 2882 1653 illam
2908 1594 3474 1653 consummationem
3508 1608 3644 1663 ope-

1991 1707 2120 1745 rum
2155 1708 2433 1760 suorum;
2467 1694 2524 1746 et
2554 1689 2723 1745 debet
2772 1685 2985 1743 intueri
3045 1684 3334 1757 quomodo
3393 1680 3643 1753 explicet

1988 1784 2148 1836 sexto
2181 1781 2271 1836 die
2301 1782 2519 1836 factum
2552 1778 2851 1835 hominem
2881 1777 2951 1832 ad
2982 1772 3298 1845 imaginem
3330 1772 3433 1827 Dei
3460 1771 3642 1843 (quod

1989 1869 2103 1924 nisi
2136 1870 2461 1926 secundum
2496 1869 2756 1925 animam
2791 1870 2943 1923 recte
2976 1862 3219 1936 intelligi
3255 1878 3368 1919 non
3403 1861 3638 1931 potest),

1986 1958 2042 2013 id
2077 1959 2252 2024 est,in
2284 1976 2401 2032 qua
2430 1963 2641 2014 natura
2669 1955 2923 2013 causalis
2955 1954 3104 2010 ratio
3128 1953 3277 2008 facta
3307 1950 3482 2006 fuerit
3510 1950 3640 2020 ejus

1986 2048 2065 2104 rei
2101 2066 2226 2121 quae
2255 2050 2514 2105 nondum
2551 2048 2662 2103 fuit
2696 2065 2708 2103 :
2743 2050 2845 2102 aut
2876 2062 2988 2101 non
3020 2044 3091 2099 de
3139 2040 3345 2109 nihilo,
3404 2040 3503 2096 sed
3566 2039 3638 2093 de

1984 2137 2183 2211 aliquo
2207 2140 2331 2209 jam
2366 2139 2649 2195 existente
2679 2137 2892 2192 factam
2925 2134 3079 2189 dicet
3109 2131 3404 2198 animam;
3445 2132 3503 2184 et
3547 2127 3636 2184 la-

1984 2227 2215 2283 borabit
2246 2228 2595 2300 inquirendo
2618 2241 2887 2298 quamam
2919 2223 3018 2278 illa
3038 2225 3252 2276 natura
3282 2219 3377 2285 sit,
3411 2234 3483 2273 an
3517 2233 3638 2273 cor-

1982 2319 2220 2390 poralis,
2256 2337 2327 2374 an
2362 2317 2711 2391 spiritualis,
2762 2314 3087 2371 secundum
3136 2327 3235 2366 eas
3285 2307 3638 2381 quaestiones

1982 2424 2130 2479 quas
2185 2408 2461 2479 superius
2511 2404 2907 2472 versavimus;
2966 2405 3241 2457 manente
3270 2397 3372 2453 illa
3403 2412 3636 2469 quoque

1982 2498 2275 2568 molestia,
2309 2502 2373 2554 ut
2404 2496 2596 2553 adhuc
2658 2498 2954 2568 quaeratur
3011 2491 3071 2547 in
3131 2506 3245 2561 qua
3302 2486 3636 2544 substantia

1981 2592 2384 2644 creaturarum
2441 2587 2500 2642 in
2562 2602 2661 2643 sex
2692 2585 2900 2640 diebus
2931 2579 3206 2655 primitus
3238 2577 3632 2644 conditarum,

1979 2677 2276 2734 causalem
2308 2676 2470 2732 illam
2501 2675 2785 2732 rationem
2817 2671 3017 2728 fecerit
3045 2670 3457 2740 animae,quam
3489 2683 3636 2722 non-

1980 2769 2120 2824 dum
2155 2769 2227 2824 de
2260 2767 2464 2838 nihilo,
2497 2766 2585 2822 vel
2617 2767 2688 2821 de
2720 2764 2916 2836 aliquo
2952 2763 3185 2817 fecerat.

2052 2859 2134 2914 41.
2173 2860 2357 2924 Quam
2391 2857 2440 2913 si
2471 2874 2537 2913 eo
2567 2856 2741 2911 modo
2774 2854 3029 2910 devitarc
3056 2849 3327 2921 voluerit,
3360 2850 3427 2904 ut
3456 2847 3635 2915 dicat,

1979 2956 2137 3003 sexto
2169 2948 2262 3002 die
2292 2948 2468 3002 etiam
2502 2947 2572 3001 de
2605 2945 2746 3000 limo
2779 2944 2999 2999 factum
3033 2957 3161 2997 esse
3192 2937 3633 3008 hominem,sed

1976 3037 2087 3093 hoc
2120 3035 2560 3109 recapitulando
2593 3038 2796 3107 postea
2822 3033 3384 3095 commemoratum;
3441 3026 3638 3081 videat

1981 3127 2049 3183 de
2098 3127 2344 3182 muliere
2371 3126 2512 3199 quid
2549 3125 2725 3190 dicat,
2758 3123 2896 3196 quia
2924 3118 3239 3177 masculum
3268 3125 3319 3174 et
3341 3118 3631 3188 feminam,

1978 3218 2143 3285 dixit,
2176 3220 2309 3289 fecit
2336 3232 2449 3285 eos,
2482 3218 2532 3271 et
2582 3215 2861 3272 benedixit
2907 3229 2998 3269 eos
3056 3210 3207 3284 (Gen.
3267 3225 3307 3277 Ι,
3364 3206 3461 3277 27,
3516 3204 3632 3274 28).

1979 3308 2140 3372 Quod
2196 3308 2244 3363 si
2305 3313 2362 3363 et
2417 3307 2603 3380 ipsam
2638 3322 2703 3361 eo
2736 3304 2828 3360 die
2862 3304 3071 3359 factam
3101 3317 3231 3357 esse
3261 3299 3331 3355 de
3360 3295 3469 3353 viri
3502 3310 3635 3351 osse

1978 3398 2364 3470 responderit,
2396 3397 2660 3453 attendat
2692 3393 2984 3467 quomodo
3045 3393 3269 3449 asserat
3326 3390 3487 3443 sexto
3542 3383 3637 3440 die

1978 3487 2129 3543 facta
2159 3486 2438 3559 volatilia,
2473 3504 2598 3559 quae
2632 3486 2884 3541 adducta
2930 3486 3071 3538 sunt
3119 3481 3189 3536 ad
3238 3479 3445 3545 Adam,
3499 3490 3636 3531 cum

1978 3578 2279 3649 Scriptura
2326 3594 2499 3634 omne
2529 3593 2716 3650 genus
2745 3572 3073 3630 volatilium
3106 3569 3311 3642 quinto
3342 3568 3435 3623 die
3468 3580 3631 3622 crea-

1974 3671 2099 3722 tum
2134 3684 2201 3722 ex
2233 3667 2399 3739 aquis
2428 3666 2722 3735 insinuet;
2754 3664 2893 3721 item
2929 3666 3092 3719 sexto
3124 3661 3218 3715 die
3250 3658 3411 3729 ligna
3450 3655 3630 3711 etiam

1977 3773 2101 3828 quae
2134 3756 2192 3811 in
2226 3756 2498 3829 paradiso
2530 3755 2797 3828 plantata
2818 3756 2978 3820 sunt,
3034 3766 3167 3806 cum
3220 3747 3424 3803 eadem
3477 3743 3629 3798 Scri-

1974 3849 2149 3916 ptura
2180 3844 2288 3901 hoc
2320 3850 2597 3902 creaturae
2629 3860 2811 3917 genus
2834 3842 3003 3899 tertio
3034 3839 3145 3895 diei
3181 3834 3470 3892 tribuerit.
3494 3837 3631 3903 Ipsa

1974 3935 2150 3990 etiam
2184 3936 2359 3991 verba
2391 3934 2720 3991 consideret
2749 3933 2885 4005 quid
2940 3931 3038 3999 sit,
3098 3929 3267 4000 Ejecit
3319 3923 3499 3980 adhuc
3553 3922 3628 3977 de

1972 4028 2123 4079 terra
2154 4040 2312 4079 omne
2341 4025 2551 4095 lignum
2580 4022 2877 4095 pulchrum
2905 4020 2984 4077 ad
3012 4023 3315 4091 aspectum,
3346 4017 3397 4071 et
3427 4013 3630 4067 bonum

1969 4114 2039 4169 ad
2060 4131 2267 4183 escam;
2294 4120 2573 4186 tanquam
2597 4113 2698 4169 illa
2720 4130 2849 4184 qua:
2876 4112 3042 4168 tertio
3069 4108 3159 4165 die
3185 4112 3338 4163 terra
3360 4104 3629 4175 ejecerat,

1968 4222 2083 4261 non
2105 4204 2538 4277 erantpulchra
2560 4204 2631 4260 ad
2660 4206 2959 4275 aspectum
2996 4204 3054 4256 et
3091 4200 3246 4255 bona
3285 4195 3355 4252 ad
3405 4208 3626 4259 escam,

1965 4312 2097 4350 cum
2115 4295 2171 4349 in
2187 4295 2277 4349 his
2291 4298 2489 4350 essent
2505 4293 2779 4365 operibus
2799 4308 2924 4363 quas
2946 4289 3076 4346 fecit
3092 4289 3245 4344 Deus
3258 4283 3456 4342 omnia
3472 4282 3627 4337 bona

1961 4384 2128 4441 valde
2162 4402 2173 4439 :
2210 4384 2349 4457 quid
2384 4385 2459 4441 sit
2491 4384 2687 4448 etiam,
2722 4384 2912 4438 Finxit
2944 4382 3083 4435 Deus
3122 4377 3311 4433 adhuc
3356 4373 3423 4429 de
3470 4376 3625 4427 terra

1958 4491 2147 4532 omnes
2169 4475 2367 4531 bestias
2398 4476 2543 4544 agri,
2567 4482 2617 4529 et
2638 4474 2825 4529 omnia
2846 4470 3105 4527 volatilia
3134 4468 3255 4522 cwli
3275 4464 3375 4537 (Id.
3406 4480 3468 4529 ιι,
3496 4462 3579 4531 19)
3604 4482 3619 4535 ;

1957 4569 2242 4637 tanquam
2266 4564 2368 4619 illa
2391 4582 2503 4620 non
2528 4562 2745 4618 fuerint
2765 4560 3117 4631 omniaquae
3132 4557 3321 4630 primo
3336 4553 3622 4626 producta

1958 4659 2147 4723 erant,
2179 4653 2270 4710 vel
2302 4654 2498 4727 potius
2530 4652 2693 4709 nulla
2725 4654 2858 4708 ante
2889 4650 3173 4722 producta
3202 4648 3388 4701 erant.
3420 4642 3622 4713 Neque

1957 4744 2113 4800 enim
2129 4744 2350 4800 dictum
2369 4748 2478 4814 est,
2506 4740 2572 4799 Et
2595 4743 2761 4813 ﬁnxit
2773 4743 2913 4797 Deus
2938 4738 3195 4795 adlaucde
3208 4744 3355 4792 terra
3377 4734 3617 4788 caeteras

1955 4835 2176 4891 bestias
2198 4834 2403 4907 agri,et
2423 4839 2628 4891 caetera
2644 4832 2902 4889 volatilia
2920 4830 3067 4900 coeli,
3087 4826 3251 4899 quasi
3270 4841 3396 4897 quae
3417 4820 3615 4877 minus

1952 4925 2041 4983 vel
2064 4930 2220 4983 terra
2243 4931 2425 4997 sexto,
2457 4926 2547 4982 vel
2573 4943 2727 4999 aqua
2749 4925 2953 4997 quinto
2976 4923 3068 4978 die
3092 4914 3448 4993 produxerit;
3484 4912 3611 4979 sed,

1952 5033 2139 5073 omnes
2163 5016 2604 5089 bestias,inquit,
2624 5026 2678 5071 et
2700 5016 2885 5072 omnia
2912 5009 3424 5069 volatz'tz'a.Necnon
3455 5006 3509 5059 et
3540 5000 3611 5055 il-

1950 5104 2047 5160 lud
2084 5106 2829 5178 cogitet,quemadmodum
2854 5104 3008 5159 Deus
3030 5106 3087 5157 et
3110 5117 3207 5157 sex
3230 5096 3437 5153 diebus
3460 5093 3609 5148 fece-

1949 5195 2025 5250 rit
2055 5194 2272 5262 omnia;
2294 5196 2505 5267 primo,
2527 5195 2722 5266 ipsum
2755 5194 2940 5261 diem;
2966 5191 3246 5258 secundo,
3271 5188 3610 5242 ﬁrmamen-

1949 5288 2098 5351 tum,
2122 5284 2314 5354 tcrtio,
2350 5284 2602 5355 speciem
2637 5283 2817 5339 maris
2848 5287 2904 5339 et
2935 5286 3120 5349 terrm,
3156 5285 3329 5351 atque
3359 5292 3426 5332 ex
3455 5277 3611 5328 terra

1946 5375 2189 5431 herbam
2214 5378 2270 5430 et
2293 5373 2472 5446 ligna;
2493 5372 3046 5445 quarto,1uminaria
3068 5376 3123 5427 et
3144 5371 3358 5437 sidera;
3380 5366 3609 5441 quinto:

1951 5482 2237 5537 aquarum
2272 5462 2580 5531 animalia;
2616 5466 3004 5530 sexto,terra3;
3038 5465 3093 5516 et
3124 5464 3325 5532 postea
3354 5458 3603 5526 dicatur,

1952 5556 2082 5611 Cum
2104 5557 2283 5625 factus
2306 5557 2383 5609 est
2404 5554 2534 5617 dies,
2544 5552 2680 5625 fecit
2700 5553 2869 5607 Deum
2883 5552 3073 5607 cazlum
3087 5554 3607 5613 etterram,etomne

1946 5645 2126 5702 viride
2155 5642 2788 5716 agri:quandoquidem
2821 5658 2955 5698 cum
2991 5643 3177 5698 factus
3208 5644 3300 5697 est
3331 5640 3602 5707 dies,non

1946 5736 2081 5793 fecit
2109 5736 2225 5792 nisi
2255 5735 2452 5809 ipsum
2483 5733 2978 5800 diem.Quomodo
3009 5732 3185 5789 etiam
3217 5746 3389 5789 omne
3418 5729 3603 5786 viride

1946 5826 2069 5899 agri
2102 5825 2305 5883 fecerit
2334 5829 2651 5898 antequam
2683 5828 2837 5881 esset
2864 5840 3041 5896 super
3070 5824 3369 5893 terram,et
3399 5820 3597 5877 fenum
