4066 6362
521 296 633 357 391

521 428 837 498 alimentis,
882 428 1261 501 agricultura,
1320 428 1627 496 medicina,
1679 432 1735 483 et
1782 444 2167 500 quaecumque

518 518 693 575 etiam
744 520 812 574 ad
864 525 1133 574 ornatum
1186 520 1351 587 fiunt,
1387 525 1450 573 ut
1489 534 1604 573 non
1650 519 1841 573 solum
1888 518 2056 574 salvae
2102 534 2165 574 ac

520 608 908 675 lecundiores,
941 624 1139 663 verum
1171 609 1339 662 etiam
1375 606 1735 662 decentiores
1762 607 1898 662 sint.

593 698 1039 768 47.Spiritualis
1091 702 1282 751 autem
1333 702 1526 751 creata
1576 701 1785 750 natura
1815 696 1863 751 si
1914 696 2168 768 perfecta

520 790 694 857 atque
710 787 875 841 beata
890 786 1513 856 est,sicutAngelorum
1530 790 2173 856 sanctorum,quantum

518 877 726 930 attinet
758 876 827 929 ad
863 877 1135 946 seipsam,
1162 892 1274 945 quo
1308 876 1404 943 sit,
1427 876 1779 947 sapiensque
1812 874 1909 939 sit,
1934 874 2166 928 nonnisi

517 965 871 1019 intrinsecus
890 964 1328 1033 incorporaliter
1345 966 1676 1035 adjuvatur.
1698 964 1859 1019 Intus
1882 964 1931 1019 ei
1956 964 2168 1035 quippe

515 1054 774 1126 loquitur
806 1056 953 1108 Deus
1004 1054 1151 1108 miro
1182 1059 1238 1109 et
1289 1054 1569 1108 inellabili
1623 1054 1817 1116 modo,
1850 1069 2038 1123 neque
2072 1068 2169 1123 per

514 1145 862 1214 scripturam
879 1143 1137 1214 corporal
1150 1144 1478 1198 ibusinstru
1491 1143 1702 1197 mentis
1718 1142 2169 1211 afﬁxam,neque

515 1249 617 1305 per
646 1250 812 1288 voces
855 1232 1256 1304 corporalibus
1290 1233 1533 1287 auribus
1579 1232 1940 1297 insonantes,
1981 1246 2169 1301 neque

514 1340 617 1394 per
636 1339 937 1395 corporum
960 1322 1395 1389 similitudines,
1418 1322 1621 1394 quales
1644 1322 1699 1376 in
1729 1322 1941 1392 spiritu
1966 1320 2171 1391 imagi-

515 1411 726 1467 naliter
754 1412 922 1477 fiunt,
947 1412 1097 1466 sicut
1129 1412 1185 1465 in
1221 1410 1465 1476 somnis,
1491 1411 1576 1465 vel
1609 1410 1668 1465 in
1704 1410 1898 1482 aliquo
1931 1426 2169 1465 excessu

514 1501 779 1571 spiritus,
800 1502 951 1572 quod
977 1516 1159 1572 graece
1182 1500 1395 1554 dicitur
1412 1496 1676 1569 ἔκστασις,
1696 1504 1751 1555 et
1782 1516 1887 1553 nos
1910 1516 1975 1553 eo
1997 1499 2169 1553 verbo

505 1592 629 1662 jam
650 1591 874 1645 utimur
897 1607 997 1662 pro
1022 1590 1200 1645 latino
1230 1607 1241 1644 :
1276 1590 1416 1660 quia
1438 1594 1495 1644 et
1517 1589 1625 1645 hoc
1649 1605 1831 1661 genus
1854 1589 2170 1655 visionum,

514 1680 781 1752 quamvis
813 1679 1058 1735 interius
1092 1680 1191 1733 ﬁat
1214 1696 1388 1750 quam
1425 1684 1563 1733 sunt
1594 1696 1661 1733 ea
1693 1696 1818 1749 quae
1853 1678 2049 1732 animo
2073 1694 2171 1749 per

511 1786 721 1825 sensus
754 1769 1012 1840 corporis
1045 1769 1434 1835 nuntiantur;
1468 1773 1664 1824 tamen
1699 1769 1836 1839 quia
1859 1766 2050 1821 simile
2084 1771 2171 1821 est

510 1861 614 1927 eis,
648 1859 727 1914 ita
757 1863 822 1913 ut
851 1875 980 1914 cum
1016 1859 1098 1925 fit,
1135 1858 1383 1912 discerni
1431 1859 1502 1913 ab
1538 1859 1619 1911 eis
1655 1864 1756 1913 aut
1786 1857 2023 1912 omnino
2056 1873 2168 1910 non

509 1948 717 2019 possit,
739 1952 839 2003 aut
860 1952 1013 2003 certe
1036 1948 1130 2002 vix
1156 1951 1211 2001 et
1233 1947 1533 2003 rarissime
1559 1947 1762 2018 possit,
1781 1951 1838 2001 et
1862 1946 1999 2017 quia
2023 1950 2173 2008 exte_

510 2038 633 2091 rius
654 2042 743 2091 est
760 2053 935 2107 quam
958 2036 1103 2091 illud
1124 2037 1274 2107 quod
1298 2036 1355 2089 in
1381 2036 1509 2106 ipsa
1533 2034 2005 2090 incommutabili
2031 2033 2174 2092 veri.

508 2131 628 2181 tate
662 2142 825 2182 mens
845 2125 1147 2181 rationalis
1166 2131 1221 2179 et
1242 2124 1653 2180 intellectualis
1675 2125 1962 2192 intuetur,
1990 2139 2174 2193 eaque

508 2216 637 2271 luce
655 2217 725 2271 de
743 2216 835 2270 his
860 2216 1135 2270 omnibus
1157 2216 1419 2285 judicat;
1452 2214 1604 2269 inter
1626 2213 1726 2268 illa
1747 2231 1871 2284 quae
1896 2213 2177 2269 extrinse.

512 2321 614 2359 cus
647 2305 795 2359 fiunt
826 2304 1074 2359 arbitror
1102 2320 1230 2359 esse
1264 2304 1697 2375 deputandum.
1731 2305 2008 2358 Creatura
2039 2318 2173 2373 ergo

516 2393 844 2465 spiritualis
874 2398 930 2447 et
957 2392 1370 2447 intellectualis
1404 2392 1665 2465 perfecta
1686 2396 1743 2447 et
1773 2392 1960 2461 beata,
1986 2390 2176 2463 qualis

512 2483 866 2555 Angelorum
883 2482 1150 2553 est,sicut
1167 2481 1600 2549 dixi,quantum
1618 2482 1903 2536 attinetad
1920 2480 2173 2552 seipsam

516 2589 631 2645 quo
664 2571 1134 2643 sit,sapiensque
1157 2588 1222 2626 ac
1250 2571 1416 2625 beata
1449 2570 1547 2639 sit,
1568 2571 1803 2625 nonnisi
1824 2570 2176 2625 intrinsecus

516 2663 832 2733 adjuvetur
877 2660 1223 2731 aeternitate,
1260 2660 1524 2727 veritate,
1558 2659 1837 2716 charitate
1870 2658 2173 2714 Creatoris.

515 2752 887 2807 Extrinsecus
908 2766 1041 2807 vero
1065 2750 1111 2806 si
1134 2751 1395 2821 adjuvari
1430 2750 1677 2805 dicenda
1708 2754 1816 2813 est,
1842 2767 1907 2805 eo
1930 2750 2175 2804 fortasse

519 2843 643 2899 solo
676 2842 1004 2913 adjuvetur,
1041 2842 1190 2911 quod
1226 2840 1472 2895 invicem
1506 2840 1725 2906 vident,
1758 2844 1813 2895 et
1843 2839 1912 2894 de
1944 2856 2051 2893 sua
2082 2855 2174 2892 so-

522 2936 731 2990 cietate
760 2932 1017 3004 gaudent
1050 2931 1105 2985 in
1135 2934 1343 2997 Deo,et
1374 2930 1527 3001 quod
1562 2928 1885 3001 perspectis
1917 2927 2091 2982 etiam
2117 2926 2176 2981 in

522 3023 606 3078 eis
637 3022 781 3094 ipsis
831 3020 1104 3075 omnibus
1155 3018 1460 3087 creaturis,
1496 3018 1756 3089 undique
1804 3019 2023 3087 gratias
2060 3014 2179 3086 agit

522 3111 838 3183 laudatque
869 3114 1213 3165 Creatorem.
1250 3108 1407 3172 Quod
1444 3112 1639 3163 autem
1673 3106 1879 3160 attinet
1909 3106 1979 3160 ad
2019 3122 2178 3159 crea-

517 3206 661 3256 tura
695 3199 965 3273 angelicae
999 3198 1308 3261 actionem,
1329 3214 1430 3269 per
1460 3212 1637 3268 quam
1662 3196 2071 3251 universarum
2098 3210 2179 3249 re-

520 3308 649 3346 rum
670 3290 1002 3362 generibus,
1024 3288 1394 3358 maximeque
1415 3286 1672 3341 humano
1693 3283 2057 3357 providentia
2083 3283 2179 3337 Dei

523 3379 876 3452 prospicitur
899 3396 911 3445 ;
932 3378 1061 3449 ipsa
1077 3377 1440 3432 extrinsecus
1463 3376 1723 3445 adjuvat,
1742 3378 1798 3429 et
1819 3390 1918 3445 per
1935 3373 2036 3428 illa
2056 3373 2181 3427 visa

523 3487 648 3541 quae
682 3466 901 3523 similia
931 3470 1067 3521 sunt
1099 3464 1529 3537 corporalibus,
1563 3467 1619 3518 et
1652 3479 1753 3535 per
1782 3462 1907 3534 ipsa
1937 3477 2180 3533 corpora

521 3575 647 3630 quae
677 3556 950 3629 angelicae
983 3556 1289 3626 subjacent
1322 3552 1619 3625 potestati.

520 3664 749 3723 CAPUT
778 3663 967 3720 XXVI.
999 3693 1069 3707 --
1103 3664 1243 3717 Deus
1272 3676 1487 3731 semper
1536 3658 1681 3713 idem
1712 3666 1761 3714 et
1792 3659 2051 3714 immotus
2080 3656 2179 3711 ad-

1084 3736 1365 3789 ministrat
1391 3733 1606 3789 omnia.

596 3828 680 3883 48.
713 3827 846 3891 Quae
881 3842 1016 3881 cum
1068 3824 1149 3880 ita
1181 3823 1320 3892 sint,
1369 3838 1499 3877 cum
1533 3820 1689 3876 Dcus
1724 3820 2094 3891 omnipotens
2126 3822 2181 3873 at

522 3916 912 3983 omnitenens,
933 3910 1400 3970 incommutabili
1432 3910 1775 3977 mternitate,
1801 3908 2060 3973 veritate,
2082 3925 2177 3963 vo-

522 4006 745 4062 luntate
763 4021 994 4077 semper
1012 4004 1187 4069 idem,
1216 4018 1331 4057 non
1360 4016 1461 4073 per
1482 4007 1714 4072 tempus
1740 4016 1843 4055 nec
1866 4014 1967 4071 per
1988 3998 2178 4053 locum

525 4100 743 4165 motus,
776 4098 966 4151 movet
995 4110 1097 4166 per
1142 4096 1375 4164 tempus
1424 4094 1751 4147 creaturam
1786 4088 2151 4161 spiritualem

523 4189 713 4241 movet
743 4186 917 4242 etiam
960 4201 1061 4257 per
1090 4189 1327 4254 tempus
1372 4185 1427 4237 et
1455 4180 1649 4235 locum
1684 4183 2010 4234 creaturam
2055 4195 2177 4233 cor-

524 4274 820 4349 poralem;
880 4281 943 4330 ut
989 4290 1053 4329 eo
1112 4276 1272 4328 motu
1334 4275 1575 4326 naturas
1626 4286 1773 4340 quas
1825 4268 2180 4323 intrinsecus

525 4365 850 4433 substituit,
883 4365 1054 4421 etiam
1105 4361 1505 4418 extrinsecus‘
1551 4358 1942 4421 administrat,
1976 4362 2033 4412 et
2081 4372 2183 4429 per

521 4454 851 4510 voluntates
882 4454 996 4527 sibi
1039 4453 1332 4521 subditas,
1365 4467 1512 4522 quas
1544 4466 1646 4520 per
1691 4454 1947 4520 tempus,
1982 4452 2038 4502 et
2078 4463 2182 4519 per

523 4559 765 4615 corpora
796 4542 902 4598 sibi
951 4546 1123 4613 atque
1154 4539 1272 4595 illis
1322 4537 1725 4594 voluntatibus
1760 4536 2016 4606 subdita,
2052 4553 2179 4607 quae

524 4650 627 4705 per
672 4637 906 4704 tempus
953 4636 1008 4687 et
1052 4631 1243 4685 locum
1296 4632 1505 4695 movet,
1540 4643 1606 4682 eo
1649 4632 1909 4699 tempore
1960 4643 2025 4681 ac
2056 4626 2179 4681 loco

523 4723 693 4794 cujus
726 4722 870 4777 ratio
920 4722 978 4775 in
1014 4721 1139 4793 ipso
1196 4724 1308 4773 Deo
1362 4718 1480 4772 vita
1512 4720 1599 4771 est
1647 4715 1773 4771 sine
1821 4720 2081 4788 tempore
2114 4733 2179 4771 ac

522 4812 647 4869 loco
682 4829 695 4867 :
728 4829 861 4867 cum
895 4827 1030 4883 ergo
1062 4809 1177 4864 tale
1227 4807 1446 4878 aliquid
1502 4806 1654 4861 Deus
1686 4805 1826 4877 agit,
1858 4822 1971 4859 non
2006 4806 2178 4859 debe-

522 4918 657 4957 mus
685 4901 909 4973 opinari
942 4900 1069 4970 ejus
1120 4895 1511 4953 substantiam
1564 4911 1679 4966 qua
1717 4900 1865 4949 Deus
1896 4899 2004 4959 est,
2039 4899 2181 4948 tem-

525 4991 764 5063 poribus
819 4990 1077 5060 locisque
1126 4984 1492 5053 mutabilem,
1526 4988 1629 5039 aut
1677 5001 1778 5055 per
1826 4988 2090 5055 tempora
2124 4986 2181 5039 et

524 5079 651 5136 loca
702 5080 1001 5145 mobilem,
1074 5077 1173 5132 sed
1227 5076 1284 5130 in
1334 5089 1505 5145 opere
1554 5071 1764 5128 divinae
1812 5073 2182 5143 providentiae

523 5170 636 5225 ista
685 5183 1083 5241 cognoscere;
1134 5182 1245 5221 non
1294 5164 1351 5218 in
1404 5162 1505 5216 illo
1557 5178 1730 5232 opere
1779 5178 1890 5232 quo
1938 5166 2183 5218 naturas

523 5264 700 5325 creat,
736 5260 837 5314 sed
871 5258 929 5311 in
960 5255 1058 5312 illo
1091 5272 1206 5328 quo
1238 5253 1591 5309 intrinsecus
1623 5254 1848 5304 creatas
1878 5251 2050 5305 etiam
2085 5268 2183 5307 ex-

524 5348 817 5403 trinsecus
850 5346 1241 5412 administrat,
1275 5358 1408 5397 cum
1441 5340 1522 5394 sit
1551 5338 1698 5410 ipse,
1728 5337 1889 5393 nullo
1921 5338 2181 5398 locorum

523 5437 611 5493 vel
630 5436 930 5493 intervallo
946 5436 1031 5492 vel
1052 5427 1741 5508 spatio,incommutabili
1761 5427 2182 5503 excellentique

525 5526 785 5598 potentia
803 5531 859 5582 et
876 5527 1117 5582 interior
1133 5521 1293 5580 omni
1314 5536 1394 5589 re,
1417 5518 1553 5589 quia
1571 5516 1630 5570 in
1652 5515 1779 5587 ipso
1803 5522 1941 5574 sunt
1962 5521 2179 5591 omnia,

525 5621 583 5672 et
610 5617 858 5672 exterior
887 5615 1046 5672 omni
1073 5629 1157 5680 re,
1176 5612 1316 5684 quia
1336 5610 1461 5679 ipse
1482 5609 1765 5678 estsuper
1794 5608 2013 5665 omnia.
2040 5610 2181 5667 Item

594 5721 609 5752 ι
636 5716 759 5771 Mss.
788 5715 991 5780 aliquot
1019 5713 1108 5763 hic
1137 5714 1190 5761 et
1217 5707 1377 5773 paulo
1406 5705 1564 5767 infra,
1598 5704 1754 5755 etiam
1782 5707 2104 5761 intrinsecus.

1392 297 1493 357 DE
1540 296 1820 359 GENESI
1866 298 1970 358 AD
2014 296 2443 375 LITTERAM,
2491 301 2555 362 S.
2604 302 3055 365 AUGUSTINI.

3820 307 3938 370 392

2271 430 2431 485 nullo
2451 434 2779 504 temporum
2797 432 2885 488 vel
2918 432 3223 489 intervallo
3253 434 3340 490 vel
3374 434 3583 508 spatio,
3603 436 3937 495 incommu-

2273 518 2440 574 tabili
2471 521 2791 577 aeternitate
2816 526 2871 576 et
2897 521 3197 593 antiquior
3214 528 3302 577 est
3326 523 3622 594 omnibus,
3647 526 3787 596 quia
3810 526 3939 598 ipse

2274 614 2364 663 est
2393 614 2527 664 ante
2554 610 2774 677 omnia,
2807 616 2862 666 et
2894 611 3096 666 novior
3126 612 3421 683 omnibus,
3456 615 3592 684 quia
3622 615 3776 669 idem
3812 618 3938 689 ipse

2276 703 2407 769 post
2438 700 2657 754 omnia.

2312 787 2543 843 CAPUT
2578 788 2795 844 XXVII.
2824 820 2886 830 —
2917 790 3192 857 Quomodo
3226 792 3433 846 locutus
3462 794 3531 846 sit
3561 794 3701 847 Deus
3734 794 3895 851 Adaz.

2349 876 2435 930 40.
2470 877 2831 949 Quapropter
2858 895 2991 933 cum
3024 880 3298 935 audimus
3337 881 3693 950 Scripturam
3728 884 3927 939 dicen-

2278 968 2417 1031 tem,
2467 968 2531 1021 Ει
2577 970 2831 1038 praecepit
2881 970 3143 1023 Dominus
3194 970 3333 1023 Deus
3383 970 3534 1037 Adae,
3582 971 3767 1025 dicens
3798 990 3816 1025 :
3858 973 3935 1026 Ab

2278 1057 2431 1109 omni
2458 1056 2609 1124 ligno
2626 1058 2767 1128 quod
2786 1066 2863 1112 est
2894 1058 2952 1110 in
2970 1058 3224 1128 paradiso
3249 1074 3368 1113 esca
3390 1060 3543 1124 edes;
3567 1062 3639 1114 de
3660 1061 3809 1130 ligno
3840 1078 3939 1115 au-

2279 1147 2386 1197 tem
2416 1146 2770 1214 cognoscendi
2799 1148 2997 1200 bonum
3025 1150 3079 1200 et
3107 1146 3348 1214 malum,
3388 1163 3499 1202 non
3526 1151 3935 1204 manducabitis

2278 1232 2343 1287 de
2374 1235 2489 1289 illo.
2520 1235 2638 1302 Qua
2656 1235 2745 1290 die
2768 1238 2950 1290 autem
2973 1237 3210 1291 oderitis
3232 1237 3298 1291 ab
3326 1253 3406 1303 eo,
3435 1241 3612 1292 morte
3642 1241 3935 1293 moriemi-

2280 1324 2375 1385 ni;
2406 1323 2453 1378 si
2489 1325 2725 1379 modum
2760 1324 3079 1395 quaerimus
3122 1326 3415 1396 quomodo
3449 1325 3561 1381 ista
3592 1325 3823 1381 locutus
3858 1328 3938 1382 sit

2280 1412 2454 1481 Deus,
2488 1414 2697 1469 modus
2728 1414 2960 1484 quidem
2996 1414 3119 1485 ipse
3151 1431 3183 1468 a
3214 1414 3383 1470 nobis
3415 1416 3645 1486 praprie
3676 1432 3938 1488 compre-

2280 1502 2455 1556 hendi
2489 1519 2603 1557 non
2656 1510 2850 1574 potest
2881 1520 2893 1558 :
2928 1503 3253 1558 certissime
3306 1509 3503 1559 tamen
3531 1509 3725 1560 tenere
3756 1506 3935 1560 debe-

2280 1607 2435 1656 mus,
2464 1591 2643 1646 Deum
2693 1598 2795 1647 aut
2826 1609 2927 1663 per
2971 1610 3140 1648 suam
3191 1594 3585 1648 substantiam
3620 1594 3803 1665 loqui,
3837 1600 3940 1650 aut

2282 1696 2385 1750 per
2414 1680 2524 1734 sibi
2548 1681 2847 1736 subditam
2873 1687 3197 1735 creaturam
3227 1706 3240 1747 ;
3274 1684 3374 1735 sed
3410 1697 3511 1752 per
3541 1682 3937 1737 substantiam

2282 1786 2449 1824 suam
2488 1786 2601 1823 non
2634 1770 2794 1841 loqui
2843 1770 2954 1825 nisi
3007 1772 3076 1825 ad
3109 1771 3388 1826 creandas
3436 1787 3640 1825 omnes
3672 1777 3938 1839 naturas,

2282 1860 2352 1913 ad
2386 1858 2721 1929 spirituales
2767 1876 2898 1914 vero
2930 1865 3103 1931 atque
3135 1858 3559 1914 intellectuales
3592 1877 3705 1914 non
3744 1860 3937 1915 solum

2282 1949 2583 2018 creandas,
2605 1950 2703 2003 sed
2728 1950 2901 2004 etiam
2923 1948 3364 2018 illuminandas,
3384 1952 3655 2019 cumjam
3688 1955 3938 2020 possunt

2284 2054 2487 2109 capere
2540 2038 2891 2094 locutionem
2938 2039 3086 2108 ejus,
3122 2037 3313 2109 qualis
3361 2042 3451 2093 est
3498 2039 3556 2093 in
3587 2038 3774 2093 Verbo
3806 2038 3936 2108 ejus

2284 2129 2437 2199 quod
2472 2128 2529 2182 in
2579 2129 2865 2199 principio
2918 2133 3043 2183 erat
3092 2128 3247 2199 apud
3297 2132 3500 2195 Deum,
3532 2133 3591 2183 et
3623 2132 3773 2183 Deus
3809 2133 3937 2182 erat

2282 2216 2560 2287 Verbum,
2595 2234 2696 2289 per
2725 2218 2876 2288 quod
2913 2217 3057 2272 facta
3110 2221 3249 2271 sunt
3277 2217 3475 2271 omnia
3508 2218 3688 2285 (Joan.
3724 2233 3761 2286 ι,
3798 2216 3939 2285 1-3).

2287 2305 2406 2361 Illis
2436 2313 2633 2361 autem
2668 2308 2765 2378 qui
2816 2323 2944 2362 eam
2976 2322 3181 2376 capere
3232 2322 3346 2360 non
3381 2311 3651 2376 possunt,
3692 2321 3826 2359 cum
3859 2304 3947 2360 lo-

2285 2396 2487 2465 quitur
2523 2397 2689 2465 Deus,
2743 2394 2978 2451 nonnisi
3010 2412 3113 2466 per
3157 2400 3480 2449 creaturam
3532 2394 3815 2466 loquitur,
3848 2398 3954 2449 aut

2284 2489 2693 2540 tantummodo
2745 2485 3140 2555 spiritualem,
3188 2484 3309 2538 sive
3342 2484 3399 2537 in
3451 2483 3698 2554 somnis,
3744 2483 3866 2538 sive
3895 2483 3956 2537 in

2285 2574 2494 2629 ecstasi
2514 2574 2568 2627 in
2586 2573 2970 2629 similitudine
2996 2590 3191 2628 rerum
3216 2572 3605 2644 corporalium
3626 2590 3639 2640 ;
3658 2572 3951 2627 autetiam

2287 2679 2388 2734 per
2420 2664 2605 2734 ipsam
2648 2663 3029 2733 corporalem,
3056 2663 3199 2717 dum
3250 2663 3523 2717 sensibus
3561 2661 3821 2733 corporis
3852 2660 3943 2715 vel

2287 2752 2481 2823 aliqua
2513 2752 2737 2824 species
2768 2756 3027 2823 apparet,
3061 2750 3147 2805 vel
3180 2750 3459 2805 insonant
3488 2767 3677 2806 voces.

2356 2843 2443 2895 50.
2470 2843 2526 2896 Si
2552 2858 2687 2913 ergo
2712 2842 2889 2895 Adam
2912 2840 3047 2896 talis
3073 2845 3220 2905 erat,
3243 2845 3307 2894 ut
3331 2847 3526 2912 posset
3551 2856 3756 2912 capere
3775 2839 3940 2894 illam

2287 2930 2637 2986 locutionem
2662 2930 2785 2997 Dei,
2810 2946 2985 3001 quam
3020 2930 3319 2984 mentibus
3338 2928 3618 3001 angelicis
3640 2945 3742 3001 per
3774 2945 3944 2984 suam

2288 3021 2503 3091 praeth
2519 3020 2946 3086 substantiam;
2979 3036 3092 3073 non
3116 3018 3507 3073 dubitandum
3527 3024 3617 3071 est
3637 3017 3793 3088 quod
3818 3018 3947 3087 ejus

2288 3116 2543 3165 mentem
2564 3126 2663 3180 per
2682 3113 2913 3181 tempus
2937 3107 3180 3163 moverit
3199 3108 3345 3162 miro
3370 3113 3427 3162 et
3451 3105 3726 3162 ineﬂ‘abili
3752 3107 3950 3175 modo,

2290 3216 2404 3254 non
2440 3203 2635 3254 motus
2665 3197 2790 3269 ipse
2822 3215 2924 3269 per
2954 3202 3209 3268 tempus,
3239 3197 3409 3267 eique
3442 3197 3584 3250 utile
3617 3211 3683 3249 ac
3714 3194 3951 3250 salubre

2289 3294 2639 3359 praeceptum
2657 3285 3004 3341 veritatisim
3016 3285 3314 3357 presserit,
3333 3290 3387 3339 et
3410 3302 3538 3357 quve
3564 3291 3961 3356 transgresso-

2288 3378 2335 3432 ri
2356 3395 2523 3449 poena
2540 3377 2868 3443 deberetur,
2898 3392 2965 3431 ea
2983 3375 3111 3447 ipsa
3135 3374 3512 3430 inell'abiliter
3528 3374 3765 3429 veritate
3788 3389 3953 3427 mon-

2289 3467 2559 3522 straverit
2592 3484 2604 3522 :
2640 3467 2792 3522 sicut
2817 3464 3143 3521 audiuntur
3164 3463 3249 3519 vel
3285 3464 3557 3518 videntur
3578 3462 3776 3517 omnia
3798 3462 3956 3517 bona

2289 3560 2571 3629 prmcepta
2601 3555 2658 3609 in
2694 3556 2820 3626 ipsa
2870 3552 3345 3607 incommutabili
3377 3551 3701 3624 Sapientia,
3736 3568 3863 3623 quae
3898 3551 3963 3606 in

2289 3646 2515 3702 animas
2549 3649 2785 3701 sanctas
2817 3659 2879 3697 se
2910 3644 3189 3697 transfert
3218 3642 3370 3711 (Sap.
3401 3659 3503 3708 vn,
3530 3642 3621 3709 27)
3656 3658 3723 3695 ex
3754 3639 3958 3711 aliquo

2288 3742 2564 3808 tempore,
2587 3734 2931 3805 cumipsius
2950 3731 3150 3787 nullus
3182 3733 3258 3787 sit
3292 3730 3561 3787 motusin
3587 3737 3862 3801 tempore.
3900 3729 3963 3784 Si

2288 3832 2485 3881 autem
2534 3825 2603 3879 ad
2659 3838 2794 3876 eum
2846 3821 3087 3877 modum
3139 3821 3322 3876 Adam
3352 3821 3553 3890 justus
3602 3824 3748 3884 erat,
3796 3823 3860 3873 ut
3910 3835 3962 3890 ei

2290 3915 2481 3971 adhuc
2532 3929 2679 3985 opus
2729 3914 2886 3966 esset
2934 3910 3175 3965 alterius
3227 3914 3505 3965 creaturae
3559 3908 3869 3963 sanctioris
3902 3914 3963 3962 et

2289 4001 2664 4078 sapientioris
2713 3999 3051 4069 auctoritas,
3085 4016 3187 4072 per
3233 4016 3407 4070 quam
3441 4002 3817 4070 cognosceret
3847 3996 3955 4053 Dei

2286 4094 2648 4151 voluntatem
2681 4089 3222 4162 atquejussionem,
3244 4089 3399 4143 sicut
3428 4088 3598 4143 nobis
3628 4086 3956 4157 Prophetas,

2290 4184 2445 4240 sicut
2496 4181 2641 4254 ipsis
2690 4179 2932 4252 Angeli;
2986 4195 3092 4236 cur
3135 4178 3491 4251 ambigimus
3543 4194 3644 4250 per
3690 4176 3955 4248 aliquam

2290 4272 2631 4345 hujusmodi
2673 4275 3001 4325 creaturam
3035 4269 3085 4324 ei
3119 4286 3247 4324 esse
3277 4267 3538 4323 locutum
3577 4268 3783 4333 Deum,
3814 4265 3957 4320 tali-

2290 4364 2401 4417 bus
2421 4377 2625 4417 vocum
2648 4359 2833 4431 signis
2856 4376 2980 4432 quae
3006 4358 3330 4430 intelligere
3347 4356 3590 4431 posset?
3623 4355 3770 4411 Illud
3799 4356 3959 4411 enirn

2292 4452 2443 4525 quod
2481 4454 2681 4523 postea
2712 4449 2998 4521 scriptum
3033 4453 3142 4515 est,
3176 4465 3308 4503 cum
3346 4450 3684 4520 peccassent
3715 4462 3813 4501 eos
3846 4462 3951 4499 au-

2288 4543 2447 4597 disse
2494 4557 2693 4596 vocem
2730 4538 2955 4594 Domini
3008 4538 3103 4593 Dei
3154 4537 3516 4593 ambulantis
3568 4536 3627 4590 in
3679 4536 3958 4608 paradiso

2288 4632 2437 4703 (Gen.
2474 4648 2558 4699 III,
2591 4631 2668 4701 8),
2703 4629 2840 4700 quia
2875 4645 2987 4682 non
3044 4645 3146 4701 per
3176 4628 3363 4699 ipsam
3399 4626 3499 4681 Dei
3533 4624 3957 4693 substantiam,

2289 4723 2388 4778 sed
2424 4737 2525 4793 per
2582 4719 2880 4775 subditam
2916 4717 2966 4773 ei
3012 4722 3340 4772 creaturam
3376 4716 3592 4771 factum
3646 4718 3754 4784 est,
3789 4713 3956 4769 nullo

2290 4811 2461 4865 modo
2493 4809 2726 4863 dubitat
2757 4806 2857 4877 qui
2910 4808 3082 4861 ﬁdem
3134 4805 3480 4861 catholicam
3518 4803 3690 4876 sapit.
3724 4804 3806 4857 Ad
3842 4803 3954 4858 hoc

2289 4901 2443 4955 enim
2477 4903 2532 4954 et
2561 4897 2860 4967 aliquanto
2893 4896 3069 4951 latius
3100 4897 3171 4951 de
3216 4895 3325 4949 hac
3359 4911 3419 4950 re
3450 4893 3737 4949 disserere
3766 4893 3949 4964 volui,

2291 4990 2430 5063 quia
2462 4986 2729 5043 nonnulli
2761 4985 3015 5042 haeretici
3046 4986 3129 5058 (a)
3156 4989 3364 5058 putant
3394 4984 3789 5041 substantiam
3818 4982 3951 5039 Filii

2289 5078 2388 5136 Dei
2423 5077 2582 5132 nullo
2614 5080 2918 5148 assumpto
2951 5092 3191 5149 corpore
3233 5092 3333 5147 per
3363 5074 3617 5146 seipsam
3652 5089 3781 5129 esse
3810 5072 3953 5127 visi-

2290 5168 2489 5237 bilem,
2523 5171 2578 5222 et
2608 5165 2736 5222 ideo
2769 5170 3081 5236 antequam
3114 5182 3183 5220 ex
3210 5164 3450 5236 Virgine
3481 5180 3695 5235 corpus
3727 5161 3953 5233 accipe-

2290 5262 2402 5317 ret.
2450 5258 2647 5329 ipsum
2696 5254 2883 5311 visum
2931 5272 3060 5312 esse
3106 5255 3379 5310 Patribus
3431 5252 3770 5326 cpinantur,
3820 5256 3953 5307 tan-

2291 5363 2467 5419 quam
2522 5346 2591 5401 de
2639 5344 2762 5401 solo
2815 5350 2926 5401 Deo
2981 5346 3147 5400 Patre
3195 5343 3419 5399 dictum
3469 5342 3564 5411 sit,
3599 5344 3762 5411 Quem
3794 5357 3958 5397 nemo

2292 5437 2581 5492 hominum
2629 5435 2791 5507 vidit,
2843 5451 2942 5491 nec
2990 5434 3171 5490 videre
3218 5437 3393 5505 potest
3442 5433 3485 5500 (Ι
3542 5434 3675 5487 Tim.
3711 5448 3786 5498 v1,
3824 5432 3949 5501 16);

2290 5526 2428 5599 quia
2459 5526 2639 5582 Filius
2672 5525 2833 5582 visus
2866 5525 2944 5582 sit
2975 5530 3106 5580 ante
3156 5528 3453 5595 acceptam
3490 5521 3639 5577 servi
3674 5519 3951 5587 formam,

2290 5618 2463 5673 etiam
2498 5632 2599 5688 per
2628 5616 2819 5689 ipsam
2853 5613 3241 5671 substantiam
3270 5630 3436 5669 suam
3474 5630 3485 5667 :
3519 5628 3644 5684 quae
3677 5611 3955 5683 impietas

2353 5716 2422 5779 (a)
2454 5716 2652 5766 Ariani.
