4066 6376
147 331 258 388 42ὅ

149 462 381 519 CAPUT
412 461 556 516 XXI.
582 492 649 500 —-
676 461 984 531 Christum,
1005 462 1056 515 si
1079 462 1459 515 inAbra/zamo
1484 456 1785 515 secundum

277 535 526 590 animam
565 534 784 603 luisset,
811 549 917 588 non
949 535 1193 603 potuisse
1224 549 1331 590 non
1362 533 1651 588 decimari.

216 662 304 715 37.
338 661 424 715 An
460 659 605 715 forte
635 659 832 714 dicent
864 676 877 714 :
914 658 1079 714 Sicut
1101 659 1289 731 potuit
1321 659 1401 714 ibi
1425 674 1553 715 esse
1585 672 1792 712 secun-

148 751 289 805 dum
330 764 563 804 carnem
597 751 655 803 et
702 764 817 802 non
868 748 1172 819 decimari,
1206 765 1309 803 cur
1342 765 1458 804 non
1492 747 1668 803 etiam
1703 763 1792 801 se-

149 839 407 895 cundum
432 838 690 893 animum
714 836 840 892 sine
870 836 1255 893 decimatione
1289 836 1569 909 potuerit:
1592 835 1687 891 hic
1703 851 1796 890 re-

150 930 490 1001 spondetur.
514 927 661 989 Quia
696 928 896 998 utique
926 925 1255 997 simplicem
1289 928 1496 983 animos
1517 927 1795 982 substan-

153 1018 289 1073 tiam
308 1016 682 1072 incrementis
696 1015 894 1087 augeri
910 1016 1443 1087 corporalibus,nec
1459 1016 1541 1071 illi
1558 1019 1796 1089 putave-

152 1112 287 1164 runt
308 1106 407 1179 qui
437 1122 567 1162 eam
608 1122 820 1178 corpus
850 1104 1212 1177 existimant,
1250 1123 1502 1179 quorum
1540 1106 1598 1161 in
1635 1108 1799 1179 parte

150 1202 289 1253 sunt
311 1196 561 1252 maxime
579 1195 676 1267 qui
692 1211 821 1250 eam
843 1211 910 1249 ex
924 1194 1263 1268 parentibus
1276 1196 1458 1251 creari
1478 1196 1801 1268 epinantur

148 1289 396 1344 Proinde
412 1287 468 1342 in
486 1286 744 1359 corporis
762 1286 987 1343 semine
1004 1291 1196 1359 potest
1210 1304 1337 1344 esse
1350 1288 1437 1343 vis
1458 1285 1797 1353 invisibilis,

149 1394 276 1450 quae
298 1374 741 1448 incorporaliter
770 1392 1047 1432 numeros
1071 1376 1215 1448 agit,
1232 1393 1344 1433 non
1366 1376 1555 1433 oculis
1578 1376 1680 1432 sed
1710 1375 1799 1431 in-

149 1466 383 1523 tellectu
442 1464 829 1521 discernenda
888 1466 959 1520 ab
992 1481 1061 1521 ea
1090 1465 1478 1538 corpulentia,
1514 1483 1637 1537 quis
1670 1465 1801 1521 visu

151 1560 426 1628 tactuque
440 1555 708 1623 sentitur;
725 1560 781 1610 et
795 1555 924 1627 ipsa
936 1556 1241 1627 quantitas
1254 1556 1513 1629 corporis
1530 1556 1799 1622 humani,

149 1663 276 1717 quae
298 1645 499 1718 utique
513 1644 817 1702 modulum
832 1645 1075 1701 seminis
1088 1645 1631 1718 incomparabiliter
1643 1662 1801 1702 exce-

150 1736 256 1803 dit,
271 1736 415 1791 satis
438 1735 697 1792 ostendit
718 1752 887 1806 posse
908 1735 1045 1791 inde
1067 1735 1290 1809 aliquid
1316 1736 1659 1807 sumi,quod
1683 1753 1799 1793 non

151 1825 536 1883 habeatillam
551 1825 663 1880 vim
690 1825 1165 1891 seminalem,sed
1184 1830 1413 1881 tantum
1436 1825 1799 1899 corporalem

150 1914 566 1983 substantiam,
592 1931 718 1986 quae
741 1914 1045 1985 divinitus,
1073 1932 1185 1970 non
1211 1916 1280 1971 de
1308 1916 1629 1989 propagine
1660 1932 1800 1974 con-

151 2004 642 2075 cumbentium,in
664 2021 898 2059 carnem
917 2004 1130 2060 Christi
1155 2011 1464 2077 assumpta
1480 2011 1657 2079 atque
1680 2007 1800 2063 for-

154 2100 311 2152 mata
332 2096 565 2150 est.Hoc
585 2098 779 2149 autem
806 2095 874 2149 de
898 2095 1095 2150 anima
1116 2094 1248 2166 quis
1261 2096 1454 2151 valeat
1481 2098 1798 2165 afﬁrmare,

150 2186 308 2258 quod
327 2190 639 2256 utrumque
660 2183 952 2248 habeat,et
971 2185 1275 2240 materiam
1293 2186 1537 2241 seminis
1562 2187 1801 2242 manife-

150 2281 326 2342 stam,
352 2280 408 2329 et
425 2273 708 2329 rationem
728 2272 971 2330 seminis
988 2274 1279 2330 occultam
1300 2275 1446 2331 ?Sed
1471 2277 1611 2348 quid
1636 2277 1799 2332 labo-

150 2381 274 2421 rem
326 2364 383 2418 in
410 2380 469 2419 re
490 2380 618 2435 quae
643 2363 947 2435 persuderi
972 2362 1163 2420 verbis
1186 2365 1407 2421 nemini
1433 2366 1680 2422 forsitan
1706 2383 1801 2439 po-

148 2458 286 2521 test,
311 2454 425 2510 nisi
466 2458 699 2508 tantum
727 2469 791 2508 ac
815 2452 929 2508 tale
953 2452 1259 2526 ingenium
1283 2454 1379 2523 sit,
1429 2455 1581 2527 quod
1611 2456 1800 2527 possit

148 2544 446 2615 loquentis
470 2542 780 2615 przevolare
804 2548 1215 2611 conatum,nec
1238 2548 1425 2601 totum
1465 2552 1801 2617 exspectare

151 2652 186 2690 a
207 2632 506 2689 sermone?
532 2631 785 2688 Breviter
802 2632 1000 2704 itaque
1022 2632 1293 2705 colligam
1320 2652 1333 2690 :
1360 2634 1409 2690 si
1432 2636 1622 2707 potuit
1643 2640 1701 2690 et
1730 2637 1801 2692 de

150 2723 352 2777 anima
384 2722 507 2777 fieri
525 2722 705 2793 (quod
732 2738 865 2777 cum
885 2723 955 2777 de
975 2739 1150 2778 carne
1169 2723 1526 2795 diceremus,
1554 2725 1799 2781 forsitan

150 2812 513 2868 intellectum
536 2810 654 2881 sit),
678 2810 759 2866 ita
777 2817 864 2866 est
892 2812 964 2867 de
992 2813 1231 2868 traduce
1258 2814 1455 2870 anima
1472 2814 1713 2884 Christi,
1738 2820 1803 2871 ut

151 2917 268 2957 non
303 2917 501 2957 secum
523 2899 715 2956 labem
749 2902 1241 2972 praevaricationis
1274 2904 1665 2973 attraxerit,si
1696 2922 1800 2961 au-

149 2995 269 3045 tem
302 2991 428 3046 sine
481 2989 595 3045 isto
628 2995 792 3046 reatu
828 3007 941 3045 non
975 2996 1164 3063 posset
1196 2992 1332 3049 inde
1362 3010 1511 3063 esse,
1567 3012 1681 3051 non
1714 3000 1804 3053 est

148 3080 306 3136 inde.
331 3080 464 3137 Jam
485 3081 556 3136 de
577 3085 916 3136 czeterarum
944 3082 1277 3139 animarum
1310 3084 1579 3153 advento,
1600 3089 1799 3141 utrum

148 3188 219 3227 ex
241 3170 582 3243 parentibus
604 3187 673 3225 an
698 3171 948 3243 desuper
969 3175 1066 3240 sit,
1085 3171 1320 3229 vincant
1342 3174 1442 3245 qui
1461 3176 1761 3246 potuerint
1784 3192 1797 3232 :

147 3277 256 3333 ego
289 3261 481 3316 adhuc
511 3260 663 3316 inter
694 3268 971 3333 utrosque
1005 3262 1261 3335 ambigo,
1292 3267 1350 3319 et
1408 3282 1661 3332 moveor,
1695 3265 1800 3322 ali-

148 3352 389 3422 quando
420 3350 524 3416 sic,
559 3349 873 3421 aliquando
904 3355 1101 3407 autem
1134 3353 1240 3423 sic,
1273 3353 1433 3410 salvo
1467 3372 1532 3411 eo
1587 3356 1801 3413 dunta-

147 3445 271 3511 xat,
306 3444 370 3495 ut
400 3439 483 3495 vel
505 3456 717 3512 corpus
739 3456 866 3496 esse
897 3441 1180 3508 animam,
1214 3442 1298 3498 vel
1326 3443 1578 3516 aliquam
1603 3462 1803 3519 corpo-

148 3546 313 3587 ream
345 3529 686 3601 qualitatcm
718 3531 836 3586 sive
866 3530 1315 3603 coaptationem,
1358 3534 1407 3590 si
1437 3534 1517 3591 ita
1557 3535 1804 3591 dicenda

148 3625 261 3686 est,
293 3637 471 3692 quam
503 3619 684 3675 Graeci
718 3618 976 3694 ἁρμονίαν
1012 3626 1238 3690 vocant,
1274 3640 1387 3679 non
1414 3626 1670 3697 credam,
1697 3643 1803 3682 nec

147 3710 417 3782 quolibet
448 3712 562 3765 ista
590 3710 881 3781 garriente
922 3728 1015 3767 me
1048 3712 1409 3769 crediturum
1460 3730 1589 3771 esse
1620 3716 1802 3771 confl-

150 3802 316 3866 dam,
349 3800 662 3871 adjuvante
693 3799 807 3856 Deo
840 3805 1096 3857 mentem
1130 3818 1345 3858 meam.

145 3926 382 3983 CAPUT
409 3925 574 4003 XXII.
611 3957 679 4003 —_
713 3928 937 4003 Utrique
966 3929 1218 3998 opinioni
1248 3931 1320 4003 de
1347 3931 1558 3987 animm
1588 3933 1803 4003 origine

174 3999 618 4054 accommodatur
651 3999 800 4055 locus
832 4000 933 4056 ille
950 4003 1219 4058 Joannis:
1237 4002 1396 4067 Quod
1422 4008 1647 4073 natum,
1668 3999 1770 4059 etc.

221 4125 314 4180 38.
348 4125 449 4181 Est
465 4124 622 4180 aliud
642 4125 1047 4181 testimonium
1071 4144 1187 4183 non
1207 4126 1619 4199 negligendum
1645 4130 1800 4201 quod

146 4233 255 4287 pro
281 4231 343 4270 se
375 4220 623 4286 possunt
656 4216 930 4287 proferre,
965 4216 1060 4288 qui
1085 4215 1282 4274 venire
1306 4217 1556 4290 desuper
1573 4218 1802 4275 animas

146 4306 420 4372 credunt,
454 4305 682 4361 dicente
731 4305 859 4377 ipso
891 4306 1137 4362 Domino
1174 4323 1186 4363 :
1221 4308 1373 4376 Quod
1404 4318 1592 4364 natum
1629 4314 1707 4364 est
1734 4326 1805 4365 ea:

144 4410 337 4460 carne,
361 4410 489 4450 caro
519 4403 639 4459 est;
666 4397 721 4450 et
747 4396 889 4465 quod
906 4404 1099 4451 natum
1122 4401 1203 4452 est
1226 4413 1296 4452 ea:
1323 4399 1546 4469 spiritu,
1570 4400 1803 4470 spiritus

146 4485 424 4556 est(.loan.
452 4484 790 4555 111,6).Quid
818 4483 950 4551 hac,
984 4484 1281 4556 inquiunt,
1302 4487 1593 4542 sententia
1615 4488 1804 4543 deter-

151 4572 460 4638 minatius,
486 4590 597 4627 non
632 4589 799 4645 posse
830 4590 897 4629 ex
928 4591 1101 4629 carne
1134 4573 1393 4630 animam
1428 4576 1632 4631 nasci?
1656 4575 1803 4640 Quid

147 4668 241 4718 est
269 4661 429 4717 enim
460 4660 617 4717 aliud
651 4661 869 4729 anima,
901 4679 1077 4733 quam
1111 4662 1355 4735 spiritus
1389 4664 1540 4734 vitae,
1570 4670 1805 4723 creatus

150 4753 382 4824 utique,
415 4769 530 4808 non
571 4750 847 4809 creator?
879 4756 1093 4808 Contra
1151 4770 1299 4826 quos
1336 4753 1421 4808 illi
1470 4754 1570 4809 alii
1606 4772 1619 4811 :
1654 4755 1802 4819 Quid

150 4844 340 4910 enim,
391 4842 687 4913 inquiunt,
716 4859 822 4898 nos
870 4840 1026 4897 aliud
1060 4844 1374 4913 sentimus,
1404 4844 1504 4915 qui
1554 4844 1807 4903 dicimus

151 4950 392 4989 carnem
427 4949 493 4986 ex
512 4949 704 4997 carne,
738 4932 995 4987 animum
1022 4950 1087 4987 ex
1118 4933 1317 4989 anima
1342 4935 1365 4988 Ρ
1396 4935 1538 4991 Nam
1559 4953 1626 4990 ex
1652 4939 1807 4991 utro-

152 5040 271 5096 que
305 5027 534 5077 constat
564 5020 760 5092 homo,
808 5023 877 5077 de
904 5040 1019 5093 quo
1052 5027 1369 5096 utrumque
1401 5025 1595 5079 venire
1626 5026 1808 5081 senti-

154 5128 564 5183 mus,carnem
584 5112 654 5168 de
672 5127 844 5168 carne
866 5113 1189 5184 Operantis,
1212 5113 1488 5185 spiritum
1512 5114 1582 5169 de
1596 5114 1806 5187 spiritu

151 5201 651 5275 concuipiscentis
698 5218 710 5257 :
755 5206 820 5256 ut
851 5201 1085 5257 interim
1118 5202 1442 5271 omittatur,
1474 5203 1627 5275 quod
1660 5203 1808 5258 illud

156 5293 444 5351 Dominus
477 5308 592 5347 non
626 5292 696 5346 de
728 5292 945 5347 carnali
979 5292 1378 5364 generatione,
1409 5295 1511 5349 sed
1537 5294 1608 5349 de
1630 5293 1808 5366 spiri-

155 5383 304 5441 tuali
338 5380 779 5455 regeneratione
808 5381 1058 5437 diccbat.

153 5510 392 5568 CAPUT
452 5507 646 5564 XXIII.
678 5537 747 5549 —-
783 5512 872 5564 Ex
900 5507 1114 5565 duabus
1162 5508 1228 5564 de
1282 5510 1475 5565 anima
1520 5512 1816 5567 sententiis

227 5598 496 5651 quanam
559 5580 958 5651 praeponderet.
1035 5582 1374 5638 Consuetudo
1428 5583 1690 5640 Ecclesia:
1748 5586 1807 5639 in

228 5658 512 5728 Baptismo
540 5653 920 5724 parvulorum.

227 5765 315 5819 39.
352 5762 455 5819 Ilis
496 5760 679 5833 igitur
733 5764 1023 5831 quantum
1072 5776 1174 5833 pro
1213 5765 1474 5835 tempore
1510 5762 1811 5835 potuimus

487 5892 759 5951 PATROL.
806 5888 1077 5951 XXXIV.

1540 325 1769 385 LIBER
1812 320 2183 382 DECIMUS.

3446 324 3564 380 426

1893 453 2287 526 pertractatis,
2338 455 2538 510 omnia
2580 456 2744 527 paria
2794 454 2878 510 vel
2940 469 3086 526 pene
3118 454 3282 524 paria
3305 470 3374 509 ex
3404 460 3562 510 utro-

1898 559 2011 614 que
2049 542 2248 627 latere,
2283 544 2577 600 rationum
2624 544 3221 615 testimoniorumque
3260 549 3564 600 momenta

1899 633 2361 704 pronuntiarem,
2396 633 2509 688 nisi
2544 650 2745 689 eorum
2768 634 3061 690 sententia
3097 633 3195 704 qui
3232 633 3461 689 animas
3495 650 3565 689 ex

1902 722 2246 793 parentibus
2277 723 2457 777 creari
2492 728 2721 795 putant,
2748 724 2818 779 de
2850 723 3146 795 baptismo
3179 722 3563 796 parvulorum

1905 813 2477 884 praepondareretDe
2500 814 2717 884 quibus
2737 814 2879 885 quid
2903 813 2986 870 eis
3010 813 3350 885 responderi
3374 813 3564 885 possit

1906 901 2168 957 nondum
2194 901 2337 957 mihi
2372 902 2606 958 interim
2632 902 2920 959 occurrit:
2956 904 3005 959 si
3033 902 3173 974 quid
3195 902 3341 959 forte
3362 906 3566 975 postea

1907 994 2058 1046 Deus
2081 991 2381 1059 dederit,si
2405 1009 2581 1064 quam
2604 993 2779 1049 etiam
2803 992 3097 1049 scribendi
3115 992 3562 1049 concesseritfa-

1910 1079 2189 1137 cultatem
2222 1082 2505 1138 studiosis
2550 1081 2899 1155 talium,non
2940 1081 3243 1155 gravabor.
3268 1086 3436 1138 Nunc
3474 1086 3562 1138 ta-

1910 1186 2040 1227 men
2078 1188 2191 1226 non
2214 1188 2343 1227 esse
2380 1173 2878 1229 contemnendum
2904 1172 3311 1229 testimonium
3347 1188 3561 1244 parvu-

1907 1259 2194 1327 lorum,ut
2216 1260 2385 1332 quasi
2416 1261 2679 1333 refelli,si
2700 1263 2913 1318 veritas
2935 1267 3137 1319 contra
3159 1266 3270 1332 est,
3296 1261 3559 1335 negliga-

1907 1354 2166 1421 tur,ante
2179 1351 2460 1407 denuntio
2484 1369 2497 1408 :
2524 1357 2625 1407 aut
2653 1352 2810 1409 enim
2829 1353 2899 1408 de
2918 1352 3026 1408 hac
3049 1369 3110 1408 re
3131 1351 3278 1408 nihil
3304 1368 3562 1424 quaeren-

1909 1439 2050 1495 dum
2072 1443 2255 1508 est,ut
2275 1440 2527 1497 sufﬁciat
2548 1441 2682 1498 fidei
2705 1445 2915 1497 nostras
2938 1441 3087 1497 scire
3108 1458 3216 1498 nos
3228 1457 3343 1513 quo
3368 1440 3459 1513 pie
3480 1440 3563 1495 vi-

1908 1530 2096 1585 vendo
2120 1530 2347 1586 venturi
2374 1548 2605 1597 sumus,
2638 1530 2750 1587 etsi
2780 1531 3118 1588 nesciamus
3143 1532 3300 1588 unde
3336 1530 3563 1587 veneri-

1908 1636 2071 1677 mus:
2094 1625 2197 1677 aut
2221 1620 2271 1677 si
2296 1638 2412 1677 non
2428 1621 2801 1694 impudenter
2814 1625 3023 1678 aestuat
3042 1623 3241 1677 anima
3256 1620 3564 1678 rationalis

1909 1709 2088 1765 etiam
2110 1709 2219 1766 hoc
2242 1727 2415 1767 nosse
2434 1711 2505 1766 de
2526 1709 2743 1783 seipse,
2777 1710 2933 1767 absit
2956 1710 3298 1783 pervicacia,
3323 1714 3562 1767 conten-

1908 1798 2584 1872 dendi,adsitdiligentia
2608 1799 3280 1873 requirendi,humilitas
3304 1799 3558 1873 petendi,

1909 1889 2344 1960 perseverantia
2366 1888 2670 1961 pulsandi;
2694 1894 2757 1946 ut
2782 1892 2833 1946 si
2856 1889 3025 1946 nobis
3042 1890 3151 1947 hoc
3172 1889 3443 1963 expedire
3466 1906 3563 1945 no-

1908 1977 2117 2050 vit,qui
2144 1977 2355 2034 melius
2373 1996 2547 2051 quam
2572 1996 2678 2036 nos
2701 1979 2841 2052 quid
2868 1980 3038 2036 nobis
3063 1980 3333 2053 expediat
3357 1979 3561 2051 utique

1911 2067 2090 2134 novit,
2123 2068 2221 2123 det
2269 2068 2446 2125 etiam
2496 2069 2626 2136 hoc,
2665 2070 2765 2141 qui
2796 2070 2897 2126 dat
2921 2071 3075 2127 bona
3097 2071 3236 2126 data
3267 2068 3407 2125 ﬁliis
3435 2070 3560 2125 suis

1910 2157 2229 2229 (Matth.vu,
2247 2159 2419 2232 7,11),
2445 2159 2816 2215 Consuetudo
2834 2164 3032 2215 tamen
3056 2160 3265 2215 matris
3286 2158 3559 2216 Ecclesiae

1907 2246 1967 2303 in
1991 2248 2359 2321 baptizandis
2394 2248 2653 2320 parvulis
2686 2266 3059 2321 nequaquam
3086 2249 3417 2321 spernenda
3448 2254 3559 2316 est,

1909 2354 2099 2409 neque
2130 2336 2247 2393 ullo
2278 2341 2450 2394 modo
2473 2338 2774 2411 superflua
2801 2338 3165 2411 deputanda,
3190 2355 3295 2394 nec
3317 2337 3557 2394 omnino

1910 2425 2201 2482 credenda
2222 2426 2336 2483 nisi
2352 2427 2673 2499 apostolica
2694 2432 2850 2483 esset
2869 2427 3489 2484 traditio.Habetenim
3508 2432 3565 2483 et

1909 2515 2010 2572 illa
2040 2533 2215 2587 parva
2244 2520 2383 2571 astas
2432 2532 2715 2589 magnum
2749 2516 3070 2573 testimonii
3124 2516 3373 2589 pondus,
3429 2534 3555 2587 quae

1910 2604 2101 2678 prima
2132 2623 2236 2679 pro
2263 2605 2493 2662 Christo
2525 2606 2742 2663 meruit
2770 2607 3121 2679 sanguinem
3148 2607 3413 2663 fundere.

1908 2767 2140 2824 CAPUT
2171 2766 2357 2824 XXIV.
2391 2798 2460 2807 —
2492 2767 2633 2836 Quid
2661 2767 2969 2823 cauendum
2999 2766 3088 2823 his
3125 2768 3224 2839 qui
3252 2768 3557 2840 opinantur

2364 2843 2583 2896 animas
2610 2855 2726 2897 esse
2761 2855 2831 2897 ex
2860 2840 3103 2896 traduce.

1980 2984 2069 3038 40.
2105 2984 2403 3040 Admoneo
2440 2999 2604 3052 sane,
2645 2986 2934 3055 quantum
2965 2982 3147 3054 valeo,
3180 2982 3230 3038 si
3263 2999 3411 3055 quos
3443 2982 3560 3039 ista

1910 3073 2337 3146 przeoccupavit
2366 3073 2585 3145 opinio,
2617 3077 2683 3129 ut
2712 3073 2942 3129 animus
2974 3089 3041 3129 ex
3070 3073 3412 3144 parentibus
3436 3089 3562 3128 cre-

1910 3165 2054 3220 dant
2084 3163 2415 3236 propagari,
2436 3169 2724 3236 quantum
2758 3167 3004 3235 possunt
3032 3162 3258 3235 seipsos
3290 3162 3561 3218 conside-

1912 3256 2061 3319 rent,
2093 3256 2148 3309 et
2177 3253 2416 3308 interim
2462 3252 2695 3325 sapiant
2725 3269 2970 3324 corpora
3026 3270 3141 3309 non
3175 3268 3305 3307 esse
3334 3251 3564 3307 animas

1911 3361 2072 3400 suas.
2101 3342 2275 3398 Nulla
2304 3342 2460 3397 enim
2484 3342 2721 3414 propior
2752 3347 2960 3398 natura
2984 3346 3092 3410 est,
3117 3359 3233 3414 qua
3254 3341 3568 3413 diligenter

1912 3434 2199 3505 inspecta,
2220 3432 2409 3503 possit
2430 3431 2607 3487 etiam
2633 3436 2805 3503 Deus,
2822 3431 2922 3504 qui
2947 3449 3128 3505 supra
3151 3448 3385 3488 omnem
3407 3447 3567 3487 crea-

1912 3528 2105 3579 turam
2139 3538 2309 3577 suum
2342 3521 2844 3577 incommutabilis
2866 3526 3190 3593 permanet,
3224 3520 3566 3593 incorpora-

1911 3613 2043 3668 liter
2090 3611 2357 3684 cogitari,
2409 3628 2588 3682 quam
2620 3628 2687 3667 ea
2717 3627 2844 3683 quae
2875 3612 2946 3667 ad
3001 3610 3187 3683 ipsius
3243 3611 3559 3683 imaginem

1914 3704 2065 3759 facta
2112 3706 2238 3758 est:
2279 3705 2336 3757 et
2366 3700 2512 3756 nihil
2543 3701 2816 3766 vicinius.
2848 3706 2950 3757 aut
2978 3702 3227 3757 fortasse
3260 3700 3404 3755 nihil
3438 3705 3561 3756 tam

1912 3808 2485 3864 consequens,quam
2509 3792 2806 3847 utcredito
2829 3792 2985 3863 quod
3009 3791 3205 3847 anima
3220 3808 3436 3863 corpus
3458 3790 3556 3857 sit,

1911 3883 2088 3939 etiam
2124 3883 2273 3937 Deus
2291 3898 2503 3954 corpus
2534 3898 2662 3938 esse
2691 3880 3233 3953 credatur.Propter
3261 3880 3370 3936 hoc
3399 3880 3557 3936 enim

1911 3970 2316 4045 corporalibus
2348 3971 2663 4027 assuefacti
2692 3975 2749 4028 et
2797 3972 2988 4027 affecti
3019 3971 3315 4039 sensibus,
3349 3970 3561 4026 nolunt

1912 4063 2175 4118 animam
2236 4062 2470 4118 credere
2530 4061 2688 4117 aliud
2750 4078 2879 4117 esse
2923 4078 3103 4133 quam
3134 4077 3367 4133 corpus,
3404 4077 3476 4116 ne
3508 4059 3556 4115 si

1912 4168 2125 4225 corpus
2149 4168 2265 4208 non
2295 4151 2761 4219 fuerit,nihilsit:
2819 4169 2883 4209 ac
2915 4169 3017 4225 per
3048 4152 3157 4208 hoc
3188 4155 3345 4209 tanto
3372 4151 3563 4221 magis

1914 4243 2125 4299 timent
2154 4241 2330 4298 etiam
2366 4242 2438 4298 de
2469 4242 2585 4298 Deo
2615 4242 2850 4298 credere
2880 4242 3033 4313 quod
3066 4257 3279 4312 corpus
3311 4257 3426 4296 non
3466 4240 3565 4305 sit,

1916 4336 2134 4404 quanto
2176 4331 2365 4404 magis
2396 4332 2604 4388 timent
2640 4336 2821 4387 Deum
2853 4333 3088 4387 credere
3118 4329 3266 4386 nihil
3298 4347 3444 4386 esse.
3486 4331 3569 4385 Ita

1919 4422 2075 4479 enim
2097 4422 2366 4478 feruntur
2388 4422 2444 4476 in
2464 4420 2807 4493 phantasias
2821 4420 2906 4476 vel
2922 4421 3337 4493 phantasmata
3359 4420 3571 4492 imagi-

1916 4528 2217 4583 num,qua3
2240 4510 2519 4582 cogitatio
2544 4511 2613 4565 de
2636 4509 2984 4582 corporibus
3004 4514 3289 4579 versat,ut
3315 4510 3407 4566 his
3429 4510 3571 4565 sub-

1914 4601 2118 4658 tractis
2138 4605 2420 4673 tanquam
2446 4618 2548 4672 per
2579 4601 2753 4656 inane
2780 4601 3147 4672 pereundum
3180 4600 3277 4673 sit,
3302 4599 3571 4659 reformi-

1916 4690 2074 4746 dent.
2106 4690 2191 4746 Ita
2220 4706 2460 4747 necesse
2498 4693 2588 4745 est
2618 4693 2681 4745 ut
2714 4695 2770 4746 et
2801 4690 3098 4761 justitiam
3131 4695 3189 4746 et
3218 4690 3573 4762 sapientiam

1916 4779 2162 4853 pingant
2189 4779 2627 4851 quodammodo
2651 4779 2709 4834 in
2734 4779 3012 4835 cordibus
3036 4780 3162 4835 suis
3190 4796 3324 4835 cum
3368 4779 3577 4835 formis

1916 4874 1972 4925 et
1990 4868 2461 4940 coloribus,quas
2489 4886 2602 4924 non
2626 4873 2876 4939 possunt
2897 4869 3271 4940 incorporeas
3285 4869 3571 4941 cogitare:

1917 4976 2022 5014 nec
2056 4965 2254 5013 tamen
2276 4958 2997 5029 dicunt,quandojustitia
3014 4958 3104 5012 vel
3128 4958 3419 5030 sapientia
3442 4975 3571 5014 mo-

1914 5052 2143 5115 ventur,
2170 5046 2254 5102 vel
2306 5046 2551 5103 laudent
2596 5064 2719 5116 eas,
2750 5046 2837 5102 vel
2866 5048 3192 5103 secundum
3226 5063 3325 5104 eas
3350 5047 3573 5119 aliquid

1916 5142 2118 5209 agant,
2150 5154 2325 5208 quem
2376 5136 2652 5207 colorem,
2678 5154 2855 5209 quam
2894 5142 3205 5208 staturam,
3234 5154 3361 5209 quae
3384 5137 3571 5194 linea-

1918 5230 2117 5282 menta
2148 5226 2235 5282 vel
2269 5225 2476 5297 quales
2510 5228 2729 5282 formas
2778 5226 3207 5299 conspexerint.
3241 5228 3353 5283 Sed
3380 5228 3450 5283 de
3480 5227 3575 5283 his

1919 5316 2065 5373 alias
2088 5321 2144 5372 et
2166 5315 2495 5387 multajam
2521 5316 2802 5384 diximus,
2838 5322 2894 5373 ct
2922 5318 2971 5372 si
3000 5319 3149 5374 Deus
3178 5316 3450 5387 voluerit,
3474 5318 3575 5373 ubi

1920 5423 2010 5462 res
2044 5406 2336 5462 videbitur
2367 5404 3175 5477 postulare,dicemus.Nunc
3192 5409 3346 5480 quod
3383 5409 3577 5465 dicere

1921 5512 2307 5567 coeperamus,
2368 5496 2518 5552 side
2566 5496 2809 5551 traduce
2862 5497 3197 5554 animarum
3229 5514 3264 5555 a
3319 5499 3575 5572 parenti-

1920 5586 2033 5641 bus
2064 5583 2151 5641 vel
2184 5602 2299 5640 non
2333 5584 2609 5641 dubitant
2630 5585 2872 5657 quidam
2900 5588 3057 5659 quod
3081 5588 3161 5644 ita
3184 5589 3378 5659 sit,vel
3401 5588 3577 5645 dubi-

1920 5678 2049 5731 tant
2080 5691 2151 5730 an
2182 5674 2263 5731 ita
2304 5676 2403 5745 sit,
2447 5675 2705 5730 animum
2766 5680 2961 5731 tamen
3022 5694 3239 5751 corpus
3277 5695 3407 5735 esse
3462 5696 3577 5735 non

1919 5766 2177 5822 audeant
2206 5766 2440 5821 credere
2474 5771 2576 5821 aut
2600 5766 2793 5821 dicere
2819 5784 2831 5836 ;
2868 5768 3122 5825 maxime
3155 5775 3395 5843 propter
3425 5768 3579 5842 quod

3192 5901 3267 5962 Νι
