4066 6352
152 375 272 435 449

154 513 252 565 est
278 508 436 580 quod
473 506 733 579 puderet.
762 504 979 560 Eldixit
1003 503 1193 571 Adam,
1213 503 1409 558 Mulier
1430 514 1593 571 quam
1613 494 1810 550 dedisti

162 614 404 664 mecum,
441 596 556 651 haec
584 595 725 649 mihi
754 594 909 649 dedit
939 611 973 648 a
1003 594 1170 663 ligno,
1189 600 1239 647 et
1258 589 1475 647 edi.Eia
1504 581 1807 659 superbiai

159 686 448 757 numquid
510 685 672 751 dixit,
696 682 1006 739 Peccavit?
1038 682 1221 737 Habet
1251 676 1611 736 confusionis
1632 674 1815 730 defor-

159 776 446 839 mitatem,
470 779 525 830 et
548 791 661 829 non
682 772 858 828 habet
880 771 1264 827 confessionis
1286 767 1701 823 humilitatem.
1728 762 1815 817 Ad

160 869 273 923 hoc
296 868 407 922 ista
433 865 763 936 conscripta
792 868 951 930 sunt,
997 863 1137 933 quia
1159 866 1216 917 et
1237 862 1376 932 ipsae
1404 854 1817 933 interrogatio-

162 975 269 1013 nes
300 956 582 1011 nimirum
615 956 685 1009 ad
715 954 824 1009 hoc
856 955 1016 1008 factae
1040 956 1195 1021 sunt,
1230 955 1295 1005 ut
1318 947 1599 1005 veraciter
1621 948 1679 1000 et
1709 942 1819 999 uti-

164 1047 299 1101 liter
329 1046 749 1111 scriberentur;
788 1044 924 1114 quia
955 1042 1003 1097 si
1036 1040 1415 1106 mendaciter,
1458 1054 1574 1093 non
1616 1034 1820 1105 utique

110 1128 117 1133 ’
165 1137 476 1191 utiliter:ut
488 1135 558 1189 ad
568 1139 1007 1204 vertamus,quo
1020 1132 1225 1186 morbo
1244 1128 1531 1201 superbiae
1552 1125 1821 1182 laborent

161 1225 434 1282 homines
456 1225 650 1289 hodie,
672 1240 784 1279 non
794 1222 921 1278 nosi
936 1222 994 1277 in
1008 1223 1333 1277 Creatorem
1350 1221 1629 1274 conantes
1644 1214 1819 1271 refer-

163 1332 223 1369 re
249 1315 296 1369 si
329 1314 467 1386 quid
492 1312 713 1385 egerint
736 1310 1046 1377 mali,eum
1071 1309 1184 1365 sibi
1212 1304 1581 1364 velinttribui
1602 1306 1652 1361 si
1677 1302 1819 1375 quid

161 1404 389 1477 egerint
409 1402 566 1459 boni.
592 1402 825 1468 Mulier,
862 1399 1076 1472 inquit,
1103 1416 1265 1470 quam
1286 1397 1486 1452 dedisti
1505 1410 1738 1464 mecum,
1762 1390 1821 1447 id

163 1499 254 1550 est
276 1510 454 1565 quam
487 1491 698 1548 dedisti
733 1494 797 1545 ut
825 1493 982 1545 esset
1012 1505 1265 1555 mecum,
1290 1488 1405 1543 haec
1432 1487 1576 1541 mihi
1616 1483 1762 1540 dedit
1790 1499 1826 1539 a

164 1585 346 1655 ligno,
376 1586 427 1638 et
456 1581 586 1638 edi:
634 1580 804 1653 quasi
836 1579 908 1634 ad
940 1578 1050 1633 hoc
1081 1579 1219 1634 data
1271 1579 1365 1647 sit,
1401 1581 1466 1632 ut
1522 1591 1638 1631 non
1696 1574 1827 1648 ipsa

174 1674 381 1746 potius
413 1671 673 1727 obediret
701 1669 843 1737 viro,
877 1673 932 1724 et
953 1669 1127 1724 ambo
1158 1674 1294 1724 Deo.

238 1759 327 1813 48.
350 1760 413 1812 Et
428 1758 571 1814 dixit
596 1758 860 1812 Dominus
887 1760 1030 1811 Deus
1058 1755 1305 1823 mulieri,
1326 1752 1468 1821 Quid
1490 1753 1588 1809 hoc
1605 1752 1829 1823 fecisti?

168 1851 234 1905 Et
255 1848 399 1903 dixit
420 1847 640 1912 mulier,
656 1846 884 1917 Serpens
904 1845 1123 1901 seduxit
1142 1862 1246 1912 me,
1271 1848 1323 1899 et
1341 1842 1688 1899 manducavi.
1712 1840 1830 1897 Nec

171 1939 289 1993 ista
309 1937 622 1992 confitetur
643 1934 1148 2008 peccatum,sedin
1172 1934 1418 1989 alterum
1444 1931 1831 2003 refert,impa-

169 2027 219 2083 ri
244 2044 406 2096 sexu,
438 2026 561 2098 pari
596 2026 769 2080 fastu.
803 2025 883 2079 Ex
913 2024 1004 2079 his
1034 2028 1231 2079 tamen
1257 2028 1428 2077 natus
1461 2025 1569 2091 est,
1606 2036 1708 2075 nec
1731 2035 1829 2075 eos

169 2116 439 2172 imitatus
469 2119 576 2182 est,
611 2116 713 2170 sed
747 2114 918 2184 plane
948 2112 1219 2186 pluribus
1253 2112 1423 2167 malis
1454 2114 1828 2175 exercitatus,

171 2206 274 2280 qui
304 2205 466 2272 dixit,
499 2209 555 2261 et
585 2204 737 2260 dicet
778 2220 965 2275 usque
997 2203 1069 2258 ad
1102 2203 1420 2258 terminum
1455 2200 1687 2258 seaculi:
1718 2204 1831 2269 Ego

169 2297 312 2367 dixi,
335 2296 583 2361 Domine,
608 2295 985 2349 misereremei
998 2310 1019 2354 ;
1039 2311 1184 2348 sana
1206 2294 1451 2347 animam
1476 2308 1674 2359 meam,
1699 2291 1831 2361 quia

164 2387 393 2458 peccavi
422 2385 524 2440 tibi
544 2383 718 2455 (Psal.
754 2400 843 2450 XL,
871 2383 951 2454 5.)
985 2384 1212 2447 Quanto
1251 2381 1465 2438 melius
1488 2382 1573 2436 sic
1602 2384 1659 2436 et
1688 2379 1785 2435 isti
1810 2381 1833 2434 Ρ

174 2477 287 2533 Sed
313 2475 501 2531 adhuc
533 2473 782 2529 cervices
814 2477 1187 2545 peccatorum
1206 2489 1319 2528 non
1355 2470 1689 2527 conciderat
1720 2474 1831 2524 Do-

176 2567 377 2621 minus
406 2564 579 2635 (Psal.
609 2578 843 2628 cxxvm,
877 2562 956 2630 4.)
988 2560 1568 2631 Restabantlabores,
1601 2560 1831 2615 dolores

177 2654 409 2721 mortis,
438 2657 495 2707 et
524 2652 715 2707 omnis
746 2650 1016 2706 contritio
1039 2650 1255 2719 saeculi,
1289 2658 1346 2706 et
1376 2650 1565 2723 gratia
1592 2649 1692 2706 Dei
1718 2665 1834 2720 qua

175 2751 437 2815 tempore
459 2747 787 2814 opportuno
810 2739 1078 2797 subvenit
1095 2740 1457 2807 hominibus,
1482 2758 1629 2811 quos
1651 2738 1832 2795 afflic-

176 2840 271 2891 tos
298 2832 498 2889 docuit
530 2849 643 2887 non
676 2832 746 2886 de
777 2830 989 2903 seipsis
1022 2830 1258 2886 deberet
1288 2846 1662 2901 praesumere.
1706 2828 1833 2884 Ser-

175 2939 331 2997 pens,
366 2922 579 2995 inquit,
610 2921 832 2976 seduxit
874 2936 979 2990 me,
1012 2925 1065 2975 et
1096 2919 1435 2975 manducavi
1449 2937 1463 2975 :
1526 2919 1695 2991 quasi
1727 2935 1835 2974 cu-

168 3017 455 3087 jusquam
490 3011 687 3067 suasio
721 3014 1006 3082 praecepto
1040 3009 1135 3064 Dei
1168 3009 1435 3065 debuerit
1464 3008 1763 3081 anteponi.

248 3128 481 3185 CAPUT
514 3126 759 3183 XXXVI.
794 3157 859 3167 -—
885 3125 1194 3181 Maledictio
1224 3125 1515 3195 serpentis.

248 3239 337 3294 49.
372 3238 437 3292 Et
466 3236 609 3291 dixit
649 3240 915 3291 Dominus
941 3234 1081 3289 Deus
1110 3235 1368 3306 serpenti,
1404 3235 1544 3306 Quia
1570 3234 1751 3308 fecisti
1780 3243 1841 3291 tu

176 3328 299 3398 hoc,
320 3325 645 3381 maledictus
667 3334 727 3380 tu
756 3324 824 3379 ab
854 3324 1107 3380 omnibus
1133 3323 1435 3395 pecoribus,
1468 3327 1519 3380 et
1561 3326 1630 3380 ab
1659 3327 1839 3381 omni-

180 3418 281 3473 bus
307 3416 494 3472 bestiis
515 3429 641 3486 qua
663 3423 791 3477 sunt
811 3431 975 3484 super
995 3418 1218 3470 terram.
1234 3414 1776 3486 Superpectustuum
1787 3419 1840 3472 et

182 3515 428 3563 ventrem
450 3514 603 3559 lutum
624 3504 930 3559 ambulabis
951 3508 1005 3559 et
1034 3514 1245 3559 terram
1266 3504 1391 3560 edes
1409 3520 1591 3562 omnes
1620 3506 1735 3561 dies
1764 3508 1841 3561 vi-

181 3606 258 3655 ta:
280 3606 412 3653 tuae.
428 3596 489 3649 Et
512 3596 838 3649 inimicitias
854 3609 1051 3665 ponam
1066 3596 1216 3650 inter
1228 3598 1279 3649 te
1298 3598 1349 3651 et
1368 3595 1677 3665 mulierem,
1697 3595 1845 3653 etin-

186 3693 270 3744 ter
297 3701 478 3743 semen
500 3690 654 3739 tuum
675 3693 915 3739 etsemen
930 3685 1103 3739 illius.
1128 3684 1253 3756 Ipsa
1270 3685 1373 3740 tibi
1393 3686 1631 3741 servabit
1656 3689 1839 3757 caput,

186 3788 238 3834 et
254 3787 312 3832 tu
329 3774 581 3831 servabis
593 3775 709 3847 ejus
730 3774 1072 3830 calcaneum.
1091 3775 1233 3829 Tota
1253 3775 1366 3829 ista
1387 3776 1677 3831 sententia
1694 3777 1843 3848 {igu-

183 3878 314 3923 rata
336 3871 446 3933 est,
480 3881 583 3919 nec
608 3862 767 3919 aliud
782 3864 953 3919 debet
975 3862 1351 3935 ei'scriptoris
1385 3865 1528 3921 Iides
1556 3865 1844 3921 narratio-

183 3957 397 4027 nisque
418 3955 652 4021 veritas,
669 3953 783 4009 nisi
798 3970 868 4009 ne
882 3952 1043 4008 illam
1058 3954 1273 4008 dictam
1290 3954 1471 4009 fuisse
1485 3955 1843 4011 dubitemus.

188 4045 353 4113 Quod
373 4044 529 4100 enim
548 4044 803 4116 positum
821 4042 999 4113 est,Et
1013 4042 1437 4099 dixitDominus
1448 4045 1589 4100 Deus
1607 4046 1849 4117 serpenti

189 4137 371 4191 verba
402 4133 523 4191 sola
546 4133 855 4189 scribentis
893 4138 1034 4187 sunt
1058 4150 1069 4200 ;
1091 4132 1213 4187 haec
1232 4134 1253 4167 ²
1283 4134 1569 4205 exigenda
1590 4140 1729 4191 sunt
1749 4152 1852 4207 per

185 4225 753 4300 preprietatem.Hoc
776 4240 913 4295 ergo
934 4239 1134 4279 verum
1148 4224 1488 4291 est,dictum
1511 4229 1600 4280 est
1617 4242 1851 4298 serpeno

181 4316 246 4369 ti.
272 4314 407 4369 Jam
430 4316 638 4367 caetera
667 4312 845 4366 verba
873 4309 969 4365 Dei
993 4314 1152 4378 sunt,
1172 4326 1297 4381 quae
1314 4310 1745 4368 Iiberolectoris
1768 4312 1852 4367 in-

178 4402 440 4459 tellectui
462 4401 879 4473 relinquuntur
896 4406 1095 4455 utrum
1119 4399 1350 4472 proprie
1363 4417 1435 4455 an
1453 4402 1567 4473 {igu
1579 4406 1695 4458 rate
1708 4400 1854 4458 acci.

184 4495 239 4569 pi
263 4495 537 4564 debeant,
565 4492 721 4548 sicut
744 4493 801 4547 in
826 4491 1062 4547 exordio
1096 4490 1419 4546 voluminis
1454 4490 1634 4562 hujus
1667 4492 1854 4549 nostri

180 4584 482 4657 praelocuti
505 4599 735 4639 sumus.
763 4581 1017 4638 Proinde
1043 4582 1197 4652 quod
1224 4598 1489 4653 serpens,
1514 4598 1621 4637 cur
1641 4582 1750 4638 hoc
1774 4583 1853 4638 fe-

182 4675 331 4730 cerit
351 4691 463 4729 non
485 4678 575 4728 est
593 4672 1015 4744 interrogatus,
1040 4676 1232 4743 potest
1252 4671 1435 4726 videri
1454 4672 1608 4742 quod
1634 4689 1748 4727 non
1773 4672 1855 4744 ip-

185 4782 249 4821 se
275 4764 482 4835 utique
514 4763 571 4818 id
596 4764 655 4818 in
689 4780 798 4818 sua
824 4767 1032 4817 natura
1057 4766 1115 4817 et
1136 4760 1435 4816 voluntate
1458 4761 1710 4830 fecerat;
1751 4763 1853 4819 sed

184 4853 457 4909 diabolus
505 4853 575 4909 de
594 4852 692 4908 illo
712 4857 768 4908 et
782 4868 885 4925 per
902 4852 1070 4906 illum
1090 4855 1146 4906 ct
1168 4850 1225 4906 in
1244 4849 1338 4906 illo
1359 4852 1855 4924 fueratoperatus,

193 4942 297 5015 qui
318 4944 441 5013 jam
461 4958 527 4997 ex
551 4947 787 5014 peccato
808 4941 1134 5013 impietatis
1184 4958 1249 4996 ac
1272 4941 1559 5011 superbia:
1592 4960 1711 4996 sua)
1734 4942 1855 5015 igni

185 5032 1118 5103 destinatusl‘ueratsempiterno.
1152 5030 1318 5086 Nunc
1357 5046 1493 5103 ergo
1527 5032 1682 5103 quod
1735 5048 1856 5088 sero

187 5123 351 5196 penti
391 5122 628 5190 dicitur,
660 5128 717 5178 et
745 5122 815 5177 ad
848 5139 981 5177 eum
1010 5122 1110 5193 qui
1144 5139 1246 5193 per
1284 5126 1612 5191 serpentem
1650 5138 1859 5193 opera-

190 5221 290 5269 tus
309 5215 403 5268 est
434 5212 633 5284 utique
652 5213 920 5281 refertur,
951 5210 1355 5284 proculdubio
1399 5210 1716 5283 figuratum
1741 5215 1859 5267 est:

191 5317 331 5357 nam
358 5301 451 5357 bis
474 5303 664 5358 verbis
682 5306 937 5358 tentatur
959 5300 1058 5356 ille
1075 5300 1444 5355 describitur.
1476 5299 1669 5373 qualis
1693 5317 1863 5372 geneo

192 5391 243 5447 ri
267 5392 530 5447 humano
548 5394 969 5459 futurusesset;
990 5390 1143 5463 quod
1168 5406 1355 5462 genus
1378 5390 1707 5446 humanum
1727 5407 1859 5462 pro-

194 5484 554 5554 pagaritunc
583 5484 778 5555 ecepit,
810 5482 1046 5554 quando
1070 5480 1190 5535 haec
1223 5478 1281 5534 in
1296 5480 1598 5536 diabolum
1621 5485 1710 5537 est
1728 5485 1857 5536 tau-

268 5622 283 5653 ι
330 5617 416 5666 Sic
449 5618 501 5665 iu
536 5618 717 5679 probas
753 5622 895 5667 nota:
919 5617 1043 5666 Mss.
1072 5614 1131 5664 In
1167 5614 1296 5679 aliis
1321 5626 1450 5679 vero
1486 5614 1777 5676 codicibus,
1809 5617 1861 5665 et

194 5683 299 5735 edi.
334 5675 603 5746 Numun
625 5681 780 5746 dixit,
810 5680 1019 5746 Peccavi
1042 5680 1067 5725 ‘t
1088 5675 1529 5746 superbia‘habet.

269 5753 291 5783 ι
319 5749 408 5797 Er.
445 5738 585 5808 L'ug:
648 5738 784 5808 Ven.
815 5744 942 5792 Lov.
978 5738 1178 5808 terunt,
1229 5742 1283 5808 _e_t
1333 5738 1474 5789 hac:
1511 5745 1563 5791 et
1618 5742 1859 5803 inferius,

198 5818 292 5869 ho:
323 5824 446 5875 ergo
477 5804 592 5858 vere
620 5810 695 5857 est
729 5806 925 5856 dictum
953 5805 1195 5871 serpenti.
1228 5804 1295 5855 Μ.

1483 360 1707 425 LIBER
1760 352 2243 418 UNDECIMUS.

3458 369 3573 426 550

1920 504 2099 558 quam
2113 488 2171 543 in
2186 496 2514 561 serpentem
2534 494 2759 563 prolata
2774 497 3221 554 sententia.Ha:c
3242 501 3435 573 itaque
3453 521 3570 559 ver-

1921 579 1995 634 ba
2008 580 2300 649 quomodo
2313 581 2519 652 ﬁguris
2532 583 2809 654 expositis
2824 586 3161 657 accipienda
3174 588 3443 657 sint,etin
3458 592 3575 650 illis

1924 669 2157 725 duobus
2188 672 2470 728 adversus
2502 673 2849 733 Manichazos
2872 678 3045 735 editis
3069 679 3234 737 libris
3253 684 3323 740 de
3342 686 3576 753 Genesi,

1926 763 2215 831 quantum
2242 762 2543 832 potuimus
2593 764 2983 825 disseruimus
3006 774 3063 824 et
3084 772 3131 826 si
3158 773 3298 843 quid
3324 774 3576 848 diligen-

1924 848 2045 904 tius
2068 853 2124 904 et
2144 852 2564 922 congruentius
2584 854 2727 910 alias
2746 858 3294 928 potuerimus,Deus
3316 864 3505 919 aderit
3521 871 3583 920 ut

1927 935 2283 994 efficiamus:
2333 957 2491 996 nunc
2539 946 2730 998 tamen
2761 951 2963 1001 nostra
3012 948 3262 1005 intentio
3310 951 3370 1006 in
3420 951 3581 1008 aliud

1929 1044 2107 1100 quam
2135 1030 2527 1101 suscepimus,
2563 1032 2723 1089 nullo
2759 1035 3024 1107 exigente
3054 1041 3368 1097 evertenda
3398 1047 3507 1099 est.

2171 1145 2400 1203 CAPUT
2433 1150 2715 1205 XXXVII.
2749 1183 2814 1193 —
2848 1154 3017 1209 Pazna
3055 1157 3328 1213 mulieris.

2001 1252 2089 1307 50.
2112 1257 2177 1309 Et
2201 1254 2425 1310 mulieri
2453 1254 2601 1312 dixit
2655 1260 3033 1333 Multiplicans
3061 1265 3436 1338 multiplicabo
3460 1269 3589 1325 tris-

1934 1343 2087 1398 titias
2116 1349 2241 1399 tuas
2269 1348 2319 1400 et
2346 1348 2611 1416 gemitum
2641 1352 2827 1406 tuum:
2856 1354 2915 1407 in
2936 1357 3179 1411 lristitiis
3208 1360 3391 1429 paries
3416 1360 3582 1429 ﬁlios,

1933 1438 1985 1490 et
2014 1433 2084 1489 ad
2107 1436 2293 1497 virum
2314 1444 2467 1493 tuum
2493 1443 2771 1498 conversio
2805 1452 2923 1515 tua,
2954 1446 3005 1501 et
3036 1448 3151 1518 ipse
3194 1451 3281 1504 tui
3332 1450 3586 1506 domina-

1937 1526 2087 1582 bitur
2106 1570 2118 1581 .
2146 1527 2278 1584 Haec
2301 1546 2533 1602 quoque
2559 1531 2618 1587 in
2643 1533 2949 1592 mulierem
2977 1539 3073 1595 Dei
3095 1540 3289 1610 verba,
3341 1540 3590 1614 ﬁgurate

1935 1633 2001 1673 ac
2024 1618 2359 1690 prophetica
2395 1621 2580 1679 multo
2610 1626 2978 1683 commodius
3026 1629 3466 1703 intelliguntur:
3492 1648 3589 1692 ve-

1938 1711 2272 1765 rumtamen
2298 1709 2438 1781 quia
2460 1714 2721 1770 nondum
2777 1724 3083 1789 pepererat
3104 1720 3341 1789 femina,
3368 1739 3473 1779 nee
3495 1723 3593 1778 do—

1939 1795 2028 1851 lor
2048 1801 2105 1853 et
2141 1800 2397 1869 gemitus
2422 1802 2704 1873 parientis
2735 1805 2851 1860 nisi
2882 1824 2950 1863 ex
2980 1824 3219 1882 corpore
3248 1811 3454 1867 mortis
3479 1816 3591 1881 est,

1942 1886 2184 1958 quaeilla
2197 1891 2467 1963 praecepti
2482 1896 2946 1966 transgressione
2958 1904 3236 1971 concepta
3248 1911 3354 1970 est,
3371 1902 3597 1956 anima»

1939 1975 2095 2033 libus
2118 1977 2356 2049 quidem
2378 1980 2555 2037 etiam
2576 1988 2715 2038 tunc
2738 1986 3041 2055 membris,
3066 1989 3166 2043 sed
3190 1989 3239 2044 si
3261 1989 3437 2045 homo
3473 2007 3590 2046 non

1941 2073 2384 2137 peccasset,non
2408 2070 2612 2143 utique
2636 2074 3025 2142 morituris,et
3053 2078 3166 2133 alio
3189 2080 3446 2150 quodam
3470 2085 3594 2137 sta-

1938 2161 2001 2210 tu
2026 2156 2279 2213 feliciore
2300 2158 2752 2229 victuris,donec
2766 2170 2899 2236 post
2919 2165 3096 2221 vitam
3116 2167 3261 2223 bene
3281 2174 3507 2239 gestam
3530 2171 3591 2227 in

1942 2245 2154 2302 melius
2178 2249 2397 2304 mutari
2421 2254 3095 2326 mererentur,sicutjam
3118 2274 3298 2331 supra
3320 2258 3595 2331 pluribus

1939 2334 2084 2392 locis
2107 2336 2821 2411 insinuavimus,reiertur
2840 2344 3143 2417 haeepcena
3164 2352 3220 2403 et
3242 2349 3311 2403 ad
3337 2351 3595 2423 proprie-

1940 2426 2369 2496 tatemlitterie;
2391 2430 2500 2485 nisi
2525 2432 2665 2503 quia
2685 2433 2741 2489 id
2768 2436 2921 2506 quod
2946 2435 3167 2493 dictum
3189 2441 3297 2506 est,
3320 2440 3401 2505 Et
3418 2439 3487 2495 ad
3510 2442 3595 2496 vi-

1941 2533 2069 2571 rum
2085 2520 2245 2572 tuum
2258 2522 2536 2575 conversio
2553 2529 2732 2592 tua,et
2745 2525 2860 2595 ipse
2872 2524 3254 2583 dominabitur
3268 2530 3378 2596 tui,
3402 2530 3597 2587 viden-

1941 2606 2082 2662 dum
2102 2612 2193 2663 est
2217 2611 2717 2680 quemadmodum
2730 2614 2963 2685 proprie
2976 2615 3163 2688 possit
3182 2617 3384 2691 accipi.
3400 2624 3599 2692 Neque

1941 2697 2099 2752 enim
2122 2703 2178 2752 et
2194 2704 2325 2754 ante
2350 2702 2853 2771 peceatum,aliter
2869 2705 3080 2761 factam
3098 2707 3277 2763 fuisse
3295 2710 3460 2765 decet
3474 2728 3597 2766 cre-

1942 2786 2079 2842 dere
2101 2787 2427 2857 mulierem,
2448 2790 2561 2846 nisi
2587 2798 2650 2846 ut
2672 2793 3259 2864 vireidominaretur,
3280 2801 3338 2853 et
3366 2799 3437 2853 ad
3460 2816 3596 2855 eum

1944 2876 2071 2949 ipsa
2094 2878 2398 2934 serviendo
2420 2884 2868 2937 converteretur.
2883 2884 2991 2939 Sed
3016 2890 3168 2941 recte
3191 2887 3310 2941 acei
3320 2887 3377 2959 pi
3404 2894 3601 2959 potest

1948 2968 2098 3022 hanc
2116 2967 2452 3025 servitutem
2476 2970 2889 3041 signiﬁcatam,
2913 2990 3040 3045 qua:
3063 2975 3374 3045 cujusdam
3397 2978 3599 3033 condi-

1946 3056 2129 3113 tionis
2161 3062 2250 3113 est
2279 3059 2476 3130 potius
2506 3078 2681 3133 quam
2705 3061 3056 3133 dilectionis,
3074 3069 3138 3119 ut
3160 3066 3335 3121 etiam
3362 3066 3491 3138 ipsa
3511 3070 3599 3123 ta-

1946 3145 2019 3202 lis
2042 3147 2313 3214 servitus,
2347 3148 2617 3205 homines
2640 3151 3077 3222 quahomnibus
3092 3159 3293 3225 postea
3308 3156 3601 3213 esseservi

1947 3239 2342 3309 cceperunt,de
2355 3255 2519 3309 poena
2532 3242 2749 3310 peccati
2765 3244 3467 3314 reperiaturexorta.Dixit
3479 3246 3604 3319 qui-

1948 3327 2079 3383 dem
2095 3326 3090 3399 Apostolus,Percharitatemservite
3105 3336 3603 3407 invicem(Galat.v.

1952 3418 2071 3485 13;)
2095 3417 2197 3473 sed
2233 3433 2604 3490 nequaquam
2628 3419 2867 3477 diceret.
2902 3423 3155 3478 Invicem
3188 3425 3603 3480 dominamini.

1951 3506 2414 3579 Possuntitaque
2437 3509 2717 3580 conjuges
2741 3527 2844 3582 per
2857 3511 3199 3568 charitatem
3224 3513 3604 3571 servireinvi-

1951 3614 2100 3665 cem;
2124 3597 2224 3653 sed
2245 3598 2547 3653 mulierem
2572 3615 2685 3654 non
2703 3600 2987 3672 permittit
3004 3603 3320 3674 Apostolus
3343 3604 3607 3661 domina-

1952 3687 2072 3742 riin
2098 3687 2285 3742 virum
2310 3689 2353 3758 (Ι
2382 3690 2514 3743 Tim.
2548 3704 2610 3756 ιι,
2638 3690 2750 3761 12.)
2780 3690 2897 3747 Hoc
2929 3692 3086 3747 enim
3122 3691 3244 3749 viro
3275 3692 3470 3765 potius
3501 3694 3606 3750 Dei

1954 3776 2248 3832 sententia
2268 3776 2497 3845 detulit,
2529 3784 2587 3833 et
2618 3779 2897 3835 maritum
2918 3781 3129 3837 habere
3151 3782 3459 3839 dominum
3480 3800 3605 3839 me-

1954 3866 2075 3922 ruit
2104 3865 2370 3921 mulieris
2402 3884 2518 3923 non
2571 3873 2801 3935 natura,
2836 3871 2936 3927 sed
2968 3873 3167 3944 culpa:
3219 3873 3375 3944 quod
3406 3877 3604 3929 tamen

1952 3956 2067 4012 nisi
2124 3960 2407 4025 servetur,
2459 3958 2875 4030 depravabitur
2930 3962 3188 4034 amplius
3252 3967 3485 4031 natura,
3547 3970 3605 4017 et

1958 4049 2268 4121 augebitur
2298 4047 2488 4120 culpa.

1959 4181 2193 4239 CAPUT
2225 4180 2522 4237 XXXVIII.
2549 4184 2814 4265 -—-.Ptena.
2838 4184 3046 4241 {ldami
3073 4190 3126 4241 et
3158 4202 3353 4243 nomen
3383 4186 3614 4243 mulieri

2618 4258 2947 4327 impositum.

2030 4363 2117 4417 51.
2146 4362 2302 4417 Dixit
2321 4378 2457 4434 ergo
2480 4366 2537 4417 et
2557 4364 2627 4417 ad
2650 4363 2839 4419 virum
2864 4365 3021 4435 ejus:
3048 4366 3189 4433 Quia
3206 4365 3413 4421 audisti
3434 4381 3615 4422 vocem

1961 4452 2217 4508 mulieris
2238 4461 2362 4519 tuae,
2388 4456 2437 4507 et
2458 4452 2621 4506 edisti
2639 4452 2704 4507 de
2727 4454 2974 4521 ligno,de
2994 4470 3095 4525 quo
3114 4470 3485 4527 praeceperam
3512 4456 3618 4511 tibi

1962 4542 2029 4597 de
2050 4558 2110 4597 eo
2129 4542 2242 4597 solo
2264 4558 2375 4597 non
2396 4541 2584 4607 edere;
2615 4541 2911 4597 maledicta
2944 4553 3095 4599 terra
3121 4546 3179 4599 in
3200 4546 3452 4616 operibus
3474 4546 3585 4601 tuis
3600 4561 3618 4598 :

1965 4634 2025 4687 in
2047 4633 2292 4687 tristiliis
2314 4632 2434 4687 edes
2460 4632 2623 4687 illam
2644 4647 2825 4687 omnes
2837 4634 2955 4688 dies
2981 4636 3137 4695 vim;
3162 4637 3354 4703 spinas
3373 4639 3425 4690 et
3447 4635 3620 4690 tribu-

1967 4722 2045 4777 los
2063 4724 2187 4777 edet
2217 4722 2338 4787 tibi,
2366 4725 2420 4776 et
2449 4722 2571 4775 edes
2602 4720 2796 4793 fenum
2816 4724 2960 4793 agri.
2998 4724 3055 4777 In
3088 4725 3288 4779 sudore
3313 4726 3482 4795 [aciei
3510 4728 3619 4780 tua:

1964 4810 2083 4867 edes
2099 4826 2301 4883 panem
2322 4818 2497 4876 tuum,
2519 4810 2686 4866 donec
2699 4813 3038 4866 converteris
3061 4814 3119 4866 in
3148 4816 3374 4878 terram,
3406 4828 3478 4867 ex
3513 4830 3620 4884 qua

1964 4909 2214 4971 sumptus
2226 4905 2285 4955 es
2305 4901 2459 4973 ,vluia
2483 4909 2627 4955 terra
2648 4904 2865 4969 es,et,in
2889 4907 3099 4957 terram
3121 4903 3247 4957 ibis.
3270 4905 3388 4957 Hoc
3410 4918 3539 4957 esse
3560 4900 3619 4955 in

1970 4996 2122 5046 terra
2153 4989 2380 5046 labores
2401 4990 2643 5046 humani
2666 4992 2915 5064 generis,
2943 4992 3075 5062 quis
3105 4991 3335 5063 ignorat
3352 4991 3378 5045 ‘?
3396 4991 3466 5046 Et
3485 4991 3621 5061 quia

1969 5097 2083 5135 non
2106 5085 2323 5149 essent,
2354 5080 2401 5133 si
2431 5079 2677 5135 felicitas
2696 5099 2822 5152 qua:
2845 5082 2899 5135 in
2927 5082 3197 5153 paradiso
3223 5081 3433 5147 fuerat,
3466 5088 3622 5134 tene-

1971 5174 2151 5232 retur,
2176 5185 2291 5224 non
2312 5175 2402 5224 est
2425 5170 2632 5241 utique
2654 5170 3077 5240 dubitandum;
3103 5187 3169 5226 ac
3191 5185 3291 5241 per
3313 5168 3420 5225 hoc
3442 5168 3618 5225 etiam

1974 5258 2209 5332 proprie
2239 5258 2415 5313 verba
2431 5258 2550 5313 hrec
2573 5259 2848 5330 primitus
2871 5260 3133 5332 accipere
3156 5275 3225 5315 ne
3253 5260 3468 5331 pigeat.
3492 5260 3621 5314 Ser-

1971 5350 2161 5404 vanda
2184 5356 2381 5403 tamen
2404 5353 2490 5403 est
2514 5353 2569 5403 et
2589 5351 2980 5420 exspectanda
3012 5351 3362 5423 significatio
3382 5348 3629 5421 prophe-

1971 5439 2271 5509 tia,quam
2287 5436 2647 5493 maximebic
2662 5438 2922 5494 intuetur
2936 5440 3031 5495 Dei
3046 5438 3623 5510 loquentisintentio.

1972 5527 2171 5600 Neque
2195 5528 2349 5584 enim
2376 5528 2591 5582 frustra
2614 5532 2670 5582 et
2689 5526 2812 5599 ipse
2842 5530 3026 5585 Adam
3048 5529 3194 5584 miro
3226 5529 3481 5601 quodam
3506 5527 3627 5583 ins-

1972 5618 2312 5674 tinctutune
2334 5617 2561 5673 vocavit
2584 5633 2796 5672 nomen
2821 5617 3082 5674 mulieris
3107 5635 3225 5673 suae
3250 5620 3433 5675 Vitam
3450 5634 3471 5681 ;
3489 5620 3627 5675 sub-

1965 5707 2179 5780 jiciens
2200 5707 2395 5775 etiam,
2428 5708 2691 5780 quoniam
2721 5708 2825 5763 ista
2854 5714 2934 5764 est
2957 5714 3136 5765 mater
3164 5707 3412 5765 omnium
3442 5710 3629 5764 viren-

1974 5798 2292 5856 tium.Nam
2316 5802 2374 5855 et
2405 5797 2525 5852 brae
2548 5814 2661 5853 non
2695 5798 2999 5871 scriptoris
3034 5798 3331 5855 narrantis
3354 5797 3441 5853 vel
3472 5799 3631 5853 afﬁr-
