4066 6412
513 389 625 448 451

521 521 760 588 mantis,
783 520 885 575 sed
907 519 1095 592 ipsius
1127 520 1300 592 primi
1323 519 1579 575 hominis
1599 519 1775 575 verba
1795 518 2174 591 intelligenda

520 615 680 679 sunt,
703 609 1023 678 utdiceret,
1045 612 1309 680 quoniam
1331 611 1448 666 haec
1474 619 1549 664 est
1588 618 1773 664 mater
1814 610 2059 664 omnium
2089 609 2170 662 υἱ-

513 701 1066 770 ventium,tanquam
1091 699 1342 754 nominis
1359 715 1391 752 a
1413 715 1474 754 se
1490 697 1749 770 impositi
1768 714 2009 754 causam
2029 696 2172 752 infe-

515 805 676 856 rens,
699 805 804 844 cur
824 804 952 844 eam
975 788 1281 857 vocaverit,
1331 789 1530 844 Vitam.

552 920 784 979 CAPUT
824 920 1056 978 XXXIX.
1109 951 1179 962 —
1223 922 1436 977 Tunicae
1485 921 1752 993 pellicere.
1808 919 2171 994 Exprobratio

1187 993 1487 1065 superbiae.

585 1103 672 1158 52.
699 1102 763 1156 Et
781 1102 910 1172 fecit
932 1101 1209 1157 Dominus
1249 1102 1390 1157 Deus
1411 1101 1538 1157 Adae
1561 1109 1610 1158 et
1633 1101 1859 1156 mulieri
1879 1104 1993 1172 ejus
2014 1099 2170 1153 tuni-

514 1207 605 1247 cas
619 1191 895 1263 pelliceas,
919 1194 971 1246 et
996 1191 1180 1246 induit
1207 1207 1315 1247 eos.
1348 1191 1418 1246 Et
1447 1190 1554 1246 hoc
1573 1189 2020 1262 signiﬁcationis
2036 1204 2171 1260 gra-

513 1281 596 1336 tia
617 1281 834 1336 factum
861 1284 970 1348 est,
997 1280 1096 1336 sed
1115 1284 1310 1336 tamen
1334 1281 1586 1348 factum;
1621 1283 1772 1336 sicut
1801 1279 1900 1334 illa
1930 1295 2057 1349 quae
2090 1275 2169 1332 si-

515 1369 907 1441 gniﬁcationis
929 1371 1114 1442 gratia
1135 1371 1290 1426 dicta
1311 1375 1468 1440 sunt,
1494 1371 1595 1426 sed
1618 1375 1812 1426 tamen
1837 1369 1992 1424 dicta
2009 1370 2167 1423 sunt.

514 1459 632 1515 Hoc
648 1459 988 1532 enim,quod
1011 1477 1162 1532 saepe
1177 1460 1430 1528 dixi,nec
1447 1476 1540 1515 me
1554 1459 1768 1532 saepius
1785 1458 2169 1531 pigetdicere,

513 1565 547 1604 ο.
573 1553 874 1605 narrators
897 1565 1092 1604 rerum
1115 1549 1350 1621 preprie
1363 1552 1662 1621 gestarum
1687 1548 2036 1620 exigendum
2055 1550 2165 1614 est,

512 1642 578 1693 ut
597 1654 665 1694 ea
687 1643 883 1694 narret
907 1639 1058 1694 facta
1080 1654 1208 1694 esse
1259 1655 1384 1710 quae
1413 1639 1564 1694 facta
1599 1643 1760 1708 sunt,
1783 1644 1841 1693 et
1865 1637 2020 1692 dicta
2041 1652 2168 1692 esse

513 1745 642 1800 quae
667 1728 825 1783 dicta
845 1734 1004 1784 sunt.
1040 1727 1203 1784 Sicut
1225 1733 1422 1784 autem
1447 1728 1506 1782 in
1530 1728 1700 1784 factis
1727 1726 2004 1799 quaeritur
2025 1725 2167 1797 quid

512 1818 731 1872 factum
752 1817 849 1886 sit,
891 1818 1114 1889 etquid
1151 1817 1476 1890 signiﬁcet;
1525 1817 1685 1873 itain
1707 1817 1897 1873 verbis
1947 1820 2004 1871 et
2026 1815 2167 1886 quid

511 1905 732 1963 dictum
758 1908 856 1974 sit,
881 1911 938 1962 et
960 1907 1100 1978 quid
1128 1906 1439 1979 signiticet.
1462 1907 1589 1962 Sive
1613 1907 1767 1962 enim
1792 1907 2063 1977 ﬁgurate,
2088 1905 2166 1960 si-

510 2011 578 2051 ve
611 1994 842 2066 proprie
873 1995 1094 2051 dictum
1127 1997 1223 2064 sit,
1257 1995 1411 2066 quod
1441 1995 1660 2050 dictum
1693 2011 1821 2050 esse
1871 1997 2164 2060 narratur,

513 2084 733 2140 dictum
765 2089 958 2140 tamen
993 2101 1121 2140 esse
1156 2101 1269 2140 non
1301 2085 1474 2139 debet
1496 2085 1686 2156 putari
1719 2084 2056 2155 ﬁguratum.

581 2174 669 2228 53.
700 2175 762 2229 Et
775 2173 917 2229 dixit
935 2175 1097 2240 Deus,
1120 2175 1250 2228 Ecce
1272 2173 1438 2228 Adam
1459 2177 1636 2244 factus
1656 2177 2009 2243 esti-unquam
2025 2188 2168 2226 unus

508 2280 577 2320 ex
600 2263 753 2319 nobis
789 2266 845 2317 in
900 2263 1270 2336 cognoscendo
1302 2263 1502 2318 bonum
1531 2269 1583 2318 et
1614 2264 1838 2316 malum.
1878 2261 2165 2325 Quoniam

513 2354 643 2418 hoc,
681 2369 781 2424 per
813 2353 1116 2424 quodlibet
1164 2358 1222 2407 et
1283 2351 1764 2423 quodmodolibet
1821 2351 2040 2406 dictum
2073 2351 2167 2420 sit,

513 2443 667 2497 Deus
689 2446 885 2496 tamen
907 2441 1069 2509 dixit,
1093 2458 1206 2495 non
1231 2441 1398 2496 aliter
1419 2439 1869 2511 intelligendum
1899 2444 1987 2496 est
2012 2439 2167 2510 quod

520 2531 621 2596 ait,
646 2546 788 2584 unus
819 2546 890 2584 ea:
918 2529 1094 2595 nobis,
1118 2529 1229 2584 nisi
1264 2528 1863 2599 propter'l‘rinitatem
1888 2545 2169 2584 numerus

520 2617 764 2690 pluralis
796 2617 1145 2689 accipiatur;
1175 2619 1326 2671 sicut
1357 2617 1579 2671 dictum
1613 2618 2054 2682 erat,Faciamus
2075 2618 2170 2671 ho-

519 2711 726 2764 minem
753 2706 900 2777 (Gen.
937 2707 1059 2769 1,26
1080 2708 1117 2775 ;)
1146 2706 1299 2761 sicut
1320 2705 1490 2761 etiam
1517 2705 1794 2760 dominus
1815 2708 1885 2760 de
1930 2723 1990 2761 se
2015 2708 2171 2762 etde

519 2798 700 2861 Patre,
732 2798 1019 2852 Veniamus
1041 2795 1107 2850 ad
1126 2813 1251 2849 eum
1272 2801 1323 2850 et
1343 2797 1684 2849 mansionem
1704 2798 1855 2864 apud
1874 2811 1998 2850 eum
2008 2798 2171 2865 [acie-

516 2903 639 2940 mus
681 2887 858 2954 (Joan.
882 2901 994 2950 xxv,
1017 2885 1134 2952 22.)
1183 2883 1543 2955 lteplicatum
1579 2889 1667 2937 est
1698 2884 1876 2954 igitur
1907 2884 1963 2937 in
1995 2888 2172 2954 caput

516 2973 901 3044 superbi,quo
919 2973 1076 3028 exitu
1092 2973 1488 3043 concupiverit
1511 2972 1663 3042 quod
1689 2990 1721 3026 a
1745 2978 2011 3042 serpente
2031 2990 2166 3044 sug-

519 3068 753 3136 gestum
785 3067 894 3128 est,
921 3063 1086 3117 Erilis
1114 3063 1255 3116 sicut
1275 3061 1389 3115 dii:
1411 3061 1562 3130 Ecce,
1582 3061 2168 3132 inquit,Adamfactus

519 3156 596 3207 est
623 3155 1042 3222 tanquamunus
1062 3166 1135 3206 ex
1153 3151 1329 3206 nobis.
1354 3150 1542 3205 Verba
1563 3149 1718 3205 enim
1743 3156 1880 3206 sunt
1902 3150 2021 3205 hinc
2049 3150 2166 3219 Dei,

521 3259 634 3296 non
660 3246 776 3296 tam
799 3239 1310 3306 huicinsultantis,
1331 3257 1507 3309 quam
1530 3244 1769 3295 caeteros
1783 3257 1852 3294 ne
1870 3240 1950 3295 ita
1971 3257 2170 3312 super-

518 3331 684 3386 biant
705 3329 1071 3396 deterrentis,
1094 3333 1328 3400 propter
1354 3327 1627 3398 quosista
1657 3328 1987 3401 conscripta
2008 3334 2165 3384 sunt.

517 3421 710 3473 Factus
730 3425 827 3485 est,
861 3417 1072 3488 inquit,
1123 3426 1385 3487 tanquam
1417 3433 1559 3472 unus
1587 3433 1656 3472 ea:
1709 3419 1863 3472 nobis
1884 3419 1943 3472 in
1972 3433 2167 3486 cogno-

514 3507 708 3564 scendo
732 3507 929 3562 bonum
946 3506 1386 3570 etmalum.Quid
1405 3505 1561 3561 aliud
1577 3506 2167 3578 intelligendum,nisi

516 3595 850 3667 exemplum
874 3595 1104 3651 timoris
1126 3594 1448 3649 incutiendi
1470 3611 1598 3650 esse
1617 3595 2164 3667 propositum,quod

519 3702 631 3740 non
657 3683 847 3740 solum
883 3702 996 3740 non
1017 3685 1192 3739 fuerit
1214 3685 1403 3739 factus
1441 3683 1634 3755 qualis
1680 3684 1806 3739 ﬁeri
1829 3684 2027 3758 voluit,
2065 3685 2166 3742 sed

517 3790 622 3830 nec
652 3773 796 3830 illud
821 3775 974 3846 quod
1001 3775 1190 3830 factus
1224 3775 1430 3839 fuerat,
1465 3773 1867 3828 conservavit?

585 3910 812 3966 CAPUT
877 3909 987 3966 XL.
1020 3941 1088 3950 -
1118 3908 1454 3991 Expulsioe
1497 3909 1786 3980 paradiso.
1844 3911 2166 3967 Ea'commu-

1230 3989 1456 4036 nicatio.

581 4088 671 4143 5’4.
701 4088 763 4143 Et
792 4104 958 4158 nunc,
992 4086 1200 4157 inquid
1257 4089 1427 4156 Deus,
1476 4105 1547 4144 ne
1577 4089 1877 4160 aliquando
1908 4092 2169 4147 extendat

513 4193 767 4245 "ianum,
801 4186 854 4230 et
884 4180 1064 4231 sumat
1118 4177 1184 4231 de
1215 4176 1362 4246 ligno
1396 4179 1538 4245 vitae,
1574 4183 1628 4232 et
1677 4177 1818 4247 edat,
1850 4189 1900 4234 et
1928 4183 2073 4235 vivat
2106 4182 2169 4236 in

512 4269 803 4322 wlernum.
831 4267 893 4321 Et
915 4265 1128 4320 dimisit
1155 4266 1318 4320 illum
1353 4268 1619 4321 Dominus
1661 4268 1794 4322 Deus
1823 4269 1886 4324 de
1913 4270 2168 4340 paradiso

513 4357 808 4427 voluptatis
838 4357 1060 4426 aperari
1081 4358 1318 4426 terram,
1341 4371 1410 4410 ex
1439 4372 1547 4427 qua
1577 4361 1824 4426 sumptus
1846 4362 1941 4412 est.
1979 4360 2168 4431 Supe-

515 4447 668 4500 riora
693 4445 868 4500 verba
881 4443 982 4500 Dei
1008 4449 1180 4511 sunt;
1209 4444 1317 4499 hoc
1337 4448 1531 4499 autem
1556 4445 1773 4500 factum
1792 4451 2027 4518 propter
2044 4449 2171 4520 ipsa

513 4535 686 4588 verba
704 4538 971 4588 secutum
995 4537 1102 4587 est.
1123 4533 1429 4588 Alienatus
1453 4533 1606 4589 enim
1631 4534 1808 4599 avita,
1837 4553 1950 4591 non
1974 4536 2163 4592 solum

513 4640 688 4695 quam
715 4623 920 4691 fuerat,
946 4622 994 4676 si
1034 4626 1386 4693 prweeptum
1420 4630 1726 4692 servasset,
1765 4641 1899 4680 cum
1931 4625 2168 4697 Angelis

513 4717 880 4784 accepturus,
904 4711 1003 4766 sed
1037 4710 1109 4765 ab
1133 4709 1234 4764 illa
1261 4712 1437 4766 etiam
1471 4729 1648 4782 quam
1698 4713 1949 4769 ducebat
1979 4713 2036 4768 in
2064 4731 2163 4786 pa-

512 4802 729 4868 radiso,
759 4798 1182 4870 feliciquodam
1202 4801 1462 4871 corporis
1482 4805 1657 4869 statu,
1686 4802 1942 4873 separari
1966 4804 2167 4876 utique

510 4890 713 4945 debuit
733 4889 938 4961 aligno
970 4889 1096 4942 vitae
1115 4905 1126 4941 :
1147 4888 1266 4943 sive
1289 4889 1442 4960 quod
1467 4907 1534 4944 ex
1559 4891 1688 4961 ipso
1711 4890 1792 4944 illi
1818 4891 2166 4949 subsisteret

512 4978 758 5033 felixille
782 4977 905 5049 ipse
928 4982 1118 5032 status
1151 4978 1428 5050 corporis,
1462 4995 1529 5033 ex
1577 4995 1637 5033 re
1688 4979 1922 5048 visibili,
1953 4981 2164 5037 virtute

511 5065 814 5135 invisibili,
841 5065 959 5121 sive
982 5067 1135 5137 quod
1160 5067 1218 5120 in
1248 5084 1314 5122 eo
1346 5073 1501 5123 esset
1530 5075 1587 5122 et
1617 5075 2052 5124 sacramentum
2079 5069 2159 5123 vi-

511 5154 682 5212 sibile
705 5154 1015 5210 invisibilis
1041 5155 1372 5227 sapientiae;
1405 5157 1753 5212 alienandus
1786 5157 1920 5213 inde
1962 5157 2163 5229 utique

511 5243 1324 5314 fuerat,vcljammoriturus,
1341 5245 1619 5301 veletiam
1635 5251 1916 5317 tanquam
1940 5264 2164 5303 excom-

509 5335 872 5389 municatus:
893 5334 1041 5389 sicut
1063 5335 1240 5390 etiam
1263 5337 1321 5389 in
1344 5335 1450 5389 hoc
1473 5335 1765 5405 paradiso,
1785 5336 1838 5389 id
1865 5343 1952 5391 est
1971 5336 2162 5392 Eccle-

508 5423 616 5493 sia,
641 5421 830 5479 solent
861 5441 893 5478 a
924 5423 1318 5479 Sacramentis
1342 5423 1546 5478 altaris
1582 5422 1915 5480 visibilibus
1963 5424 2157 5480 homi-

506 5529 611 5569 nes
633 5513 944 5584 disciplina
966 5513 1361 5569 ecclesiastiea
1385 5511 1688 5566 removeri.

575 5601 664 5653 55.
690 5599 751 5654 Et
782 5603 940 5670 cjecit
969 5600 1164 5670 Adam,
1213 5601 1261 5653 et
1294 5599 1579 5653 collocavit
1620 5614 1745 5652 eum
1776 5609 1964 5654 contra
1993 5617 2158 5672 para-

504 5689 684 5744 disum
705 5690 1024 5761 voluptatis.
1059 5693 1126 5742 Et
1155 5687 1264 5741 hoc
1314 5686 1688 5757 signiﬁcandi
1722 5689 1909 5760 gratia
1939 5689 2157 5748 factum

506 5784 614 5852 est,
646 5780 749 5836 sed
782 5784 981 5835 tamen
1006 5779 1246 5845 factum,
1282 5781 1345 5832 ut
1393 5782 1598 5832 contra
1647 5777 2010 5852 paradisum,
2043 5798 2158 5853 quo

1416 385 1511 444 DE
1558 387 1832 446 GI'LNESI
1880 384 1981 444 AD
2027 381 2458 456 LITTERAM,
2621 383 3042 445 AUGUSTINI

3816 383 3920 444 452

2281 517 2450 572 beata
2479 519 2594 572 vita
2623 519 2797 574 etiam
2835 515 3218 587 spiritualiter
3247 515 3711 587 signiﬁcabatur,
3763 518 3916 574 babi-

2281 610 2432 660 taret
2461 611 2730 676 peccator
2748 604 2950 676 utique
2971 604 3029 658 in
3055 603 3310 659 miseria.
3338 608 3406 660 Et
3431 605 3711 660 ordinavit
3731 605 3919 662 Cheru-

2282 693 2413 761 bim,
2435 705 2486 750 et
2505 696 2827 764 ﬂammeam
2858 710 2970 748 rom
2979 693 3191 763 pineam
3223 710 3347 764 quae
3378 696 3626 765 vertitur,
3659 696 3916 751 custodire

2280 785 2426 840 viam
2448 786 2588 855 ligni
2611 786 2755 840 vitae.
2795 783 2911 838 Hoc
2959 799 3062 854 per
3091 781 3354 838 emlestes
3387 783 3586 854 utique
3615 790 3919 855 potestates

2280 872 2534 928 etiamin
2550 870 2818 944 paradiso
2837 869 3050 926 visibili
3072 871 3290 925 factum
3305 887 3434 926 esse
3447 872 3801 928 credendum
3815 880 3916 942 est,

2283 967 2346 1016 ut
2376 979 2478 1033 per
2499 961 2828 1034 angelicum
2853 960 3247 1016 ministerium
3270 959 3555 1016 essetillic
3579 962 3751 1034 ignea
3772 979 3919 1035 quas-

2281 1050 2417 1105 dam
2441 1051 2734 1106 custodia:
2758 1066 2871 1105 non
2889 1053 3086 1104 tamen
3119 1049 3336 1104 frustra
3383 1049 3601 1106 factum
3643 1068 3792 1118 esse,
3815 1053 3919 1107 nisi

2282 1138 2419 1210 quia
2442 1139 2734 1211 signiﬁcat
2757 1137 2976 1209 aliquid
3002 1138 3176 1193 etiam
3206 1139 3276 1193 de
3319 1139 3590 1210 paradiso
3613 1141 3919 1212 spirituali,

2281 1245 2396 1283 non
2421 1235 2508 1283 est
2539 1229 2741 1299 utique
2772 1228 3185 1283 dubitandum.

2280 1360 2514 1417 CAPUT
2545 1361 2678 1417 XLI.
2703 1393 2771 1402 -—
2804 1361 3105 1503 Opinio?“
3136 1360 3201 1488 dte
3233 1363 3470 1419 hominis
3493 1367 3733 1435 peccato,
3768 1368 3924 1438 quale

3034 1449 3152 1489 ueri
3188 1477 3200 1488 .

3034 1440 3200 1489 'uerit.

2347 1545 2438 1600 56.
2472 1543 2595 1599 Non
2629 1548 2820 1600 autem
2859 1543 3060 1615 ignoro
3077 1544 3431 1615 quibusdam
3461 1562 3591 1602 esse
3618 1545 3830 1613 visum,
3853 1550 3922 1605 fe—

2279 1635 2593 1691 stinatione
2652 1636 3013 1707 prazvertisse
3072 1635 3203 1690 illos
3264 1635 3530 1692 homines
3600 1639 3919 1709 appetitum

2277 1726 2534 1780 scientiae
2561 1725 2694 1779 boni
2718 1729 2776 1779 et
2821 1724 2979 1794 mali,
3010 1724 3402 1780 etimmaturo
3444 1729 3706 1798 tempore
3738 1728 3922 1798 perci-

2277 1831 2412 1886 pere
2436 1813 2688 1868 voluisse
2711 1814 2861 1884 quod
2885 1813 2969 1867 eis
2990 1813 3232 1868 dilatum
3255 1815 3642 1886 opportunius
3658 1818 3924 1872 servaba-

2279 1904 2579 1973 tur;idque
2603 1903 3753 1974 egissetentatorem,utpraeoccupando1
3773 1908 3922 1977 quod

2274 1991 2537 2046 nondum
2561 1990 2780 2047 talibus
2803 1990 3550 2062 eongruebat,ofi‘enderent
3571 1997 3836 2061 Deum,et
3849 1994 3919 2051 ab

2277 2082 2404 2151 ejus
2428 2081 2506 2137 rei
2533 2080 2782 2136 utilitate
2805 2080 3201 2135 alienarentur
3215 2079 3432 2137 exclusi
3457 2089 3628 2153 atque
3642 2083 3926 2152 damnati,

2277 2165 2347 2226 ad
2363 2188 2540 2242 quam
2565 2170 2612 2225 si
2636 2187 2740 2226 suo
2761 2175 3043 2241 tempore,
3070 2169 3222 2225 sicut
3252 2170 3406 2226 Deus
3426 2171 3924 2242 volebat,aceede-

2277 2265 2708 2332 rent,possente
2720 2258 3072 2314 asalubriter
3084 2259 3318 2331 perfrui.
3333 2261 3521 2326 Hoc,si
3537 2263 3680 2318 forte
3695 2261 3922 2335 lignum

2280 2349 2426 2404 illud
2450 2366 2562 2404 non
2593 2350 2663 2403 ad
2690 2347 3097 2420 proprietatem
3133 2353 3197 2403 ut
3225 2365 3426 2404 verum
3477 2347 3704 2422 lignum
3753 2359 3806 2408 et
3837 2370 3928 2408 ve-

2278 2456 2342 2494 ra
2365 2455 2538 2510 poma
2559 2438 2708 2508 ejus,
2734 2438 2832 2493 sed
2858 2437 2927 2492 ad
2953 2439 3200 2509 ﬁguram
3224 2439 3404 2493 velint
3425 2439 3928 2512 accipere,habeat

2277 2528 2492 2583 exitum
2515 2527 2769 2597 aliquem
2799 2531 2964 2582 rectae
2994 2527 3123 2581 ﬁdei
3153 2527 3499 2600 veritatique
3540 2529 3923 2601 probabilem.

2345 2617 2433 2671 57.
2457 2615 2660 2670 Visum
2687 2620 2775 2671 est
2795 2621 2851 2670 et
2875 2615 3253 2686 quibusdam,
3271 2617 3418 2672 duos
3446 2616 3575 2674 illos
3591 2617 3814 2690 primos
3828 2619 3926 2676 ho-

2278 2707 2470 2761 mines
2489 2706 2725 2776 nuptias
2749 2721 2888 2760 suas
2907 2704 3085 2759 fuisse
3101 2706 3546 2774 furatos,etante
3569 2707 3783 2764 mixtos
3800 2726 3929 2765 esse

2279 2794 2589 2849 concubitu
2603 2813 2656 2864 ,q
2669 2810 2799 2847 uam
2818 2811 2915 2847 eos
2938 2793 3036 2863 qui
3055 2800 3347 2848 creaverat
3360 2795 3721 2867 copulasset;
3747 2815 3927 2868 quam

2279 2902 2400 2940 rem
2436 2884 2674 2940 nomine
2720 2882 2862 2954 ligni
2897 2882 3079 2936 fuisse
3120 2883 3534 2955 signiﬁcatam,
3562 2887 3716 2941 unde
3740 2887 3932 2956 prohi-

2279 2973 2381 3028 biti
2410 2977 2594 3042 erant,
2641 2973 2824 3027 donec
2854 2980 3178 3043 opportuno
3210 2978 3474 3044 tempore
3513 2975 3928 3046 jungerentur.

2279 3062 2454 3126 Quasi
2487 3079 2618 3116 vero
2645 3060 2705 3115 in
2756 3077 2821 3115 ea
2854 3067 3021 3116 aetate
3053 3060 3186 3116 facti
3218 3077 3347 3117 esse
3396 3063 3667 3118 credendi
3700 3065 3842 3130 sint,
3866 3071 3932 3120 ut

2278 3151 2664 3222 exspectanda
2679 3155 2831 3205 esset
2846 3149 3156 3205 maturitas
3169 3152 3488 3222 pubertatis
3503 3170 3516 3219 ;
3533 3159 3634 3208 aut
3652 3170 3764 3208 non
3779 3154 3927 3210 illud

2278 3246 2419 3296 tunc
2451 3239 2776 3311 legitimum
2807 3244 3121 3309 esset,cum
3155 3240 3409 3311 primum
3445 3241 3567 3297 ﬁeri
3615 3244 3925 3314 potuisset,

2279 3347 2411 3386 cum
2437 3336 2629 3386 autem
2647 3346 2761 3385 non
2786 3329 3093 3400 potuisset,
3114 3346 3228 3384 non
3251 3330 3455 3402 utique
3469 3330 3658 3387 ﬁeret:
3686 3333 3797 3388 nisi
3815 3333 3930 3389 for-

2278 3424 2333 3474 te
2362 3435 2579 3491 sponsa
2600 3427 2725 3474 erat
2747 3435 2780 3472 a
2809 3423 2972 3488 patre
2989 3419 3291 3486 tradenda,
3308 3424 3364 3473 et
3384 3422 3772 3491 exspectanda
3798 3428 3929 3478 erat

2274 3515 2537 3564 votorum
2557 3508 2736 3563 solem
2747 3507 3631 3577 nitas,etconviviicelebritas,et
3651 3511 3803 3566 dotis
3822 3528 3931 3567 aes-

2275 3597 2597 3666 timatio,et
2617 3597 2969 3668 conscriptio
3000 3595 3360 3652 tabularum.
3396 3597 3733 3654 Ridiculum
3769 3601 3936 3657 istud

2275 3693 2388 3751 est;
2413 3693 2620 3759 praeter
2650 3687 2806 3758 quod
2839 3703 2872 3741 a
2893 3703 3087 3740 rerum
3111 3691 3407 3758 gestarum
3433 3687 3790 3760 proprietate
3808 3690 3935 3746 dis-

2277 3777 2448 3847 cedit,
2475 3793 2652 3849 quam
2677 3775 3049 3847 suscepimus
3090 3777 3491 3845 asserendam,
3544 3783 3602 3834 et
3641 3785 3937 3850 quantum

2277 3871 2428 3922 Deus
2461 3866 2678 3921 donare
2701 3864 2886 3920 voluit
2908 3865 3296 3921 asseruimus.

2276 4000 2508 4056 CAPUT
2539 3999 2705 4076 XLll.
2737 4031 2807 4038 —
2837 3999 2918 4076 A_n
2949 3999 3434 4076 Adamerediderit
3475 4003 3732 4076 serpenti,
3761 4019 3944 4076 quave

2563 4071 2778 4126 ratione
2807 4070 2876 4126 ad
2899 4071 3232 4141 peccandum
3267 4072 3523 4126 inductus
3552 4075 3643 4128 sit.

2347 4180 2436 4233 58.
2455 4177 2602 4232 Illud
2625 4176 2808 4250 magis
2833 4177 3226 4248 movet,sijam
3243 4175 3569 4249 spiritualis
3590 4185 3713 4234 erat
3729 4182 3938 4254 Adam,

2277 4267 2547 4338 quamvis
2576 4272 2790 4332 mente,
2816 4283 2930 4320 non
2951 4281 3210 4337 corpore,
3245 4268 3534 4338 quomodo
3567 4269 3801 4327 credere
3832 4289 3942 4342 po-

2275 4356 2453 4411 tuerit
2472 4356 2622 4426 quod
2642 4373 2740 4427 per
2754 4360 3082 4427 serpentem
3098 4355 3320 4410 dictum
3339 4357 3586 4424 est,ideo
3598 4358 3782 4414 Deum
3799 4377 3944 4432 pro-

2277 4444 2542 4501 hibuisse
2565 4462 2635 4500 ne
2667 4445 2858 4499 fructu
2885 4443 3026 4515 ligni
3043 4443 3200 4500 illius
3223 4449 3760 4518 vescerentur,quia
3783 4449 3942 4506 scie-

2275 4535 2375 4590 bat
2395 4535 2567 4606 eos,si
2604 4535 2896 4600 fecissent,
2922 4535 3150 4589 futuros
3183 4539 3245 4589 ut
3283 4536 3424 4590 deos
3457 4542 3692 4607 prepter
3722 4538 3944 4611 digno-

2275 4623 2556 4679 scentiam
2577 4623 2785 4678 boniet
2803 4622 2964 4687 mali,
2987 4629 3274 4694 tanquam
3299 4623 3408 4679 hoc
3442 4631 3671 4680 tantum
3706 4627 3942 4684 bonum

2274 4719 2546 4769 ereatura)
2583 4729 2701 4768 sua:
2731 4716 2965 4766 Creator
2989 4710 3294 4768 inviderit:
3315 4713 3426 4768 hoc
3448 4715 3664 4770 mirum
3685 4715 3731 4771 si
3755 4716 3944 4774 homo

2272 4801 2774 4873 spiritualimente
2790 4802 3070 4872 praeditus
3090 4803 3322 4858 credere
3347 4803 3752 4874 potuisset.An
3789 4809 3945 4878 quia

2271 4891 2380 4946 hoc
2398 4890 2631 4947 credere
2649 4890 2770 4962 ipse
2793 4907 2907 4945 non
2925 4896 3144 4962 posset,
3179 4897 3453 4964 preptera
3485 4893 3698 4949 mulier
3728 4897 3943 4952 addita

2272 4982 2407 5036 est“.
2435 4998 2560 5051 quae
2585 4978 3086 5051 parviintellcctus
3107 4987 3279 5049 esset,
3306 4987 3361 5038 ct
3379 4983 3945 5044 adhucfortassese-

2271 5073 2530 5127 cundum
2543 5088 2781 5126 sensum
2798 5072 3129 5142 carnis,non
3146 5073 3467 5128 secundum
3482 5075 3752 5146 spiritum
3768 5093 3944 5134 mon-

2269 5162 2346 5216 tis
2375 5162 2611 5226 viveret,
2643 5166 2699 5216 et
2722 5161 2830 5217 hoc
2848 5166 2936 5216 est
2965 5162 3119 5232 quod
3140 5162 3188 5216 ei
3208 5162 3527 5234 Apostolus
3571 5181 3685 5219 non
3718 5166 3944 5222 tribuit

2269 5249 2587 5322 imaginem
2607 5250 2704 5304 Dei
2725 5250 2850 5305 PSic
2867 5251 3015 5306 enim
3036 5251 3146 5305 ait:
3170 5252 3259 5305 Vir
3272 5253 3492 5322 quidem
3519 5271 3629 5308 non
3653 5253 3814 5309 debet
3839 5273 3938 5311 ve-

2269 5339 2386 5393 lare
2407 5342 2595 5410 caput,
2626 5354 2751 5393 cum
2771 5341 2842 5394 sit
2872 5341 3056 5411 imago
3082 5346 3129 5394 et
3154 5341 3333 5410 gloria
3364 5343 3495 5406 Dei;
3509 5343 3711 5398 mulier
3731 5353 3942 5400 autem

2264 5429 2455 5498 gloria
2479 5429 2589 5483 viri
2616 5431 2693 5483 est
2716 5431 2763 5501 (I
2799 5429 2920 5484 Cor.
2945 5446 3022 5497 x1,
3045 5430 3125 5500 7).
3156 5429 3278 5484 Non
3311 5431 3463 5501 quod
3496 5449 3662 5488 mens
3692 5432 3939 5491 feminas

2335 5605 2348 5638 '
2373 5605 2494 5654 Mss.
2518 5605 2781 5668 plerique,
2808 5605 3188 5667 praem-pendo.

2329 5669 2349 5702 ²
2378 5669 2520 5717 Libri
2551 5682 2757 5736 omnes,
2788 5669 2974 5716 addita
3002 5678 3104 5736 est:
3123 5674 3348 5736 excepto
3374 5671 3688 5734 Remigiano
3711 5675 3931 5736 codice,

2266 5731 2319 5779 in
2349 5745 2455 5800 quo
2488 5745 2518 5778 a
2547 5732 2721 5800 prima
2768 5732 3223 5800 m_auu_scriptum
3259 5731 3462 5791 fuerat,
3493 5731 3636 5784 adita
3668 5741 3773 5800 est;
3809 5731 3932 5790 non

2263 5794 2485 5845 omnino
2505 5794 2658 5849 male,
2681 5795 2725 5843 si
2747 5794 3056 5856 subaudias,
3089 5809 3120 5844 a
3148 5801 3419 5859 serpente.
