4066 6416
179 394 274 455 453

178 529 401 585 eamdem
438 527 755 600 imaginem
789 542 993 600 capere
1025 544 1141 583 non
1188 526 1392 601 possit,
1428 541 1561 581 cum
1594 526 1652 579 in
1686 523 1790 579 illa

177 618 359 691 gratias
387 635 492 673 nos
526 618 679 672 dicat
710 634 815 674 nec
849 617 1179 674 masculum
1210 632 1338 673 esse
1370 632 1475 672 nec
1508 614 1785 670 feminam

176 707 340 780 (Galat.
362 724 447 775 ιιι,
470 708 560 775 27,
583 706 675 778 28)
701 724 714 775 ;
748 708 848 763 sed
881 708 1037 778 quod
1074 706 1342 763 fortassis
1377 704 1475 760 illa
1503 704 1611 759 hoc
1642 719 1786 759 non-

176 799 295 852 dum
323 802 647 868 perceperat
677 797 833 868 quod
892 796 956 852 fit
984 797 1044 851 in
1077 796 1374 869 agnitione
1421 793 1546 861 Dei,
1580 796 1636 848 et
1665 792 1788 847 viro

176 890 373 957 regente
401 902 468 941 ac
499 886 874 957 dispensante
896 886 1179 959 paulatim
1212 886 1399 941 fuerat
1421 886 1785 956 perceptura.

176 975 339 1046 Neque
365 975 513 1031 enim
549 976 767 1031 frustra
821 981 912 1031 est
941 975 1085 1030 illud
1137 975 1293 1047 quod
1322 972 1633 1046 Apostolus
1684 971 1783 1038 ait,

171 1064 323 1119 Adam
340 1065 482 1119 enim
504 1065 718 1135 primus
737 1066 1007 1134 formatus
1028 1063 1332 1132 est,deinde
1352 1065 1465 1118 Eva
1494 1080 1513 1117 :
1543 1064 1595 1117 et
1617 1060 1785 1116 Adam

171 1169 265 1208 non
282 1157 351 1209 est
375 1152 639 1224 seductus,
663 1154 866 1209 mulier
884 1163 1075 1209 autem
1103 1153 1321 1209 seducta
1352 1154 1408 1207 in
1436 1152 1785 1223 praevarica-

169 1246 334 1298 tione1
362 1245 505 1314 facta
546 1247 624 1299 est
653 1244 699 1314 (Ι
736 1245 870 1299 Tim.
922 1261 985 1311 ιι,
1040 1244 1125 1314 13,
1161 1244 1286 1312 lli);
1340 1243 1396 1297 id
1429 1247 1536 1311 est,
1586 1246 1649 1296 ut
1686 1255 1789 1311 per

166 1332 310 1387 illam
339 1332 505 1387 etiam
531 1332 616 1387 vir
638 1333 1133 1404 praevaricaretur.
1152 1332 1300 1388 Nam
1331 1336 1388 1387 et
1418 1331 1613 1403 ipsum
1648 1329 1790 1384 dicit

164 1422 662 1492 prevaricatorem,
700 1421 793 1476 ubi
828 1422 928 1476 ait.
964 1426 1033 1477 ιη
1067 1420 1490 1476 similitudinem
1518 1419 1791 1491 praevari-

165 1513 374 1567 cationis
401 1511 553 1582 Αιιθε,
585 1512 682 1582 qui
708 1514 788 1566 est
815 1515 1004 1583 [arma
1032 1512 1215 1582 futuri
1246 1513 1417 1579 (Rom.
1459 1527 1513 1573 v,
1546 1510 1652 1580 l/i).
1687 1508 1785 1564 Se-

164 1601 381 1655 ductum
411 1605 609 1656 tamen
642 1606 841 1672 negat.
864 1600 1008 1657 Nam
1032 1604 1090 1658 et
1119 1600 1515 1672 interrogatus
1544 1615 1659 1654 non
1684 1598 1785 1666 ait,

163 1690 347 1747 Mulier
368 1707 531 1762 quam
558 1690 764 1746 dedisti
791 1707 1025 1761 mecum,
1059 1689 1292 1746 seduxit
1322 1706 1434 1759 me,
1459 1694 1514 1745 et
1544 1688 1788 1744 mandu-

162 1781 309 1848 cavi;
339 1780 459 1850 sed,
491 1783 618 1851 ipsa
649 1780 811 1849 mihi,
848 1782 1063 1852 inquit,
1094 1779 1241 1835 dedit
1267 1796 1301 1834 α
1335 1779 1506 1851 ligno,
1540 1784 1595 1833 et
1626 1794 1789 1831 man-

159 1870 354 1925 ducaui.
388 1869 488 1926 llla
514 1886 673 1937 vero,
703 1870 952 1941 Serpens,
987 1869 1202 1941 inquit,
1234 1868 1454 1923 seduxit
1478 1885 1585 1923 me.

221 1960 304 2014 59.
327 1959 407 2014 lta
427 1958 700 2014 Salomon
723 1960 810 2015 vir
832 1964 1006 2014 tantm
1030 1955 1791 2030 sapientiaemumquidnam

156 2049 493 2103 credendum
513 2052 601 2103 est
622 2049 778 2118 quod
804 2048 862 2102 in
881 2048 1332 2104 simulacrorum
1364 2047 1521 2101 cultu
1545 2046 1794 2102 credidit

154 2154 277 2193 esse
305 2137 518 2208 aliquid
541 2137 812 2193 utilitatis
834 2138 862 2191 ?
889 2138 997 2193 Sed
1032 2136 1346 2192 mulierum
1383 2136 1565 2191 amori
1590 2137 1660 2191 ad
1686 2135 1794 2190 hoc

154 2226 362 2282 malum
391 2226 643 2282 trahenti
670 2227 940 2282 resistere
973 2244 1087 2281 non
1120 2226 1365 2296 evaluit,
1398 2226 1616 2281 faciens
1640 2225 1793 2296 quod

151 2317 364 2372 sciebat
393 2333 509 2371 non
540 2332 670 2372 esse
688 2316 1045 2383 faciendum,
1066 2333 1137 2371 ne
1170 2333 1329 2383 suas,
1352 2316 1569 2386 quibus
1592 2315 1796 2386 deper-

150 2408 269 2462 ibat
286 2410 454 2478 atque
472 2406 797 2477 diffluebat,
812 2405 1142 2462 mortiferas
1160 2405 1405 2461 delicias
1425 2404 1798 2459 contristaret

149 2497 244 2562 (lll
277 2497 399 2564 Reg.
430 2514 511 2563 ιιι,
558 2496 631 2568 4).
668 2497 755 2551 Ita
784 2500 840 2551 et
868 2496 1074 2566 Adam,
1113 2501 1491 2568 posteaquam
1535 2495 1605 2549 de
1636 2492 1795 2564 ligno

147 2586 434 2657 prohibito
454 2586 696 2642 seducta
717 2585 929 2641 mulier
943 2585 1345 2655 manducavit,
1362 2586 1532 2655 eique
1558 2582 1717 2638 dedit
1736 2587 1800 2637 ut

147 2676 322 2732 simul
344 2674 793 2743 ederent,noluit
812 2691 940 2731 eam
955 2676 1507 2746 contristare,quam
1527 2673 1799 2728 credebat

210 2822 225 2854 ί
259 2819 380 2867 Mss.
400 2818 623 2881 aliquot,
642 2817 692 2867 in
711 2817 1205 2881 pravas-irationem.
1229 2817 1380 2881 Haud
1406 2815 1798 2877 inepte,siratio

143 2880 1543 2945 interpretatiOnisproXimeﬁsubsequeutisbabeatur:
1562 2884 1798 2945 attamen

142 2941 382 3007 Apostoli
411 2949 586 2992 textus
610 2941 820 3005 grmcus
850 2944 1027 3002 habet,
1044 2941 1110 2992 ἐιη
1129 2942 1419 3006 parabasei,
1446 2941 1593 3007 quod
1611 2954 1794 3004 recep-

140 3005 249 3058 tam
281 3013 597 3057 ceeterorum
628 3008 875 3057 codicum
904 3005 1186 3057 lectionem
1218 3008 1453 3056 retinere
1481 3005 1639 3067 cogit.

1442 390 1674 453 LIBER
1717 385 2240 452 DUODl‘IClMUS.

3432 393 3553 456 454

1897 539 2071 595 posse
2100 523 2225 578 sine
2254 539 2360 578 suo
2385 523 2594 579 solatio
2624 524 3051 591 contabescere,
3072 526 3120 580 si
3149 527 3220 581 ab
3251 528 3379 597 ejus
3403 529 3545 583 alie-

1898 617 2138 668 naretur
2156 612 2371 681 animo,
2398 617 2454 667 et
2472 611 2707 669 omnino
2727 612 2827 669 illa
2842 612 3078 669 interire
3096 613 3407 671 discordia.
3431 617 3548 671 Nos

1898 701 2137 774 quidem
2159 702 2351 757 carnis
2370 700 2559 758 victus
2578 704 3072 775 concupiscentia,
3090 722 3266 776 quam
3285 707 3547 761 nondum

1897 795 2163 847 senserat
2193 791 2251 845 in
2286 791 2594 848 resistente
2625 790 2750 864 lege
2773 794 3168 850 membrorum
3201 793 3314 867 legi
3338 796 3553 851 mentis

1899 898 2046 949 suae;
2072 880 2171 937 sed
2196 880 2427 937 amicali
2446 883 2702 952 quadam
2722 882 3138 952 benevolentia,
3164 900 3280 954 qua
3300 883 3555 955 plerum-

1898 987 2012 1041 que
2042 971 2108 1027 fit
2139 976 2204 1027 ut
2241 971 2567 1027 offendatur
2610 972 2785 1038 Deus,
2820 988 2893 1027 ne
2924 972 3099 1028 homo
3130 990 3197 1028 ex
3229 974 3416 1029 amico
3450 975 3553 1030 fiat

1895 1060 2176 1117 inimicus
2212 1077 2224 1116 :
2256 1062 2410 1132 quod
2461 1078 2595 1116 eum
2650 1063 2834 1117 facere
2866 1079 2980 1117 non
3013 1062 3308 1131 debuisse,
3343 1064 3551 1119 divinas

1898 1151 2202 1207 sententiae
2226 1151 2428 1221 justus
2458 1151 2648 1206 exitus
2680 1151 2975 1208 indicavit.

1967 1241 2057 1294 60.
2090 1240 2239 1312 Ergo
2270 1240 2382 1297 alio
2416 1241 2587 1297 modo
2617 1242 2869 1312 quodam
2901 1242 3076 1299 etiam
3106 1245 3232 1318 ipse
3272 1244 3551 1315 deceptus

1897 1334 2014 1398 est;
2041 1331 2143 1385 sed
2157 1330 2287 1387 dolo
2304 1329 2401 1385 illo
2419 1332 2778 1403 serpentino,
2805 1348 2920 1402 quo
2945 1332 3158 1388 mulier
3181 1333 3421 1390 seducta
3440 1337 3549 1400 est,

1898 1419 2059 1475 nullo
2074 1421 2245 1476 modo
2260 1419 2362 1476 illu
2374 1437 2428 1476 m
2444 1420 2696 1476 arbitror
2710 1422 2966 1492 potuisse
2981 1422 3181 1479 seduci
3194 1423 3252 1478 in
3266 1423 3365 1479 illo
3379 1424 3550 1479 modo

1899 1526 2015 1581 quo
2032 1508 2133 1565 illa
2153 1510 2361 1582 potuit.
2386 1513 2546 1565 Hanc
2565 1514 2762 1565 autem
2782 1511 3012 1583 proprie
3033 1513 3432 1569 seductionem
3457 1530 3553 1585 ap-

1901 1599 2137 1671 pellavit
2155 1600 2487 1671 Apostolus,
2510 1616 2623 1671 qua
2638 1599 2697 1654 id
2720 1601 2875 1672 quod
2894 1602 3271 1671 suadebatur,
3296 1620 3429 1658 cum
3454 1603 3555 1659 fal-

1902 1706 2034 1745 sum
2058 1693 2233 1755 esset,
2247 1705 2447 1745 verum
2473 1693 2741 1760 putatum
2755 1695 2873 1759 est;
2894 1690 2950 1745 id
2966 1694 3234 1763 est,quod
3248 1692 3405 1749 Deus
3422 1693 3552 1749 ideo

1902 1776 2129 1850 lignum
2142 1777 2288 1833 illud
2304 1782 2543 1850 tangere
2556 1778 2943 1850 prohibuerit,
2959 1781 3108 1851 quod
3127 1780 3347 1836 sciebat
3368 1799 3487 1855 eos,
3502 1800 3557 1856 si

1901 1868 2254 1939 tetigissent,
2271 1867 2428 1923 velut
2445 1868 2583 1925 deos
2600 1868 2850 1937 futuros,
2866 1874 3149 1943 tanquam
3172 1871 3256 1928 eis
3282 1872 3554 1929 divinita-

1900 1961 2017 2012 tem
2053 1956 2357 2028 invideret,
2376 1958 2475 2029 qui
2505 1974 2602 2014 eos
2626 1958 2895 2014 homines
2919 1959 3150 2016 fecerat.
3175 1961 3285 2017 Sed
3304 1963 3478 2018 etiam
3506 1962 3557 2018 si

1900 2046 2090 2102 virum
2111 2051 2344 2119 propter
2365 2047 2622 2119 aliquam
2648 2048 2861 2103 mentis
2882 2048 3215 2119 elationem,
3232 2067 3358 2121 quae
3372 2051 3556 2107 Deum

1902 2136 2266 2192 internorum
2286 2142 2668 2193 scrutatorem
2690 2137 2867 2194 latere
2886 2156 2999 2194 non
3021 2145 3263 2210 poterat,
3281 2140 3558 2197 sollicita-

1903 2226 1984 2281 vit
2013 2226 2208 2296 aliqua
2230 2226 2560 2297 experiendi
2580 2227 3043 2299 cupiditas,cum
3080 2229 3385 2285 mulierem
3404 2230 3561 2285 vidc-

1906 2321 1992 2371 ret
2014 2320 2252 2387 accepta
2274 2315 2517 2371 illaesca
2541 2334 2655 2370 non
2669 2334 2797 2371 esse
2813 2324 3127 2385 mortuam,
3144 2321 3468 2374 secundum
3493 2338 3560 2377 ea

1906 2422 2031 2477 quas
2046 2405 2317 2476 superius
2342 2404 2747 2473 tractavimus;
2777 2424 2889 2461 non
2916 2412 3109 2462 tamen
3129 2424 3263 2462 eum
3287 2409 3559 2479 arbitror,

1906 2496 2095 2566 sijam
2118 2494 2408 2566 spirituali
2430 2502 2623 2551 mente
2648 2496 2923 2567 prmditus
2946 2502 3088 2566 erat,
3105 2496 3224 2552 ullo
3242 2499 3415 2553 modo
3438 2516 3560 2554 cre-

1906 2585 2041 2639 dere
2060 2584 2321 2654 potuisse
2346 2585 2501 2655 quod
2526 2601 2624 2639 eos
2642 2585 2797 2640 Deus
2820 2586 2891 2640 ab
2913 2601 3046 2641 esca
3064 2585 3222 2641 illius
3249 2586 3391 2660 ligni
3416 2588 3559 2643 invi-

1907 2674 2095 2729 dendo
2112 2674 2412 2729 vetuisset.
2428 2673 2535 2729 Sed
2552 2675 2688 2745 quid
2705 2673 2912 2746 plura?
2930 2676 3282 2731 Persuasum
3306 2682 3394 2732 est
3417 2676 3560 2732 illud

1907 2767 2211 2833 peccatum
2240 2760 2392 2815 sicut
2421 2761 2762 2832 persuaderi
2796 2760 3012 2817 talibus
3044 2770 3277 2834 posset:
3306 2768 3560 2821 conscri-

1910 2856 2073 2921 ptum
2107 2855 2195 2905 est
2225 2856 2421 2905 autem
2471 2850 2623 2905 sicut
2654 2850 2766 2922 legi
2816 2851 2887 2905 ab
2918 2852 3195 2908 omnibus
3244 2860 3559 2925 oporteret,

1908 2940 2015 2995 etsi
2045 2958 2077 2995 a
2108 2941 2309 3011 paucis
2341 2940 2461 2995 haec
2493 2939 2960 3011 intelligerentur
2989 2941 3142 2997 sicut
3172 2948 3486 3014 oporteret.

1211 3258 1579 3352 LIBER
1656 3255 2495 3352 DUODECIMUS.

300 3444 360 3492 In
396 3457 503 3506 quo
533 3441 598 3492 de
634 3441 879 3506 paradiso
910 3444 963 3492 et
992 3441 1146 3491 tertio
1178 3440 1314 3490 coelo
1347 3454 1453 3503 quo
1482 3442 1669 3504 raptus
1698 3442 1779 3489 est
1810 3439 2027 3501 Paulus,
2061 3438 2235 3503 deque
2264 3438 2543 3503 multiplici
2572 3439 2840 3489 visionum
2873 3453 3068 3503 genere
3098 3439 3416 3504 disputatur.

136 3734 379 3792 CAPUT
410 3732 718 3791 PRIMUM.
744 3763 814 3775 —-
844 3733 921 3787 De
946 3732 1205 3804 paradiso
1241 3737 1392 3787 locus
1419 3730 1658 3803 Apostoli
1681 3746 1809 3785 exa-

817 3807 1142 3861 minandus.

209 3918 263 3972 1.
301 3915 391 3970 Ab
427 3913 662 3969 exordio
693 3912 1004 3985 Scriptura:
1036 3917 1276 3977 sancta,
1310 3928 1438 3983 quae
1467 3910 1809 3966 inscribitur

132 4005 415 4073 Genesis,
447 4004 630 4059 donec
662 4002 837 4059 homo
869 4002 1100 4075 primus
1123 4002 1195 4056 de
1218 4002 1492 4072 paradiso
1523 4000 1805 4055 dimissus

128 4102 244 4163 est,
274 4092 557 4149 undecim
576 4092 742 4148 libris
766 4092 888 4148 sive
911 4094 1220 4148 asserendo
1245 4096 1421 4162 atque
1441 4090 1806 4145 defendendo

127 4203 261 4256 quas
296 4187 461 4239 certa
513 4182 683 4238 nobis
727 4186 886 4250 sunt,
921 4182 1041 4238 sive
1090 4181 1483 4252 inquirendo‘
1534 4184 1591 4234 et
1620 4178 1806 4234 ambi-

124 4274 334 4348 gendo
356 4274 429 4328 de
447 4272 850 4343 incertis,qua2
871 4271 1195 4343 potuimus,
1219 4274 1278 4325 et
1305 4270 1459 4325 sicut
1481 4268 1803 4341 potuimus,

128 4362 543 4421 disseruimus
561 4367 731 4432 atque
750 4360 1240 4433 conscripsimus;
1263 4376 1375 4414 non
1398 4363 1517 4413 tam
1546 4356 1806 4429 praescri-

124 4456 356 4510 bentes
388 4454 462 4507 de
494 4452 669 4507 rebus
719 4450 985 4507 obscuris
1037 4449 1354 4520 unicuique
1404 4448 1542 4519 quid
1576 4446 1805 4517 sentiat,

124 4559 324 4615 quam
343 4558 452 4596 nos
467 4542 761 4596 docendos
776 4540 835 4595 in
852 4539 1064 4610 quibus
1082 4540 1115 4593 d
1128 4537 1485 4594 ubitavimus
1501 4536 1809 4591 ostenden-

124 4640 247 4698 tes,
268 4630 790 4702 temeritatemque
807 4628 1141 4685 affirmandi
1164 4631 1497 4683 amoventes
1521 4642 1554 4681 a
1575 4625 1809 4689 lectore,

124 4720 236 4776 ubi
277 4737 403 4775 non
434 4719 729 4775 valuimus
762 4720 1019 4791 praebere
1049 4716 1351 4773 sententias
1384 4716 1719 4770 ﬁrmitatem
1746 4715 1806 4768 ει

123 4811 246 4865 iste
272 4815 483 4865 autem
509 4808 894 4864 duodecimus
917 4806 1065 4862 liber
1084 4806 1293 4876 eajam
1318 4821 1460 4860 cura
1479 4804 1809 4876 expeditus,

124 4918 256 4971 quo.
292 4917 408 4953 nos
445 4899 1103 4969 pertractandustextus
1126 4911 1429 4951 sacrarum
1466 4894 1811 4950 Litterarum

122 4988 503 5059 occupabat,
524 4987 766 5042 liberius
785 4992 961 5057 atque
983 4985 1267 5057 prolixius
1286 4984 1541 5039 versabit
1555 4983 1625 5038 de
1650 5000 1813 5055 para-

122 5080 263 5133 diso
285 5078 716 5149 quaestionem;
742 5092 813 5131 ne
832 5082 1108 5148 putemur
1124 5074 1392 5143 evitasse,
1410 5074 1561 5144 quod
1590 5073 1819 5128 videtur

120 5166 471 5239 Apostolus
505 5167 563 5221 in
594 5166 765 5221 tertio
811 5164 953 5220 coelo
986 5165 1287 5219 insinuare
1319 5162 1679 5233 paradisum,
1718 5161 1815 5217 ubi

121 5258 211 5311 ait
234 5275 247 5310 :
280 5257 422 5313 Scio
440 5257 717 5311 hominem
734 5257 789 5309 in
811 5254 1029 5309 Christo
1046 5263 1173 5308 ante
1194 5267 1363 5307 annos
1384 5253 1816 5322 quatuordecim,

117 5350 253 5403 sive
286 5350 361 5402 in
390 5362 617 5416 corpore
647 5347 848 5412 nescio,
878 5346 992 5399 sive
1022 5354 1177 5399 extra
1219 5358 1415 5413 corpus
1444 5343 1644 5403 nescio,
1679 5342 1820 5396 Deus

118 5440 255 5506 scit,
295 5441 529 5508 raptum
550 5435 820 5503 eiusmodi
844 5450 1010 5507 usque
1036 5436 1093 5488 in
1128 5434 1355 5487 tertium
1385 5432 1579 5486 caelum
1603 5448 1621 5484 :
1643 5436 1693 5486 et
1709 5433 1819 5486 scio

118 5528 432 5597 ejusmodi
446 5526 719 5580 hominem
735 5527 851 5579 sive
869 5526 924 5579 in
957 5538 1181 5594 corpore
1199 5523 1313 5575 sive
1328 5523 1491 5575 extra
1511 5538 1704 5592 corpus
1724 5538 1817 5576 ne-

118 5621 269 5685 scio,
300 5618 455 5671 Deus
478 5618 598 5681 scit,
616 5616 749 5687 quia
776 5619 973 5683 raptus
995 5616 1069 5669 est
1092 5614 1151 5667 in
1162 5610 1508 5683 paradisum,
1532 5614 1582 5666 et
1602 5612 1823 5667 audivit

199 5745 214 5775 ¹
259 5743 308 5789 \i
320 5757 400 5791 ss.
430 5740 627 5804 plures,
663 5739 985 5804 inquirendo,
1019 5736 1325 5804 arbitrando
1354 5738 1401 5784 et
1431 5734 1756 5800 ambigendo.

192 5807 215 5840 ²
253 5804 326 5856 In
362 5800 490 5864 Mss,
519 5800 807 5869 plerisque,
839 5801 1062 5853 scientia
1088 5800 1413 5867 ﬁrmitatem.

1920 3730 2239 3803 ineffabilia
2272 3732 2453 3801 verba,
2487 3748 2605 3801 qum
2638 3747 2745 3786 non
2782 3732 2903 3787 licet
2932 3732 3146 3788 homini
3177 3733 3325 3805 loqui
3350 3733 3423 3805 (ll
3444 3734 3568 3791 Cor.

1918 3837 2018 3887 xu,
2051 3822 2200 3890 2-4).

1984 3912 2038 3965 2.
2072 3910 2136 3965 In
2170 3910 2261 3965 his
2294 3909 2488 3967 verbis
2535 3910 2795 3982 primum
2827 3911 3007 3982 quaeri
3036 3910 3207 3979 solet,
3239 3912 3378 3984 quid
3412 3912 3574 3969 dicat

1915 3999 2155 4055 tertium
2179 3998 2388 4054 coelum
2414 4017 2427 4055 :
2453 3999 2685 4069 deinde,
2701 3999 3035 4055 utrumillic
3056 4000 3304 4072 intelligi
3328 4001 3574 4059 voluerit

1915 4088 2277 4161 paradisum,
2296 4106 2367 4142 an
2388 4093 2775 4161 posteaquam
2800 4096 3004 4161 raptus
3018 4090 3179 4146 estin
3196 4091 3432 4148 tertium
3459 4110 3570 4148 cce-

1918 4179 2063 4247 lum,
2098 4188 2331 4249 raptum
2360 4194 2488 4233 esse
2520 4185 2576 4233 et
2625 4178 2683 4233 in
2714 4180 3080 4250 paradisum,
3116 4181 3468 4254 ubicumque
3498 4183 3577 4237 sit

1916 4267 2226 4341 paradisus
2255 4291 2269 4335 ;
2295 4284 2406 4322 non
2432 4272 2495 4322 ut
2526 4267 2633 4322 hoc
2657 4268 2832 4322 fuerit
2859 4269 2982 4341 rapi
3006 4270 3064 4323 in
3098 4271 3338 4327 tertium
3361 4272 3571 4327 oculum

1917 4359 2071 4431 quod
2094 4358 2151 4411 in
2182 4357 2542 4430 paradisum,
2577 4358 2675 4412 sed
2712 4358 2876 4429 prius
2907 4359 2965 4413 in
3001 4360 3238 4415 tertium
3263 4361 3497 4429 cmlum,
3521 4366 3576 4417 et

1920 4452 2049 4520 post
2076 4447 2209 4502 inde
2242 4447 2299 4500 in
2325 4447 2685 4517 paradisum.
2716 4448 2781 4500 Et
2805 4446 2912 4502 hoc
2931 4448 2981 4502 si
3006 4448 3349 4521 ambiguum
3375 4456 3485 4521 est,
3510 4456 3577 4506 ut

1920 4555 2035 4594 non
2059 4537 2202 4592 mihi
2230 4537 2496 4592 videatur
2518 4553 2688 4608 posse
2711 4536 2974 4603 dissolvi,
3002 4537 3116 4593 nisi
3139 4538 3354 4610 aliquis
3377 4557 3491 4596 non
3510 4557 3581 4597 ex

1922 4626 2310 4699 praesentibus
2339 4625 2600 4697 Apostoli
2622 4626 2838 4692 verbis,
2864 4628 2964 4681 sed
2998 4643 3067 4681 ex
3098 4627 3230 4685 aliis
3254 4630 3400 4685 forte
3422 4630 3579 4685 Scri-

1922 4722 2228 4788 pturarum
2265 4715 2427 4783 locis,
2461 4714 2549 4771 vel
2583 4717 2807 4771 ratione
2830 4715 3160 4787 perspicua,
3195 4718 3455 4775 inveniat
3475 4718 3581 4775 ali-

1924 4805 2218 4877 quid,quo
2241 4807 2447 4861 doceat
2469 4806 2588 4861 sive
2620 4805 2679 4861 in
2706 4806 2876 4862 tertio
2901 4808 3042 4861 ccelo
3064 4822 3193 4863 esse
3218 4808 3576 4878 paradisum,

1925 4896 2045 4950 sive
2067 4912 2182 4950 non
2200 4912 2360 4963 esse;
2384 4913 2517 4951 cum
2537 4901 2593 4951 et
2622 4896 2817 4967 ipsum
2843 4898 3079 4952 tertium
3101 4896 3310 4952 omium
3338 4899 3479 4969 quid
3504 4899 3582 4954 sit

1928 5002 2041 5040 non
2074 4984 2300 5055 liquido
2321 4990 2619 5056 appareat,
2656 4990 2854 5041 utrum
2878 4986 2936 5040 in
2960 4987 3133 5042 rebus
3154 4986 3578 5057 corporalibus,

1926 5092 2000 5128 an
2016 5074 2161 5129 forte
2174 5073 2231 5127 in
2246 5074 2655 5143 spiritualibus
2672 5075 3114 5148 intelligendum
3129 5075 3436 5132 sit.Posset
3450 5076 3578 5149 qui-

1928 5162 2188 5218 demdici
2205 5162 2437 5217 nonnisi
2456 5163 2515 5217 in
2540 5163 2733 5219 locum
2752 5166 3006 5236 aliquem
3022 5165 3380 5238 corporalem
3396 5165 3583 5221 homi-

1931 5269 2064 5307 nem
2090 5252 2213 5323 rapi
2242 5251 2503 5323 potuisse
2527 5270 2658 5307 cum
2685 5270 2924 5326 corpore
2953 5272 2964 5322 ;
3000 5256 3102 5310 sed
3135 5256 3271 5326 quia
3294 5255 3479 5311 ethoc
3504 5256 3582 5310 ita

1930 5342 2128 5412 posuit
2162 5346 2222 5395 ut
2254 5340 2477 5395 nescire
2511 5357 2572 5395 se
2620 5342 2852 5411 dixerit,
2889 5347 3085 5398 utrum
3119 5344 3177 5398 in
3212 5360 3471 5417 corpore,
3508 5361 3581 5399 an

1930 5438 2090 5486 extra
2121 5448 2333 5501 corpus
2366 5435 2568 5501 raptus
2600 5430 2696 5499 sit,
2723 5430 2858 5501 quis
2891 5433 3104 5487 audeat
3135 5434 3325 5489 dicere
3350 5450 3411 5489 se
3434 5434 3584 5490 scire

1930 5522 2085 5594 quod
2108 5538 2169 5576 se
2188 5520 2410 5575 nescire
2427 5521 2743 5591 Apostolus
2765 5519 2944 5575 dixit?
2972 5522 3377 5579 Verumtamen
3404 5523 3453 5579 si
3484 5540 3582 5579 ne-

1931 5628 2043 5683 que
2065 5610 2312 5683 spiritus
2334 5610 2459 5665 sine
2478 5625 2716 5680 corpore
2735 5610 2806 5665 ad
2838 5610 2964 5665 loca
2985 5612 3310 5683 corporalia
3336 5615 3459 5683 rapi
3484 5632 3585 5685 po-

1929 5705 2066 5768 test,
2099 5716 2204 5756 nec
2235 5716 2447 5771 corpus
2479 5699 2550 5755 ad
2606 5698 2956 5770 spiritualia,
2991 5700 3110 5755 haec
3140 5700 3268 5772 ipsa
3298 5701 3587 5759 dubitatio

1930 5791 2059 5862 ejus
2076 5791 2232 5847 velut
2249 5788 2984 5862 cogitintell:gi(siquidein
3006 5791 3076 5845 de
3094 5790 3288 5863 seipso
3310 5791 3429 5847 haec
3451 5807 3586 5849 eum
