4066 6418
570 384 687 443 455

568 515 885 587 scripsisse
917 530 1086 569 nemo
1118 513 1405 584 ambigit),
1438 511 1556 567 tale
1587 511 1768 566 fuisse
1800 511 1945 566 illud
1978 528 2089 582 quo
2122 529 2217 567 ra-

568 610 706 676 ptus
736 607 843 672 est,
873 603 1025 674 quod
1060 606 1255 658 utrum
1281 600 1578 672 corporale
1608 618 1681 655 an
1713 600 2017 673 spirituale
2041 607 2215 669 esset,

571 692 835 765 dignosci
869 691 1238 761 discernique
1273 707 1384 745 non
1421 696 1637 761 posset.

566 800 803 856 CAPUT
836 799 905 854 II.
939 828 1009 838 —-
1049 797 1364 867 Apostolum
1406 798 1661 867 potuisse
1701 798 1913 852 nescire
1956 813 2028 851 an
2058 804 2218 854 extra

699 888 892 943 corpus
923 868 1250 940 paradisum
1284 869 1513 933 viderit,
1545 870 1595 922 si
1625 868 1759 923 vidit
1792 871 1849 923 in
1879 871 2093 924 ecstasi.

636 964 688 1018 3.
721 968 861 1017 Cum
884 960 1040 1015 enim
1073 958 1158 1013 vel
1184 958 1242 1012 in
1276 956 1627 1025 somnis,vel
1659 956 1719 1013 in
1753 958 1985 1028 ecstasi,
2009 974 2215 1030 corpo-

564 1069 691 1106 rum
717 1046 2011 1121 exprimunturimagines,non7discernuntur
2032 1046 2218 1102 omni-

562 1158 635 1195 no
667 1157 699 1194 a
731 1138 1092 1211 corporibus,
1126 1137 1239 1192 nisi
1274 1153 1408 1192 cum
1440 1136 1615 1192 homo
1647 1137 1912 1193 redditus
1942 1138 2216 1193 sensibus

561 1228 840 1301 corporis,
874 1227 1237 1299 recognoscit
1268 1242 1330 1280 se
1363 1226 1420 1279 in
1454 1226 1572 1281 illis
1605 1226 1785 1281 fuisse
1832 1226 2212 1298 imaginibus,

562 1336 709 1390 quas
730 1335 847 1373 non
875 1333 977 1389 per
999 1332 1242 1373 sensum
1260 1314 1518 1387 corporis
1541 1314 1866 1371 hauriebat.
1893 1317 2033 1380 Quis
2059 1318 2213 1373 enim

561 1425 696 1464 cum
722 1426 755 1463 a
773 1404 1369 1477 somnoevigilaverit,
1392 1421 1505 1459 non
1531 1405 1805 1461 continuo
1828 1406 2044 1462 sentiat
2067 1407 2210 1462 ima-

555 1497 785 1570 ginaria
814 1496 996 1551 fuisse
1017 1512 1144 1566 quae
1167 1494 1421 1563 videbat,
1450 1494 1719 1565 quamvis
1741 1512 1875 1550 cum
1905 1512 1972 1551 ea
1990 1496 2212 1552 videret

553 1586 879 1652 dormiens,
914 1602 947 1640 a
981 1584 1348 1656 vigilantium
1381 1582 1785 1654 corporalibus
1817 1583 1959 1639 visis
1989 1584 2209 1640 discer-

554 1693 689 1732 nere
711 1692 825 1731 non
847 1673 1115 1731 valebat?
1138 1676 1486 1745 Quanquam
1513 1672 1653 1726 mihi
1676 1673 1961 1729 accidisse
1988 1673 2129 1745 scio,
2153 1678 2210 1730 et

550 1766 623 1820 ob
655 1765 762 1820 hoc
793 1765 970 1820 etiam
1002 1762 1135 1819 aliis
1176 1762 1440 1818 accidere
1472 1763 1735 1833 potuisse
1766 1762 1851 1817 vel
1885 1780 2058 1834 posse
2089 1780 2205 1819 non

548 1854 779 1925 dubito,
813 1858 879 1909 ut
908 1853 967 1908 in
1001 1852 1225 1908 somnis
1259 1852 1485 1917 videns,
1532 1852 1591 1905 in
1623 1852 1847 1907 somnis
1879 1869 1972 1907 me
2012 1854 2206 1909 videre

547 1944 826 2000 sentirem
856 1962 868 2011 ;
904 1942 1151 2014 illasque
1198 1941 1508 2013 imagines,
1544 1958 1671 2012 qua:
1716 1942 1905 2012 ipsam
1940 1948 2201 1997 nostram

547 2034 1032 2090 consensionem1
1067 2032 1369 2087 ludiﬁcare
1418 2036 1869 2101 consueverunt,
1906 2049 2019 2086 non
2070 2048 2202 2087 esse

544 2140 677 2179 Vera
706 2139 969 2194 corpora,
995 2122 1091 2177 sed
1124 2122 1180 2175 in
1218 2120 1441 2176 somnis
1473 2136 1572 2175 eas
1606 2120 1946 2191 praesentari
1980 2121 2199 2177 firmis-

545 2212 904 2278 sime,eliam
938 2209 1252 2279 dormiens,
1270 2216 1526 2264 tenerem
1564 2213 1739 2279 atque
1766 2208 2199 2265 sentirem.Hoc

547 2306 744 2356 tamen
779 2300 1021 2355 fallebar
1047 2299 1384 2369 aliquando,
1432 2298 1586 2369 quod
1624 2298 1809 2353 amico
1838 2315 1987 2366 meo,
2021 2314 2195 2370 quem

548 2389 818 2444 similiter
848 2388 905 2442 in
939 2387 1165 2443 somnis
1206 2387 1494 2453 videbam,
1540 2386 1797 2457 idipsum
1846 2388 2196 2458 persuadere

548 2478 824 2546 conabar,
846 2495 960 2533 non
982 2494 1111 2531 esse
1138 2475 1237 2531 illa
1259 2492 1523 2547 corpora,
1540 2492 1663 2546 qua:
1688 2476 2057 2543 videbamus,
2090 2477 2192 2531 sed

547 2584 678 2623 esse
699 2566 985 2638 imagines
1007 2564 1594 2631 somniantium,cum
1615 2564 1807 2636 etipse
1821 2564 2021 2635 utique
2042 2565 2195 2622 inter

547 2656 649 2712 illa
690 2657 774 2712 sic
822 2655 966 2710 mihi
998 2659 1303 2727 appareret
1333 2654 1627 2725 quomodo
1672 2654 1773 2709 illa
1806 2670 1818 2709 :
1853 2655 1944 2709 cui
1995 2659 2051 2710 et
2084 2655 2191 2711 hoc

546 2746 832 2817 dicebam,
866 2762 1052 2816 neque
1084 2745 1139 2799 id
1174 2761 1370 2799 verum
1402 2761 1527 2799 esse
1560 2744 1713 2814 quod
1746 2744 1960 2815 pariter
1990 2744 2188 2816 loque-

545 2852 763 2906 remur,
780 2836 879 2891 sed
893 2835 1067 2891 etiam
1083 2834 1273 2906 ipsum
1288 2840 1427 2889 tunc
1442 2832 1600 2888 aliud
1615 2833 1829 2904 aliquid
1853 2834 2044 2890 videre
2063 2836 2191 2890 dor-

547 2925 915 2995 mientem,et
937 2929 1132 2979 utrum
1157 2924 1385 2993 istaego
1410 2923 1661 2978 viderem
1685 2923 1922 2978 omnino
1945 2925 2188 2980 nonsci-

543 3032 602 3070 re
619 3036 631 3082 ς
655 3032 855 3071 verum
879 3031 1010 3069 cum
1026 3014 1213 3069 eidem
1230 3013 1341 3085 ipsi
1366 3015 1717 3084 persuadere
1738 3014 2019 3069 moliebar
2032 3015 2184 3085 quod

539 3104 663 3176 ipse
678 3122 791 3160 non
805 3104 1320 3171 csset,adducebar
1332 3120 1399 3158 ex
1416 3108 1576 3174 parte
1590 3103 1759 3159 ctiam
1772 3103 1964 3174 ipsum
1982 3109 2186 3175 putare

538 3211 688 3263 esse,
711 3194 802 3249 cui
826 3194 1080 3265 profecto
1104 3209 1216 3247 non
1239 3192 1589 3263 loquerer,si
1616 3193 1772 3247 omni
1798 3193 1969 3247 modo
1994 3194 2077 3247 sic
2099 3194 2181 3247 af-

540 3286 741 3338 llcerer
761 3284 917 3354 quod
942 3283 1067 3354 ipse
1090 3300 1201 3338 non
1225 3289 1397 3337 esset.
1417 3281 1499 3336 Ita
1514 3300 1627 3337 non
1652 3286 1895 3353 poterat,
1915 3283 2184 3353 quamvis

540 3372 884 3428 mirabiliter
922 3372 1191 3444 vigilans,
1238 3371 1434 3427 anima
1482 3372 1851 3437 dormientis,
1888 3372 1995 3425 nisi
2048 3370 2181 3426 duci

527 3459 888 3533 imaginibus
920 3478 1251 3532 corporum,
1285 3478 1349 3515 ac
1381 3460 1428 3515 si
1461 3477 1704 3530 corpora
1734 3460 1861 3531 ipsa
1891 3464 2105 3515 essent.

600 3550 651 3605 4.
678 3551 739 3605 In
763 3551 972 3605 ecstasi
995 3555 1187 3605 autem
1214 3566 1396 3604 unum
1431 3550 1633 3604 audire
1657 3550 1905 3620 potui,et
1924 3567 2056 3604 eum
2082 3566 2177 3603 ru-

527 3638 819 3695 sticanum
833 3640 930 3694 vix
947 3638 1231 3695 valentem
1251 3641 1404 3711 quod
1425 3639 1715 3694 sentiebat
1727 3639 2177 3709 exprimerc,qui

524 3733 581 3782 et
607 3728 847 3799 vigilare
876 3746 937 3784 se
968 3728 1162 3797 sciret,
1196 3732 1253 3782 et
1283 3726 1475 3781 videre
1507 3726 1787 3795 quiddam
1843 3743 1958 3781 non
1990 3725 2174 3781 oculis

521 3817 799 3888 corporis.
816 3818 962 3873 Nam
988 3824 1049 3872 ut
1071 3818 1199 3887 ejus
1223 3816 1412 3871 verbis
1443 3821 1596 3881 utar,
1617 3820 1901 3886 quantum
1925 3815 2174 3871 recolere

518 3922 759 3976 possum
786 3924 800 3963 :
825 3907 1037 3962 Anima
1054 3905 1438 3976 mea,inquit,
1456 3905 1687 3959 videbat
1708 3922 1865 3973 eum,
1882 3922 1995 3961 non
2017 3907 2171 3961 oculi

517 3995 784 4051 mei.Non
807 4002 1003 4052 tamen
1022 3996 1245 4051 sciebat
1264 4000 1458 4049 utrum
1475 4011 1684 4067 corpus
1699 4000 1871 4062 esset,
1889 4013 1960 4051 an
1977 3996 2169 4068 imago

514 4086 794 4157 corporis.
815 4086 939 4140 Non
963 4085 1118 4140 enim
1142 4090 1264 4139 erat
1288 4084 1440 4155 talis,
1460 4089 1521 4138 ut
1541 4083 1655 4139 ista
1677 4085 2053 4152 discerneret,
2072 4102 2167 4141 ve-

513 4191 644 4229 rum
676 4179 798 4229 tam
831 4173 1176 4245 simpliciter
1198 4172 1407 4239 tidelis,
1434 4178 1498 4227 ut
1527 4189 1661 4228 cum
1681 4173 1764 4228 sic
1788 4174 2074 4241 audirem,
2101 4191 2166 4230 ac

511 4264 558 4318 si
594 4263 737 4318 illud
771 4265 927 4335 quod
959 4280 1021 4319 se
1051 4263 1270 4319 vidisse
1304 4264 1601 4333 narrabat,
1636 4264 1761 4334 ipse
1792 4263 2091 4320 vidissem.

578 4353 633 4408 5.
665 4355 744 4407 Ac
775 4368 877 4422 per
906 4351 1015 4407 hoc
1058 4351 1106 4406 si
1140 4353 1480 4422 paradisum
1535 4352 1746 4427 Paulus
1792 4340 1875 4407 ita
1904 4352 2065 4419 vidit,
2100 4356 2164 4407 ut

508 4441 785 4511 apparuit
815 4444 982 4495 Petro
1016 4440 1109 4496 ille
1136 4442 1335 4496 discus
1358 4442 1692 4497 submissus
1724 4459 1753 4497 e
1785 4441 1924 4496 ccelo
1948 4443 2079 4513 (Act.
2103 4459 2158 4509 x,

510 4530 620 4597 11),
639 4530 926 4585 utJoanni
947 4530 1229 4602 quidquid
1258 4532 1317 4585 in
1337 4530 1681 4603 Apocalypsi
1703 4548 1764 4586 se
1786 4531 2002 4587 vidisse
2024 4547 2159 4586 con-

509 4618 746 4689 scripsit
774 4619 954 4689 (Apoc.
992 4637 1030 4683 1,
1066 4622 1153 4683 1'2,
1184 4628 1328 4689 etc),
1365 4625 1431 4675 ut
1460 4620 1743 4675 Ezechieli
1790 4637 2033 4691 campus
2064 4618 2160 4675 ille

511 4723 646 4761 cum
680 4708 916 4763 ossibus
948 4715 1311 4764 mortuorum
1345 4717 1401 4764 et
1448 4709 1547 4765 illa
1576 4726 1777 4764 eorum
1811 4708 2158 4764 resurrectio

507 4796 725 4869 (Ezech.
762 4813 978 4865 xxxvu,
1014 4800 1187 4867 1-10),
1222 4804 1286 4853 ut
1334 4799 1494 4855 Isaia:
1546 4800 1757 4854 sedens
1806 4803 1978 4867 Deus,
2014 4803 2069 4853 et
2097 4800 2156 4854 in

508 4891 822 4957 conspectu
849 4888 974 4957 ejus
992 4888 1389 4959 Serapbim,et
1420 4905 1520 4943 ara
1546 4888 1702 4941 unde
1722 4888 1896 4941 carbo
1920 4904 2156 4943 assum-

506 4981 641 5047 ptus
674 4977 973 5048 Propheta
1003 4977 1155 5033 labia
1188 4979 1493 5033 mundavit
1519 4978 1670 5047 (Isai.
1693 4977 1891 5047 v1,1-7)
1919 4995 1932 5044 ;
1968 4978 2155 5032 mani-

506 5067 725 5120 festum
756 5071 845 5122 est
875 5083 1007 5122 eum
1038 5067 1307 5140 ignorare
1339 5066 1602 5139 potuisse
1635 5070 1831 5120 utrum
1864 5067 1919 5120 in
1952 5084 2153 5138 corpo-

504 5171 584 5222 re,
619 5172 690 5210 an
723 5161 886 5212 extra
915 5174 1127 5229 corpus
1158 5173 1227 5212 ea
1254 5156 1484 5211 viderit.

502 5288 733 5347 CAPUT
767 5292 864 5359 IlI.
891 5323 959 5363 έ-
984 5292 1270 5360 Apostolus
1291 5299 1465 5345 certus
1488 5306 1544 5344 se
1572 5291 1773 5345 vidisse
1800 5294 2026 5348 tertium
2046 5310 2150 5348 ca:-

839 5366 976 5433 lum,
1013 5368 1257 5420 incertus
1290 5364 1553 5433 quomodo
1586 5363 1804 5418 viderit.

571 5470 624 5524 6.
658 5471 769 5526 Sed
804 5471 852 5525 si
885 5476 1046 5526 extra
1086 5486 1297 5540 corpus
1327 5470 1449 5525 visa
1480 5476 1637 5537 sunt,
1675 5474 1731 5526 et
1760 5489 2003 5543 corpora
2036 5490 2149 5528 non

499 5558 757 5631 fuerunt,
782 5559 974 5614 adhuc
1008 5558 1186 5629 quaeri
1210 5564 1399 5629 potest
1418 5564 1616 5615 utrum
1640 5561 1928 5633 imagines
1952 5579 2151 5633 corpo-

498 5666 631 5705 rum
660 5648 900 5717 fuerint,
920 5665 993 5703 an
1027 5664 1094 5702 ea
1114 5648 1449 5706 substantia
1478 5668 1607 5722 quae
1629 5650 1854 5708 nullam
1886 5651 2146 5723 corporis

565 5795 580 5829 ι
608 5790 761 5853 Editi,
809 5788 1223 5843 consuetudinem
1252 5807 1271 5841 :
1301 5807 1397 5855 pro
1428 5807 1534 5857 quo
1568 5794 1711 5857 Mss,
1748 5794 2141 5847 consensionem.

1458 381 1552 438 DE
1600 378 1877 438 GENESI
1926 383 2025 438 AD
2076 379 2489 439 LITTERAM.
2539 383 2601 442 S.
2650 383 3072 445 AUGUSTINI

3848 388 3951 446 456

2328 513 2773 571 similitudinem
2825 516 2993 588 gerit,
3026 517 3180 571 sicut
3221 516 3395 583 Deus,
3438 516 3591 573 sicut
3630 518 3762 590 ipsa
3806 535 3950 574 mens

2328 604 2603 675 hominis,
2634 605 2723 661 vel
2755 604 3158 677 intelligentia,
3186 605 3273 661 vel
3305 606 3472 674 ratio,
3505 606 3657 663 sicut
3704 608 3947 675 virtutes,

2328 694 2661 764 prudentia,
2707 694 2957 764 justitia,
3010 696 3268 761 castitas,
3316 694 3591 763 charitas,
3644 696 3843 768 pietas,
3896 704 3947 752 et

2328 799 2711 855 quzscumque
2736 784 2866 840 aliae
2897 788 3053 850 sunt,
3089 800 3236 856 quas
3260 783 3635 856 intelligendo
3669 790 3837 858 atque
3864 804 3945 843 co-

2325 872 2563 943 gitando
2594 889 3030 942 enumeramus,
3054 873 3466 942 discernimus,
3491 874 3823 941 deﬁnimus,
3845 894 3945 931 non

2326 962 2530 1033 utique
2561 962 2853 1019 intuentes
2884 962 3238 1019 lineamenta
3258 980 3459 1019 earum
3480 963 3569 1019 vel
3601 963 3836 1033 colores,
3859 972 3947 1020 aut

2326 1052 2619 1122 quomodo
2651 1056 2879 1120 sonent,
2908 1056 3009 1108 aut
3038 1053 3180 1124 quid
3211 1053 3423 1121 oleant,
3459 1057 3560 1109 aut
3603 1052 3745 1125 quid
3774 1053 3828 1109 in
3860 1070 3946 1109 ore

2324 1141 2577 1212 sapiant,
2597 1146 2697 1198 aut
2727 1142 2867 1214 quid
2898 1142 3400 1199 contrectantibus
3421 1142 3491 1198 de
3520 1141 3709 1198 calore
3740 1159 3839 1198 seu
3859 1143 3947 1198 l‘ri-

2323 1246 2484 1301 gore,
2518 1230 2885 1287 mollitudine
2923 1248 3025 1287 seu
3056 1232 3297 1301 duritia,
3343 1230 3579 1287 lenitate
3610 1248 3710 1287 seu
3744 1234 3946 1304 asperi-

2323 1325 2439 1376 tate
2486 1323 2858 1387 renuntient,
2910 1323 3011 1376 sed
3064 1321 3173 1376 alia
3233 1322 3487 1393 quadam
3545 1321 3791 1391 visione,
3845 1322 3950 1377 alia

2320 1408 2601 1480 luce,alia
2631 1426 2825 1465 rerum
2857 1410 3167 1478 evidentia,
3188 1416 3243 1465 et
3273 1428 3339 1466 ea
3369 1410 3538 1482 longe
3567 1412 3789 1467 caeteris
3819 1430 3948 1483 prte-

2320 1500 2601 1555 stantiore
2627 1505 2801 1570 atque
2832 1501 3095 1555 certiore.

2388 1592 2439 1643 7.
2477 1589 2701 1644 Rursus
2726 1590 2905 1660 igitur
2921 1590 2992 1645 ad
3024 1589 3224 1644 eadem
3248 1589 3376 1660 ipsa
3404 1590 3663 1662 Apostoli
3685 1591 3855 1645 verba
3876 1608 3950 1645 re-

2317 1678 2582 1744 deamus,
2598 1683 2653 1732 et
2679 1694 2742 1732 ea
2756 1677 3019 1749 diligenti
3034 1696 3099 1733 us
3114 1683 3568 1749 perscrutemur,
3586 1678 3693 1734 hoc
3712 1679 3836 1734 sine
3852 1680 3951 1735 du-

2317 1767 2599 1822 bitatione
2618 1767 2889 1838 primitus
2907 1768 3244 1837 constituto,
3267 1766 3655 1839 multomagis
3676 1772 3845 1839 atque
3866 1769 3949 1824 in-

2315 1856 2787 1927 comparabilitor
2816 1856 3070 1926 amplius
3106 1855 3448 1927 Apostolum
3482 1856 3685 1922 scisse,
3710 1859 3857 1928 quod
3880 1860 3948 1914 de

2313 1945 2651 2016 incorporea
2665 1962 3054 2015 corporeaque
3069 1950 3277 1999 natura
3289 1962 3392 1999 nos
3408 1946 3733 2001 utsciamus
3747 1952 3951 2001 utcum-

2311 2051 2445 2105 que,
2462 2051 2761 2089 conamur.
2781 2036 2837 2087 Si
2856 2052 2991 2104 ergo
3016 2034 3589 2106 sciebat,spiritualia
3610 2052 3949 2107 percorpus,

2310 2123 2632 2194 corporalia
2664 2129 2819 2177 extra
2854 2141 3062 2195 corpus
3102 2123 3278 2177 videri
3310 2124 3548 2178 omnino
3598 2141 3714 2179 non
3746 2141 3948 2196 posse;

2308 2228 2412 2267 cur
2441 2229 2553 2267 non
2586 2230 2686 2283 per
2714 2229 2781 2266 ea
2813 2212 2939 2283 ipsa
2971 2231 3094 2283 qua:
3129 2213 3293 2279 vidit,
3330 2213 3622 2283 quomodo
3644 2213 3818 2268 etiam
3843 2231 3947 2285 po-

2308 2301 2485 2356 tuerit
2530 2301 2741 2367 videre,
2778 2301 3095 2356 discrevit?
3142 2301 3199 2355 Si
3244 2301 3396 2355 enim
3446 2305 3642 2356 certus
3690 2306 3814 2356 erat
3854 2302 3953 2357 illa

2305 2406 2433 2445 esse
2464 2389 2812 2461 spiritualia,
2839 2406 2942 2443 cur
2966 2407 3077 2444 non
3103 2394 3528 2460 consequenter
3548 2395 3710 2445 extra
3741 2408 3950 2462 corpus

2304 2496 2371 2535 ea
2401 2496 2460 2534 se
2481 2478 2697 2533 vidisse
2719 2484 2911 2533 certus
2938 2478 3316 2533 nihilominus
3343 2478 3510 2533 erat?
3532 2479 3587 2533 Si
3611 2484 3803 2534 autem
3828 2497 3949 2535 cor-

2302 2568 2527 2641 poralia
2558 2586 2683 2623 esse
2717 2574 2971 2636 noverat,
2998 2567 3230 2622 nonnisi
3264 2585 3363 2639 per
3393 2585 3604 2640 corpus
3636 2568 3816 2624 videri
3846 2586 3945 2640 po-

2298 2658 2487 2713 tuisse
2519 2675 2622 2712 cur
2664 2674 2777 2712 non
2829 2658 3001 2712 etiam
3050 2655 3325 2712 noverat?
3360 2656 3520 2712 Unde
3552 2674 3686 2729 ergo
3722 2658 3950 2715 dubitat

2300 2751 2500 2801 utrum
2534 2747 2589 2800 in
2627 2762 2864 2817 corpore
2894 2764 2967 2800 an
3018 2754 3177 2800 extra
3221 2763 3431 2817 corpus
3464 2762 3529 2801 ea
3575 2747 3802 2813 viderit,
3832 2748 3950 2803 nisi

2298 2836 2445 2891 forte
2476 2836 2555 2890 ita
2586 2836 2757 2890 etiam
2791 2835 3022 2889 dubitat
3051 2840 3247 2890 utrum
3282 2835 3381 2889 illa
3410 2852 3649 2906 corpora
3674 2852 3746 2890 an
3780 2837 3944 2891 simi-

2296 2924 2578 2981 litudines
2611 2940 2916 2996 corporum
2942 2924 3199 2979 fuerint?
3230 2924 3393 2979 Prius
3425 2924 3620 2996 itaque
3641 2924 3945 2985 videamus

2298 3014 2438 3084 quid
2489 3015 2566 3069 sit
2614 3014 2673 3067 in
2722 3014 3031 3068 verborum
3080 3013 3326 3068 istorum
3380 3014 3745 3070 c'ontextione
3789 3017 3946 3071 unde

2297 3120 2411 3159 non
2445 3103 2693 3172 dubitet,
2728 3109 2902 3173 atque
2930 3104 3008 3157 ita
3039 3120 3169 3157 cum
3205 3106 3554 3157 remanserit
3586 3104 3739 3158 unde
3772 3105 3944 3159 dubi-

2294 3196 2403 3260 tet,
2430 3192 2697 3247 fortassis
2746 3208 2813 3246 ex
2863 3192 2953 3247 his
2984 3195 3051 3247 de
3100 3182 3312 3261 quibus
3346 3208 3459 3246 non
3514 3192 3764 3261 dubitat,
3799 3211 3945 3266 quo-

2296 3282 2466 3336 modo
2501 3282 2674 3336 etiam
2710 3280 2853 3335 illud
2887 3282 3114 3335 dubitet
3144 3281 3466 3353 apparebit.

2362 3372 2415 3425 8.
2450 3371 2591 3435 Scio,
2621 3371 2829 3440 inquit,
2854 3372 3129 3426 hominem
3150 3371 3209 3425 in
3228 3370 3441 3425 Christo
3472 3382 3601 3425 ante
3616 3388 3789 3425 anuus
3809 3388 3944 3442 qua-

2292 3460 2610 3529 tuorileeim,
2627 3462 2741 3515 sive
2772 3462 2829 3514 in
2860 3476 3081 3530 corpore
3098 3463 3294 3525 nescio,
3309 3463 3427 3514 sive
3446 3469 3604 3514 extra
3631 3475 3830 3531 corpus
3850 3477 3945 3516 ne-

2287 3552 2417 3617 scio,
2450 3553 2588 3605 Deus
2619 3554 2739 3618 scil,
2773 3555 2992 3620 raptum
3012 3550 3277 3619 ejusmodi
3307 3566 3469 3621 usque
3500 3552 3555 3604 in
3590 3552 3814 3604 tertium
3833 3567 3937 3605 ete-

2287 3640 2422 3693 lum.
2456 3640 2570 3693 Scit
2601 3656 2737 3709 ergo
2770 3645 2901 3692 ante
2934 3656 3118 3693 annos
3153 3638 3589 3709 quatuordecim
3627 3638 3685 3692 in
3707 3638 3943 3695 Christo

2286 3736 2515 3800 raptum
2532 3729 2830 3783 hominem
2849 3728 3117 3799 usquead
3138 3726 3369 3781 tertium
3386 3726 3941 3797 ccslum,hocomni-

2284 3835 2356 3872 no
2378 3835 2489 3872 non
2511 3818 2767 3883 dubitat;
2796 3834 2897 3871 nec
2918 3834 3022 3871 nos
3045 3833 3180 3887 ergo
3203 3817 3577 3871 dubitemus:
3606 3817 3704 3871 sed
3734 3822 3935 3871 utrum

2280 3907 2337 3962 in
2371 3923 2609 3978 corpore
2638 3924 2710 3961 an
2733 3911 2893 3960 extra
2924 3905 3428 3977 corpus,dubitat;
3456 3907 3606 3961 unde
3631 3906 3726 3960 illo
3760 3907 3935 3961 dubi-

2277 4001 2459 4059 tante,
2494 3997 2624 4066 quis
2658 4000 2922 4050 nostrum
2956 4001 3151 4049 certus
3170 4011 3297 4049 esse
3321 3994 3573 4049 audeat?
3603 3995 3752 4049 Num
3789 3996 3947 4051 forte

2279 4085 2415 4139 hinc
2446 4085 2620 4139 etiam
2655 4084 2795 4138 illud
2830 4102 3193 4155 consequens
3216 4085 3325 4139 erit
3356 4089 3419 4138 ut
3453 4084 3685 4138 tertium
3716 4084 3937 4139 ccelum

2277 4174 2951 4243 fuissedubitemus,quo
2968 4174 3501 4245 raptumhominem
3519 4173 3755 4228 dixit?Si
3772 4174 3938 4229 enim

2274 4280 2366 4318 res
2385 4263 2512 4335 ipsa
2535 4264 2933 4318 demonstrata
2950 4268 3059 4331 est,
3074 4263 3310 4317 tertium
3336 4262 3545 4317 ccelum
3565 4263 3939 4318 demonstra-

2273 4358 2398 4407 tum
2430 4353 2610 4408 est:si
2644 4358 2839 4407 autem
2867 4353 3058 4423 imago
3083 4352 3277 4423 aliqua
3300 4352 3687 4423 corporalium
3712 4352 3937 4408 similis

2272 4441 2423 4497 facta
2453 4448 2564 4509 est,
2599 4460 2711 4497 non
2763 4448 2887 4497 erat
2936 4442 3081 4495 illud
3139 4443 3373 4497 tertium
3425 4440 3656 4510 ccelum,
3690 4442 3793 4496 sed
3828 4441 3936 4495 illa

2271 4530 2525 4585 ostensio
2559 4531 2642 4586 sic
2665 4531 2934 4586 ordinata
2955 4537 3064 4597 est,
3086 4536 3145 4585 ut
3165 4531 3459 4585 videretur
3477 4531 3589 4585 sibi
3611 4530 3936 4586 ascendere

2270 4621 2524 4690 primum
2553 4621 2785 4687 coelum,
2831 4637 3007 4691 super
3038 4622 3189 4690 quod
3248 4620 3466 4675 videret
3499 4619 3774 4687 alterum,
3809 4637 3934 4691 quo

2269 4727 2473 4765 rursus
2506 4712 2830 4765 ascendens
2856 4713 3064 4765 iterum
3098 4709 3344 4764 alterum
3373 4709 3593 4763 videret
3623 4710 3933 4780 superius,

2267 4816 2381 4871 quo
2403 4817 2537 4855 cum
2560 4801 2937 4871 pervenisset,
2956 4804 3149 4871 posset
3172 4799 3360 4854 dicere
3386 4817 3446 4853 se
3467 4798 3522 4851 in
3550 4799 3786 4851 tertium
3816 4818 3933 4853 ru:-

2265 4887 2385 4943 lum
2405 4897 2657 4960 raptum.
2675 4890 2783 4944 Sed
2806 4889 2945 4943 illud
2964 4891 3115 4960 quod
3137 4890 3301 4943 lertiu
3316 4906 3367 4942 m
3384 4888 3593 4942 cmlum
3620 4893 3930 4959 esset,quo

2266 4984 2468 5048 raptus
2500 4984 2607 5045 est,
2635 4972 2819 5049 neque
2841 4978 3147 5046 dubitavit,
3174 4996 3361 5049 neque
3392 4978 3662 5031 dubitare
3695 4994 3798 5031 nos
3824 4996 3928 5033 v0-

2263 5066 2374 5122 luit
2408 5085 2420 5122 :
2456 5069 2525 5122 ad
2559 5068 2666 5122 hoc
2698 5069 2853 5123 enim
2881 5068 3180 5139 praemisit,
3213 5068 3355 5133 Scio,
3382 5073 3436 5120 et
3464 5067 3597 5121 inde
3629 5067 3830 5138 ccepit,
3860 5072 3931 5120 ut

2264 5156 2317 5211 id
2352 5159 2502 5227 quod
2538 5174 2599 5211 se
2631 5157 2781 5212 scire
2804 5157 3116 5227 Apostolus
3147 5157 3310 5227 dicit,
3336 5156 3496 5211 solus
3528 5154 3623 5209 ille
3656 5172 3769 5210 non
3797 5172 3929 5211 cre-

2263 5247 2361 5301 dat
2392 5263 2593 5301 verum
2628 5262 2775 5314 esse,
2812 5247 2911 5318 qui
2946 5264 3060 5302 non
3093 5247 3277 5301 credit
3304 5244 3597 5316 Apostolo.

2260 5422 2489 5480 CAPUT
2522 5424 2609 5482 IV.
2642 5458 2707 5469 —-
2745 5427 2873 5484 Vere
2917 5429 3143 5483 tertium
3189 5428 3380 5484 caelum
3426 5429 3605 5497 fuisse
3636 5428 3778 5484 illud
3810 5446 3927 5501 quo

2330 5503 2520 5569 raptus
2549 5503 2627 5573 est
2656 5501 2956 5570 Apostolus.
2990 5502 3297 5570 Difficultas
3325 5501 3585 5573 quomodo
3618 5503 3930 5573 Apostolus

2328 5575 2512 5645 certus
2540 5572 2610 5645 sit
2638 5576 2703 5626 de
2730 5573 2859 5628 σιτιιο
2893 5576 3023 5639 viso,
3057 5583 3108 5629 et
3137 5575 3384 5628 incertus
3416 5574 3479 5629 de
3511 5572 3663 5627 modo
3694 5591 3799 5645 quo
3842 5578 3929 5629 vi-

2327 5656 2446 5696 sum
2474 5643 2604 5715 fuit.

2324 5786 2375 5842 9.
2411 5786 2532 5845 Scit
2560 5803 2695 5864 ergo
2725 5786 3023 5845 hominem
3056 5794 3289 5862 raptum
3320 5806 3449 5846 esse
3480 5806 3664 5861 usque
3696 5788 3757 5845 in
3791 5795 3920 5848 ter-
