4066 6360
457 313 575 374 459

452 448 595 504 bent
628 449 912 519 imagines
935 449 1025 504 sui
1048 450 1425 522 similes,quae
1450 467 1563 504 non
1596 454 1734 504 sunt
1760 451 1913 521 quod
1938 449 2096 520 ipsae.

451 539 597 593 Nam
623 539 796 594 homo
828 539 914 594 vel
948 542 1121 595 arbor
1142 540 1225 594 vel
1254 540 1423 602 sol.et
1445 555 1823 611 quascumque
1844 539 1957 593 alia
1979 556 2104 593 cor-

453 627 745 699 pora,sive
763 628 1002 685 colestia
1023 630 1141 684 sive
1166 630 1544 695 terrestria,et
1566 627 1874 700 praesentia
1906 627 2105 682 viden-

452 722 550 772 tur
574 718 634 772 in
655 718 781 774 suis
805 719 1095 788 formis,et
1112 718 1375 773 absentia
1392 718 1721 790 cogitantur
1742 716 2104 789 imaginibus

458 807 1019 880 animoimpressis;
1051 813 1106 863 et
1148 808 1369 862 faciunt
1395 808 1508 862 duo
1541 823 1755 878 genera
1802 806 2058 861 visorum
2086 822 2099 860 :

458 914 638 952 unum
672 915 774 969 per
821 898 1081 969 corporis
1104 914 1337 963 sensus,
1369 896 1619 952 alterum
1661 913 1764 967 per
1804 896 2101 967 spiritum,

453 1004 567 1057 quo
592 986 703 1041 illa:
726 986 1012 1059 imagines
1030 988 1421 1043 continentur.
1446 986 1687 1041 Dilectio
1710 990 1906 1041 autem
1931 1001 2103 1040 num-

455 1078 592 1147 quid
628 1076 796 1132 aliter
823 1078 1056 1133 videtur
1079 1095 1333 1149 praesens
1364 1079 1421 1132 ln
1454 1077 1646 1148 specie
1672 1092 1789 1147 qua
1806 1078 1914 1141 est,
1937 1074 2106 1129 aliter

453 1166 666 1221 absens
713 1167 772 1221 in
805 1165 1004 1237 aliqua
1037 1168 1291 1238 imagine
1319 1166 1410 1223 sui
1442 1165 1663 1221 simili?
1704 1165 1828 1220 Non
1862 1164 2100 1235 utique;

452 1257 550 1311 sed
575 1261 861 1326 quantum
901 1261 1094 1312 mente
1118 1256 1272 1311 cerni
1309 1260 1516 1326 potest,
1552 1256 1623 1310 ab
1656 1254 1768 1310 alio
1793 1254 2003 1325 magis,
2031 1252 2102 1307 ab

452 1344 566 1400 alio
600 1346 797 1402 minus
829 1347 954 1417 ipsa
989 1345 1280 1401 cernitur:
1320 1346 1368 1399 si
1410 1353 1610 1419 autem
1635 1344 1856 1416 aliquid
1900 1360 2103 1414 corpo-

452 1435 594 1490 ralis
624 1434 898 1507 imaginis
930 1434 1236 1507 cogitatur,
1271 1450 1384 1489 non
1418 1434 1545 1505 ipsa
1575 1432 1852 1488 cernitur.

449 1596 683 1652 CAPUT
712 1597 833 1651 VII.
878 1629 945 1636 —
987 1596 1195 1652 Genera
1232 1596 1544 1651 visionum:
1594 1594 1899 1665 corporale,
1932 1593 2103 1661 spiri-

518 1669 1099 1737 tuale,intellectuale.
1136 1668 1428 1739 Corporale
1454 1668 1681 1739 proprie
1731 1669 1781 1722 et
1823 1665 2102 1721 translate.

517 1741 823 1813 Spirituale
849 1742 1101 1813 pluribus
1134 1742 1343 1796 modis.

517 1885 607 1941 16.
641 1884 770 1939 Haec
807 1888 945 1939 sunt
971 1885 1082 1939 tria
1112 1900 1325 1955 genera
1354 1882 1667 1945 visionum,
1704 1882 1773 1935 de
1809 1878 2023 1950 quibus
2051 1882 2106 1935 et

446 1977 505 2031 in
530 1974 935 2046 superioribus
958 1974 1125 2029 libris
1148 1973 1369 2044 aliquid
1391 1970 1832 2039 diximus,sicut
1856 1986 1947 2023 res
1972 1985 2104 2039 pos-

450 2066 641 2121 tulare
663 2065 987 2135 videbatur,
1014 2081 1127 2119 non
1162 2067 1354 2117 tamen
1388 2078 1588 2116 eorum
1615 2074 1926 2114 numerum
1951 2073 2108 2112 com-

458 2153 916 2212 memoravimus
940 2171 952 2219 ;
976 2158 1200 2207 etnunc
1224 2151 1471 2207 breviter
1501 2151 1584 2205 eis
1610 2148 2105 2216 insinuatis,quo-

456 2246 615 2300 niam
639 2248 914 2314 suscepta
945 2242 1188 2313 quaestio
1224 2241 1445 2312 ﬂagitat
1479 2244 1539 2294 ut
1570 2240 1640 2293 de
1685 2238 1777 2293 his
1804 2236 2105 2307 aliquanto

455 2334 697 2389 uberius
729 2333 1113 2398 disseramus,
1148 2331 1427 2385 debemus
1459 2346 1526 2384 ea
1548 2327 1725 2382 certis
1755 2332 1811 2380 et
1832 2324 2106 2397 congruis

455 2424 691 2496 signare
720 2420 1161 2487 nominibus,ne
1182 2419 1417 2474 assidue
1448 2414 1965 2485 circumloquendo
1990 2430 2105 2467 mo-

456 2530 551 2569 ras
582 2512 888 2567 faciamus.
923 2510 1184 2564 Primum
1220 2526 1355 2580 ergo
1389 2505 1753 2579 appellemus
1786 2503 2106 2573 corporale,

454 2603 595 2676 quia
642 2618 744 2673 per
792 2616 1003 2671 corpus
1055 2598 1373 2670 percipitur
1427 2602 1484 2651 et
1539 2595 1798 2666 corporis
1832 2593 2106 2652 sensibus

454 2693 776 2751 exhibetur.
791 2689 1122 2745 Secundum
1138 2688 1471 2759 spirituale;
1496 2686 1778 2758 quidquid
1795 2684 1950 2738 enim
1978 2698 2107 2737 cor-

453 2800 564 2856 pus
596 2797 713 2837 non
745 2784 836 2835 est
865 2783 921 2833 et
950 2782 1145 2833 tamen
1178 2776 1397 2849 aliquid
1426 2777 1659 2847 est,jam
1690 2780 1841 2829 recte
1866 2772 2107 2856 spiritus

453 2874 703 2931 dicitur:
738 2876 794 2927 et
823 2870 1026 2943 utique
1058 2886 1175 2925 non
1206 2874 1295 2926 est
1326 2868 1844 2940 corpus,quamvis
1878 2851 2109 2937 corpori

452 2962 665 3021 similis
705 2961 803 3028 sit,
836 2961 1030 3031 imago
1065 2958 1325 3015 absentis
1380 2957 1661 3029 corporis,
1697 2971 1802 3011 nec
1851 2955 1948 3009 ille
1978 2954 2105 3025 ipse

452 3054 695 3110 obtutus
747 3067 861 3122 quo
912 3049 1189 3105 cernitur.
1224 3048 1489 3103 Tertium
1518 3063 1655 3101 vero
1687 3044 2101 3113 intellectuale,

450 3144 522 3199 ab
557 3139 851 3197 intellectu
884 3157 897 3205 ;
932 3138 1071 3209 quia
1093 3136 1345 3192 mentale
1378 3154 1409 3192 a
1440 3140 1655 3201 mente,
1682 3134 1808 3205 ipsa
1838 3131 2101 3189 vocabuli

450 3231 708 3288 novitate
739 3227 918 3283 nimis
949 3227 1273 3282 absurdum
1305 3230 1414 3295 est,
1448 3230 1514 3280 ut
1544 3225 1829 3279 dicamus.

523 3320 610 3375 17.
644 3319 861 3375 Horum
914 3315 1330 3371 vocabulorum
1393 3316 1678 3369 rationem
1729 3313 1777 3368 si
1827 3310 2101 3368 subtilius

451 3410 715 3475 reddam,
749 3412 806 3465 ct
836 3406 1111 3478 prolixior
1140 3409 1196 3460 et
1224 3404 1550 3477 perplexior
1581 3419 1771 3459 sermo
1803 3402 1931 3467 erit,
1964 3418 2098 3457 cum

451 3499 562 3554 hoc
593 3498 682 3552 vel
716 3495 992 3565 nulla,vel
1018 3500 1173 3549 certe
1203 3511 1317 3549 non
1350 3498 1513 3548 tanta
1545 3492 1863 3548 necessitas
1885 3490 2095 3563 exigat.

450 3586 604 3643 Satis
635 3590 725 3641 est
755 3600 891 3657 ergo
924 3583 1073 3639 scire
1126 3581 1424 3654 corporale
1467 3581 1687 3653 aliquid
1738 3580 1824 3635 vel
1870 3578 2101 3651 proprie

451 3676 589 3741 dici,
620 3691 755 3731 cum
802 3675 874 3729 de
904 3673 1243 3743 corporibus
1283 3671 1583 3742 agitur,vel
1616 3670 1791 3725 etiam
1815 3668 2099 3725 translato

451 3764 756 3831 vocabulo,
787 3764 939 3819 sicut
969 3763 1192 3817 dictum
1228 3766 1334 3831 est,
1388 3763 1529 3830 Quia
1570 3763 1628 3815 in
1668 3763 1781 3831 ipso
1822 3759 2102 3814 inhabitat

453 3857 631 3913 omnis
656 3852 940 3926 plenitudo
970 3853 1279 3907 divinitatis
1308 3852 1682 3921 corporaliter.
1718 3850 1913 3920 Neque
1943 3849 2099 3904 enim

455 3943 730 3999 divinitas
762 3958 974 4013 corpus
1005 3946 1114 4010 est,
1147 3942 1245 3997 sed
1293 3942 1429 4012 quia
1474 3946 1839 3996 sacramenta
1877 3938 2101 3993 Veteris

456 4033 814 4091 Testamenti
840 4030 1093 4103 appellat
1124 4032 1364 4087 umbras
1397 4030 1845 4102 futuri,propter
1874 4028 2103 4083 umbra-

461 4139 592 4179 rum
618 4121 1110 4193 comparationem
1144 4120 1517 4193 corporaliter
1554 4120 1703 4175 dixit
1751 4117 2014 4173 habitare
2044 4117 2103 4172 in

459 4212 688 4267 Christo
723 4211 1144 4284 plenitudinem
1196 4210 1538 4275 divinitatis,
1573 4209 1727 4280 quod
1758 4208 1815 4262 in
1848 4206 1947 4263 illo
1993 4207 2105 4262 im-

458 4302 727 4374 pleantur
756 4302 973 4372 omnia,
1009 4317 1133 4371 qua:
1166 4301 1224 4355 in
1257 4299 1376 4355 illis
1406 4299 1634 4355 umbris
1665 4299 1910 4370 ﬁgurata
1943 4304 2103 4368 sunt,

458 4409 523 4447 ac
553 4392 638 4447 sic
700 4390 1133 4462 quodammodo
1190 4390 1535 4444 umbrarum
1595 4388 1829 4443 illarum
1876 4388 2001 4460 ipse
2031 4389 2107 4445 sit

458 4498 670 4553 corpus
700 4482 922 4548 (C‘oloss.
954 4497 1016 4551 ιι,
1059 4480 1115 4545 9,
1150 4480 1261 4550 17),
1296 4479 1403 4533 hoc
1432 4482 1520 4533 est
1569 4479 1891 4549 ﬁgurarum
1936 4484 1993 4535 et
2023 4481 2106 4536 si-

458 4569 901 4642 gniﬁcationum
954 4568 1190 4624 illarum
1240 4568 1364 4639 ipse
1404 4569 1483 4621 sit
1512 4568 1744 4621 veritas.
1778 4568 1941 4623 Sicut
1969 4586 2106 4643 ergo

457 4659 597 4731 ipsae
625 4660 823 4731 figura
849 4655 1545 4730 signiﬁeative,translato
1570 4658 1771 4728 utique
1804 4659 2103 4729 vocabulo,

458 4767 571 4805 non
608 4750 836 4822 proprie
864 4750 1029 4803 dictzs
1049 4750 1189 4801 sunt
1222 4747 1475 4800 umbrae:
1507 4746 1589 4800 ita
1620 4750 1677 4801 et
1707 4748 1856 4817 quod
1885 4749 1965 4804 ait
1984 4749 2107 4821 ple-

458 4839 787 4895 nitudinem
821 4837 1146 4893 divinitatis
1192 4835 1569 4907 corporaliter
1596 4835 1881 4904 habitare,
1916 4843 2105 4897 trans—

458 4929 574 4985 lato
606 4930 780 4985 verbo
816 4945 960 4983 usus
1000 4928 1109 4981 est.

530 5021 615 5074 18.
640 5017 952 5091 Spirituale
982 5020 1174 5071 autem
1205 5014 1470 5087 pluribus
1494 5018 1682 5073 modis
1701 5020 1933 5077 dicitur.
1959 5023 2105 5078 Nam

463 5114 519 5164 et
534 5108 929 5181 corpus,quod
955 5107 1213 5160 futurum
1243 5112 1333 5161 est
1362 5106 1417 5161 in
1447 5110 1868 5166 resurrectione
1883 5116 2107 5169 sancto-

457 5215 585 5254 rum
600 5197 924 5269 ,spirituale
940 5195 1198 5268 appellat
1220 5196 1455 5267 Apostol
1469 5198 1660 5262 us,ubi
1686 5199 2109 5265 ait,Seminatur

454 5304 648 5356 corpus
680 5286 1211 5354 animale,resurget
1238 5302 1429 5357 corpus
1459 5288 1756 5358 spirituale
1781 5292 1823 5360 (Ι
1862 5295 1987 5348 Cor.
2011 5311 2104 5371 xv,

453 5379 585 5447 44);
620 5391 684 5430 eo
717 5375 871 5445 quod
908 5375 1073 5430 miris
1098 5376 1287 5431 modis
1325 5377 1393 5430 ad
1419 5394 1651 5433 omnem
1679 5380 2017 5435 facilitatem
2052 5382 2108 5437 et

455 5465 953 5535 incorruptionem
971 5464 1524 5536 spirituisubdatur,
1549 5472 1604 5521 et
1643 5466 1768 5522 sine
1803 5467 1923 5523 ulla
1954 5471 2104 5524 indi-

461 5554 658 5626 gentia
671 5552 1060 5625 corporalium
1088 5553 1501 5611 alimentorum
1517 5554 1639 5611 solo
1652 5556 2104 5629 viviﬁceturspi~

454 5643 1300 5717 ritu,nonquodincorpoream
1339 5645 1728 5701 substantiam
1763 5648 1840 5701 sit
1869 5648 2104 5704 habitu-

458 5753 611 5791 rum:
632 5753 817 5807 neque
832 5736 988 5793 enim
1005 5742 1060 5794 et
1075 5737 1181 5793 hoc
1197 5735 1612 5807 corpus,qualc
1627 5754 1780 5793 nunc
1795 5738 2104 5813 habemus,

456 5828 659 5885 animae
675 5827 847 5885 habet
858 5826 1337 5896 substantiam,et
1351 5826 1460 5884 hoc
1478 5828 1731 5900 estquod
1744 5829 2108 5903 anima,quia

1356 317 1453 377 DE
1499 317 1775 378 GENESI
1824 318 1927 376 AD
1974 317 2392 391 LITTERAM,
2442 319 2500 377 S.
2553 319 2981 381 AUGUS'I‘INI

3754 321 3873 382 ‘60

2212 449 2431 503 dictum
2465 455 2555 506 est
2592 452 2862 508 animale.
2902 455 3044 509 Item
3093 452 3335 525 spiritus
3384 453 3620 521 dicitur,
3651 453 3743 510 vel
3776 471 3874 510 aer

2216 538 2440 607 iste,vel
2474 540 2646 597 flatus
2679 543 2893 611 ejus,id
2925 548 3013 599 est
3044 548 3239 599 motus
3278 544 3427 615 ejus,
3460 543 3614 599 sicut
3648 544 3871 599 dictum

2217 634 2329 684 est:
2345 631 2437 699 Ign
2447 631 2513 698 is,
2520 630 3339 703 grando,nix,glacies,spiritus
3352 634 3689 704 tempestatis
3706 633 3872 702 (Psal.

2217 735 2445 783 cxnvm,
2474 722 2528 773 8.
2568 720 2787 774 Dicitur
2818 722 2994 775 etiam
3029 722 3275 793 spiritus
3306 722 3525 793 anima,
3551 722 3671 778 sive
3695 738 3873 794 peco-

2216 807 2317 873 ris,
2353 808 2470 862 sive
2503 807 2780 877 hominis,
2814 810 2968 864 sicut
2999 812 3287 882 scriptum
3320 816 3447 867 est:
3482 814 3547 867 Et
3592 813 3711 883 quis
3741 814 3872 881 scit,

2215 896 2445 967 spiritus
2481 898 2726 966 ﬁliorum
2757 899 2994 954 hominis
3022 902 3071 954 si
3100 900 3354 956 ascendat
3402 902 3516 972 ipse
3544 918 3794 970 sursum,
3824 910 3873 956 et

2214 988 2449 1056 spiritus
2472 990 2682 1057 pecoris
2715 988 2767 1043 si
2809 989 3095 1043 descendat
3127 992 3240 1061 ipse
3269 989 3518 1045 deorsum
3557 992 3617 1045 in
3666 1001 3875 1047 terram

2214 1074 2414 1143 (Eccle.
2450 1093 2535 1143 ιιι,
2567 1078 2657 1149 21)
2684 1078 2702 1131 Β
2736 1077 2959 1133 Dicitur
2988 1079 3234 1151 spiritus
3257 1086 3314 1136 et
3342 1079 3471 1152 ipsa
3503 1098 3670 1137 mens
3694 1082 3873 1137 ratio-

2216 1164 2385 1232 nalis,
2422 1166 2521 1221 ubi
2560 1172 2649 1221 est
2688 1169 2930 1238 quidam
2970 1174 3252 1240 tanquam
3295 1170 3501 1226 oculus
3533 1171 3764 1242 animas,
3798 1172 3872 1226 ad

2216 1270 2388 1324 quem
2412 1256 2662 1326 pertinet
2682 1257 2873 1329 imago
2894 1264 2949 1313 et
2966 1259 3187 1329 agnitio
3211 1260 3329 1315 Dei.
3350 1258 3510 1314 Unde
3528 1260 3673 1315 dicit
3692 1266 3877 1332 Apos-

2216 1343 2391 1409 tolus,
2428 1346 2798 1401 Renovamini
2844 1348 3045 1418 spiritu
3094 1351 3291 1404 mentis
3324 1358 3537 1416 vestrm,
3566 1358 3617 1406 et
3650 1350 3878 1406 induite

2213 1449 2417 1488 novum
2463 1434 2764 1505 hominem,
2808 1440 2904 1509 qui
2949 1438 3251 1493 secundum
3305 1440 3473 1494 Deum
3525 1444 3740 1495 creatus
3793 1444 3875 1495 est

2214 1523 2433 1593 (Ephes.
2471 1541 2544 1593 ιν,
2578 1526 2668 1595 23,
2699 1526 2827 1594 24);
2862 1542 2994 1580 cum
3042 1531 3100 1581 et
3130 1526 3266 1582 alibi
3300 1527 3454 1582 dicat
3485 1528 3556 1583 de
3596 1528 3874 1584 interiore

2216 1610 2473 1677 homine,
2512 1613 2618 1679 Qui
2666 1622 2965 1669 renovatur
3008 1617 3067 1668 in
3097 1617 3376 1685 agnitione
3422 1617 3539 1683 Dei,
3571 1617 3873 1673 secundum
3950 1679 3961 1689 _

2214 1700 2518 1768 imagincm
2548 1703 2664 1771 eius
2696 1706 2792 1773 qui
2818 1706 3029 1759 creavit
3056 1720 3180 1759 eum
3208 1705 3433 1775 (Coloss.
3461 1722 3546 1772 ιιι,
3576 1706 3684 1776 10).
3725 1705 3873 1762 Item

2216 1806 2348 1843 cum
2383 1790 2647 1855 dixisset,
2682 1794 2855 1862 Igitur
2889 1796 3003 1864 ipse
3042 1810 3140 1864 ego
3171 1804 3350 1849 mente
3386 1796 3561 1849 servio
3592 1795 3701 1866 legi
3747 1796 3872 1862 Dei,

2214 1894 2384 1932 carne
2430 1888 2614 1934 autem
2660 1882 2767 1951 legi
2806 1884 3019 1953 peccati
3061 1883 3232 1953 (Rom.
3267 1899 3369 1952 v11,
3408 1884 3535 1955 25);
3582 1883 3693 1939 alio
3740 1884 3870 1940 loco

2216 1968 2481 2022 eamdem
2536 1972 2891 2025 sententiam
2925 1988 3417 2043 commemorans,
3452 1972 3615 2041 Caro,
3650 1973 3871 2044 inquit,

2210 2060 2548 2128 concupiscit
2593 2061 2853 2115 adversus
2902 2062 3186 2132 spiritum,
3236 2070 3287 2116 et
3327 2062 3558 2132 spiritus
3606 2062 3869 2118 adversus

2215 2162 2458 2208 carnem.
2490 2151 2547 2201 ut
2575 2165 2685 2203 non
2730 2166 2794 2204 ea
2831 2165 2948 2220 quae
2979 2152 3139 2205 vultis
3169 2152 3398 2221 faciatis
3425 2149 3627 2219 (Galat.
3662 2168 3715 2221 v,
3750 2154 3870 2223 17),

2217 2252 2392 2306 quam
2424 2236 2569 2291 dixit
2600 2243 2875 2307 mentem,
2910 2239 3060 2293 hanc
3087 2238 3264 2294 etiam
3300 2238 3576 2311 spiritum
3609 2240 3871 2313 appella-

2216 2325 2313 2378 vit.
2355 2326 2575 2381 Dicitur
2605 2328 2850 2399 spiritus
2882 2328 3058 2383 etiam
3091 2334 3261 2397 Deus,
3296 2327 3450 2383 sicut
3479 2329 3559 2384 ait
3582 2328 3871 2386 Dominus

2216 2411 2274 2465 in
2309 2414 2653 2487 Evangelio:
2706 2417 2950 2489 Spiritus
2980 2422 3059 2473 est
3090 2419 3249 2486 Deus,
3284 2426 3334 2473 et
3375 2434 3462 2473 eos
3492 2420 3589 2489 qui
3624 2419 3877 2475 adorant

2217 2518 2361 2573 eum,
2405 2506 2462 2559 in
2507 2508 2711 2577 spiritu
2754 2516 2811 2563 et
2860 2509 3079 2564 veritate
3130 2512 3337 2579 oportet
3393 2508 3626 2565 adorare
3684 2510 3868 2580 (Joan.

2218 2607 2293 2662 IV,
2326 2593 2438 2663 25).

2217 2699 2453 2755 CAPUT
2468 2703 2611 2758 VIII.
2628 2736 2693 2743 —-
2712 2705 2857 2761 Unde
2871 2706 3162 2776 spirituale
3177 2704 3387 2762 dicitur
3399 2708 3676 2762 visionum
3694 2724 3867 2778 genus

2878 2779 3197 2833 secundum.

2289 2862 2373 2917 19.
2410 2864 2485 2919 Ex
2517 2864 2609 2921 his
2640 2866 2915 2922 omnibus
2948 2868 3159 2936 modis,
3194 2883 3341 2938 quos
3380 2868 3866 2925 commemoravi-

2217 2968 2369 3021 mus,
2405 2955 2622 3025 quibus
2654 2956 2986 3029 appellatur
3016 2957 3406 3029 spiritus,non
3440 2957 3729 3014 traximus
3756 2958 3865 3015 hoc

2214 3042 2584 3112 vocabulum,
2635 3062 2750 3116 quo
2801 3046 3225 3118 appellavimus
3275 3044 3580 3118 spirituale
3640 3047 3745 3103 hoc
3778 3048 3865 3103 vi-

2214 3131 2395 3187 sionis
2424 3149 2609 3205 genus
2642 3134 2711 3190 de
2743 3153 2853 3206 quo
2887 3153 3041 3191 nunc
3072 3136 3339 3208 agimus;
3371 3135 3470 3191 sed
3507 3152 3575 3190 ex
3606 3135 3707 3191 illo
3746 3154 3863 3193 uno

2213 3222 2385 3277 modo
2416 3239 2589 3294 quem
2624 3224 2954 3281 invenimus
2985 3226 3042 3280 in
3096 3223 3353 3297 Epistola
3383 3225 3455 3280 ad
3506 3226 3861 3298 Corinthios,

2213 3326 2326 3381 quo
2380 3311 2625 3383 spiritus
2678 3331 2710 3369 a
2760 3317 2953 3369 mente
3000 3314 3388 3385 distinguitur
3415 3314 3861 3372 evidentissima

2212 3400 2571 3457 testimonio.
2607 3402 2667 3458 Si
2693 3406 2841 3459 enim
2871 3419 3115 3475 oravero,
3141 3403 3350 3475 inquil,
3377 3403 3599 3474 lingua,
3626 3406 3864 3476 spiritus

2209 3505 2359 3544 meus
2380 3500 2518 3559 orat,
2537 3508 2687 3549 mens
2709 3496 2891 3549 autem
2917 3510 3040 3549 mea
3070 3494 3413 3563 infructuosa
3435 3496 3529 3549 est.
3562 3495 3706 3549 Cum
3727 3511 3863 3565 ergo

2210 3577 2473 3651 linguam
2510 3585 2523 3617 ί
2558 3582 2917 3653 intelligatur
2967 3582 3076 3639 hoc
3105 3581 3230 3637 loco
3264 3581 3455 3637 dicere
3485 3581 3766 3639 obscuras
3804 3588 3865 3639 et

2210 3671 2489 3741 mysticae
2534 3672 3013 3745 signiﬁcationes,
3048 3689 3080 3728 a
3129 3672 3346 3744 quibus
3394 3670 3443 3727 si
3493 3670 3859 3728 intellectum

2212 3760 2426 3816 mentis
2458 3778 2781 3831 removeas,
2814 3779 2985 3818 nemo
3016 3761 3357 3827 aediﬁcatur,
3381 3760 3669 3817 audiendo
3696 3762 3855 3833 quod

2214 3866 2326 3904 non
2358 3850 2668 3923 intelligit;
2703 3852 2856 3908 unde
2888 3852 3065 3908 etiam
3099 3852 3261 3919 dicit,
3294 3852 3404 3919 Qui
3431 3852 3581 3905 enim
3610 3851 3858 3922 loquitur

2212 3938 2423 4009 lingua,
2454 3956 2566 3995 non
2598 3942 2913 3997 hominibus
2935 3941 3195 4012 loquitur,
3231 3940 3323 3995 sed
3351 3941 3488 4001 Deo;
3525 3956 3681 3996 nemo
3712 3942 3864 3997 enim

2211 4028 2389 4095 audit,
2411 4031 2637 4101 spiritus
2667 4040 2849 4087 autem
2871 4031 3110 4102 loquitur
3139 4030 3438 4101 mysteria:
3474 4030 3618 4085 satis
3641 4029 3865 4087 indicat

2213 4133 2339 4172 eam
2372 4134 2433 4174 se
2465 4120 2727 4193 linguam
2758 4120 2866 4176 hoc
2899 4120 3024 4176 loco
3056 4117 3487 4191 appellare,ubi
3518 4123 3655 4173 sunt
3676 4118 3862 4191 signi-

2216 4206 2516 4265 ﬁcationes
2566 4209 2721 4265 velut
2770 4209 3055 4282 imagines
3096 4224 3290 4264 rerum
3323 4224 3389 4263 ac
3422 4206 3868 4274 similitudines,

2216 4314 2343 4369 quas
2376 4302 2438 4354 ut
2469 4298 2893 4372 intelligantur,
2924 4298 3191 4370 indigent
3218 4294 3427 4353 mentis
3459 4297 3686 4353 obtutu.
3722 4297 3868 4354 Cum

2216 4393 2414 4445 autem
2449 4407 2563 4445 non
2608 4388 3039 4460 intelliguntur,
3072 4386 3131 4442 in
3165 4386 3373 4458 spiritu
3415 4401 3513 4442 eas
3544 4385 3688 4442 dicit
3718 4404 3871 4457 esse,

2219 4495 2331 4534 non
2366 4478 2421 4532 in
2459 4484 2690 4535 mente:
2753 4477 2908 4533 unde
2956 4476 3216 4549 apertius
3260 4476 3361 4545 ait,
3411 4474 3473 4530 Si
3521 4475 3871 4533 benedixeris

2216 4569 2475 4641 spiritus;
2491 4571 2590 4639 qui
2599 4569 2809 4640 supplet
2823 4568 3000 4623 locum
3020 4566 3490 4637 idiotze,quomodo
3504 4565 3865 4635 dicet,Amen,

2217 4680 2380 4734 super
2408 4666 2562 4717 tuam
2585 4663 3039 4728 benedictionem,
3066 4659 3502 4733 quandoquidem
3534 4662 3707 4715 nescit
3733 4661 3871 4731 quid

2217 4752 2417 4809 dicas?
2450 4752 2594 4817 Quia
2620 4768 2756 4823 ergo
2787 4750 2962 4805 etiam
2995 4750 3219 4822 lingua,
3254 4750 3310 4804 id
3343 4752 3433 4804 est
3462 4748 3726 4804 membro
3750 4766 3875 4805 cor-

2217 4842 2374 4914 poris
2397 4842 2552 4913 quod
2590 4856 2890 4895 movemus
2923 4838 2982 4893 in
3016 4855 3112 4894 ore
3160 4855 3294 4894 cum
3342 4837 3663 4908 loquimur,
3697 4838 3871 4910 signa

2218 4930 2423 5002 utique
2456 4946 2651 4984 rerum
2694 4929 2925 4995 dantur,
2963 4946 3076 4983 non
3110 4944 3201 4983 res
3251 4927 3389 4997 ipsa
3441 4927 3822 4997 proferuntur
3856 4946 3869 4996 ;

2218 5026 2521 5094 propterea
2537 5018 2822 5074 translato
2852 5020 3023 5073 verbo
3043 5018 3302 5088 linguam
3333 5015 3648 5089 appellavit
3668 5034 3876 5087 quam-

2218 5111 2360 5167 libet
2391 5109 2691 5181 signorum
2746 5106 3128 5179 prolationem
3160 5107 3503 5179 priusquam
3536 5105 3874 5178 intelligan-

2216 5207 2359 5257 tur:
2412 5216 2521 5268 quo
2556 5215 2688 5253 cum
2740 5197 3072 5253 intellectus
3122 5196 3450 5267 accesserit,
3504 5195 3602 5267 qui
3650 5197 3870 5252 mentis

2216 5297 2305 5347 est
2337 5290 2630 5362 proprius,
2663 5290 2727 5343 ﬁt
2758 5288 3052 5355 revelatio,
3085 5286 3172 5343 vel
3206 5286 3447 5359 agnitio,
3482 5287 3567 5340 vel
3612 5286 3865 5358 prophe-

2215 5382 2318 5451 tia,
2352 5379 2439 5435 vel
2481 5380 2764 5435 doctrina.
2802 5378 3051 5434 Proinde
3084 5378 3183 5447 ait,
3216 5376 3277 5432 Si
3304 5392 3505 5432 venero
3534 5374 3603 5430 ad
3632 5391 3724 5431 vos
3756 5376 3867 5432 lin-

2214 5476 2337 5544 guis
2371 5473 2613 5545 loquens,
2646 5472 2775 5543 quid
2823 5472 2971 5527 vobis
3020 5469 3266 5541 prodero,
3308 5469 3420 5523 nisi
3466 5469 3669 5540 loquar
3718 5470 3871 5525 vobis

2216 5568 2274 5621 in
2304 5566 2664 5632 reuelatione,
2709 5573 2807 5621 aut
2856 5566 2913 5619 in
2965 5563 3267 5631 agnitione,
3317 5568 3419 5617 aut
3457 5561 3517 5615 in
3553 5558 3864 5630 prophetia,

2214 5663 2313 5711 aut
2354 5656 2413 5709 in
2462 5654 2715 5711 doctrina
2766 5655 2809 5725 (Ι
2857 5652 2979 5707 Cor.
3024 5667 3139 5717 xxv,
3186 5651 3273 5719 14,
3316 5652 3371 5719 2,
3415 5649 3499 5714 16,
3533 5647 3647 5719 6)?
3690 5646 3747 5703 id
3780 5652 3868 5705 est

2216 5763 2349 5803 cum
2419 5746 2651 5818 signis;
2719 5746 2829 5801 hoc
2892 5746 2998 5817 est,
3058 5742 3276 5814 linguae
3331 5738 3641 5797 accesserit
3693 5739 3867 5797 intel-

2279 5849 2295 5883 ι
2330 5845 2487 5910 Apud
2511 5846 2597 5899 Er.
2628 5844 2799 5910 Lugd.
2829 5844 2962 5899 Ven.
2993 5843 3122 5895 Lov.
3152 5840 3362 5907 legitur,
3396 5838 3578 5905 lingua
3603 5838 3674 5891 Μ.
