4066 6374
496 326 605 385 471

495 456 706 512 existat
735 475 768 513 a
816 474 1075 528 corpore.
1116 458 1303 530 Magis
1351 460 1505 514 enim
1560 461 1693 514 caeci
1746 458 1966 529 aliquid
2017 459 2150 512 dor-

495 546 748 601 mientes
809 563 981 617 quam
1045 546 1351 618 vigilantes
1410 548 1651 602 vident.
1713 546 2152 603 Dormientibus

496 634 713 705 quippe
743 634 800 689 in
834 636 1069 690 cerebro
1102 636 1441 707 consopitur
1467 636 1559 690 via
1589 637 2037 707 sentiendi,quaa
2070 635 2151 689 in-

495 726 817 781 tentionem
852 728 922 781 ad
956 726 1155 781 oculos
1188 727 1621 799 ducit,ideoque
1655 728 1783 798 ipsa
1816 724 2145 781 intentioin

495 813 652 869 aliud
684 832 906 885 aversa,
940 817 1123 870 cernit
1155 816 1274 870 visa
1304 818 1663 873 somniorum
1698 822 1977 888 tanquam
2013 830 2148 886 spe—

494 904 609 959 cies
635 905 964 975 corporales
1015 907 1225 973 adsint,
1280 911 1343 960 ut
1398 907 1509 961 sibi
1561 906 1859 961 dormiens
1907 905 2147 976 vigilare

492 993 779 1054 videatur,
829 1000 884 1049 et
933 1012 1045 1050 non
1081 995 1299 1050 similia
1331 996 1693 1067 corporibus,
1730 996 1830 1050 sed
1862 995 1992 1067 ipsa
2020 1010 2144 1047 cor-

491 1098 634 1154 pora
663 1084 874 1137 intueri
908 1099 971 1139 se
1023 1090 1185 1155 putet
1219 1102 1230 1139 :
1266 1101 1396 1139 cum
1452 1091 1646 1140 autem
1698 1084 1940 1155 vigilant
1990 1083 2141 1151 Caeci,

491 1170 730 1227 ducitur
760 1190 861 1244 per
887 1173 988 1228 illa
1020 1175 1230 1229 itinera
1262 1174 1507 1229 intentio
1539 1176 1833 1241 cernendi,
1856 1191 1979 1245 quae
2013 1189 2144 1227 cum

490 1263 561 1318 ad
593 1263 721 1319 loca
751 1265 969 1319 venerit
1001 1265 1326 1333 oculorum,
1365 1283 1477 1319 non
1513 1265 1801 1320 exseritur
1832 1266 2006 1329 foras,
2042 1264 2141 1317 sed

490 1353 569 1407 ibi
604 1358 886 1421 remanet,
922 1358 985 1407 ut
1010 1354 1249 1425 vigilare
1278 1372 1338 1410 se
1369 1355 1641 1421 sentiant,
1676 1355 1985 1425 potiusque
2018 1370 2146 1408 esse

492 1442 552 1497 in
584 1441 844 1497 tenebris
876 1442 1168 1514 vigilando
1201 1444 1373 1498 etiam
1408 1461 1509 1515 per
1552 1444 1727 1511 diem,
1781 1460 1956 1514 quam
2009 1444 2141 1496 dor-

494 1531 750 1599 miendo,
776 1531 895 1585 sive
926 1548 1029 1603 per
1060 1533 1211 1587 diem
1248 1533 1367 1587 sive
1399 1550 1502 1604 per
1533 1533 1938 1589 noctem.Nam
1964 1537 2019 1587 et
2044 1532 2143 1603 qui

491 1620 622 1674 caci
658 1634 772 1675 non
804 1620 1232 1691 sunt,pleriquc
1255 1622 1573 1693 patentitus
1619 1622 1805 1676 oculis
1847 1621 2147 1676 dormiunt

494 1709 639 1764 nihil
672 1726 775 1780 per
804 1726 900 1764 eos
928 1710 1215 1777 videntes,
1244 1712 1345 1765 sed
1372 1728 1484 1766 non
1521 1712 1649 1766 ideo
1679 1710 1826 1765 nihil
1859 1711 2142 1779 videntes,

491 1814 624 1852 cum
672 1798 883 1869 spiritu
935 1804 1178 1855 cernant
1243 1800 1368 1855 visa
1434 1801 1800 1856 somniorum
1870 1817 1880 1855 :
1932 1800 1981 1854 si
2042 1816 2143 1853 au-

492 1891 607 1941 tem
686 1887 902 1944 clausis
979 1889 1166 1945 oculis
1230 1890 1509 1960 vigilent,
1588 1907 1777 1961 neque
1848 1890 2143 1945 dormien-

488 1977 637 2031 tium
676 1982 886 2050 prsesto
918 1984 1056 2033 sunt
1104 1980 1429 2035 visionibus
1493 1997 1680 2050 neque
1742 1978 2142 2051 vigilantium.

486 2068 740 2122 Tantum
807 2071 1001 2123 tamen
1068 2068 1241 2136 valet,
1314 2071 1465 2140 quod
1535 2086 1723 2141 usque
1791 2070 1859 2125 ad
1943 2068 2145 2123 oculos

489 2172 693 2211 eorum
727 2174 831 2211 nec
854 2158 1045 2228 sopita
1066 2175 1172 2213 nec
1196 2163 1535 2229 perturbata
1557 2174 1661 2213 nec
1684 2158 2001 2213 interclusa
2023 2170 2147 2228 per'

486 2246 641 2300 venit
671 2263 704 2301 a
732 2249 964 2302 cerebro
994 2247 1087 2302 via
1118 2248 1493 2313 sentiendi,et
1523 2248 1727 2303 animae
1758 2248 2142 2303 intentionem

490 2351 680 2405 usque
712 2336 780 2390 ad
812 2336 972 2407 ipsas
1004 2338 1274 2408 quamvis
1306 2336 1535 2393 clausas
1568 2338 1717 2392 fores
1746 2337 2006 2409 corporis
2037 2336 2145 2390 du-

493 2422 593 2488 cit,
626 2426 692 2477 ut
721 2423 1049 2495 cogitentur
1082 2426 1319 2496 quidem
1353 2426 1642 2497 imagines
1675 2443 2006 2497 corporum,
2043 2426 2143 2480 sed

494 2509 656 2567 nullo
688 2513 861 2567 modo
895 2530 997 2584 pro
1029 2514 1113 2569 eis
1147 2514 1473 2569 habeantur
1502 2516 1844 2587 corporibus
1873 2532 1999 2586 qua:
2046 2531 2147 2586 per

494 2599 696 2654 oculos
728 2600 1085 2655 sentiuntur.

564 2690 912 2745 43.Tantum
948 2691 1314 2757 interest,ubi
1353 2692 1451 2747 fiat
1484 2692 1970 2764 impedimentum
2007 2709 2142 2747 sen-

489 2776 672 2832 tiendi
708 2778 1052 2849 corporalia,
1087 2792 1219 2833 cum
1255 2780 1319 2833 ﬁt
1350 2780 1405 2834 in
1439 2797 1700 2853 corpore.
1734 2782 1787 2835 Si
1822 2781 1978 2836 enim
2029 2797 2142 2835 non

490 2866 556 2921 fit
600 2866 715 2923 nisi
746 2867 805 2922 in
832 2866 975 2940 ipsis
1016 2869 1293 2936 aditibus,
1326 2874 1382 2924 et
1410 2871 1577 2941 quasi
1603 2871 1805 2941 januis
1835 2887 2141 2933 sensuum,

490 2954 651 3011 velut
694 2956 753 3011 in
804 2957 1009 3023 oculis,
1060 2959 1116 3012 in
1168 2960 1430 3025 auribus,
1484 2960 1823 3031 ca-terisque
1874 2960 2143 3015 sensibus

491 3046 922 3118 corporalibus,
975 3047 1098 3103 sola
1147 3048 1469 3119 impeditur
1535 3050 1825 3121 preceptio
1874 3068 2142 3121 corpora-

487 3135 670 3204 lium;
706 3153 820 3191 non
854 3141 1046 3191 autem
1079 3136 1287 3192 animae
1322 3138 1566 3193 intentio
1596 3138 1655 3193 in
1690 3138 1845 3194 aliud
1880 3140 1963 3195 sic
1993 3157 2147 3195 aver-

492 3226 731 3295 titur,ut
762 3243 865 3296 pro
897 3227 1238 3298 corporibus
1272 3228 1481 3283 habeat
1503 3229 1790 3301 imagines
1812 3246 2142 3301 corporum:

493 3316 541 3371 si
576 3319 771 3371 autem
803 3332 981 3370 causa
1012 3325 1095 3370 est
1125 3316 1287 3371 intus
1323 3318 1378 3371 in
1413 3317 1667 3387 cerebro,
1695 3320 1849 3374 unde
1883 3318 2148 3392 dirigun-

495 3410 594 3459 tur
622 3404 722 3458 viaa
755 3406 825 3459 ad
860 3422 927 3459 ea
956 3422 1079 3476 qua:
1140 3406 1278 3460 foris
1337 3412 1497 3473 sunt,
1559 3408 1899 3475 sentienda;
1961 3409 2148 3479 ipsius

498 3494 843 3548 intentionis
873 3511 1008 3549 vasa
1038 3494 1462 3566 sopiuntur,vel
1494 3498 1827 3561 turbantur,
1854 3498 1939 3553 vel
1972 3500 2149 3553 inter-

504 3583 845 3651 cluduntur,
878 3582 1093 3653 quibus
1127 3584 1336 3637 nititur
1364 3585 1561 3641 anima
1612 3587 1668 3640 in
1718 3604 1785 3641 ea
1833 3606 1957 3659 qua:
2012 3588 2150 3643 foris

507 3676 669 3737 sunt,
719 3672 1000 3726 intuenda
1050 3672 1132 3727 vel
1181 3674 1506 3729 sentienda.
1562 3677 1739 3740 Quem
1776 3677 1968 3731 nisum
2006 3695 2147 3748 quo-

506 3760 665 3816 niam
700 3778 811 3815 non
845 3760 1086 3827 amittit,
1121 3766 1280 3817 tanta
1312 3765 1683 3835 expressione
1730 3766 1940 3821 format
1988 3768 2150 3821 simi-

504 3850 604 3914 lia,
664 3854 728 3903 ut
760 3850 1045 3921 imagines
1079 3852 1465 3922 corporalium
1502 3870 1533 3907 a
1563 3855 1905 3925 corporibus
1938 3856 2150 3910 discer-

505 3956 641 3995 nere
674 3956 789 3994 non
821 3939 1043 4008 valens,
1079 3946 1275 3995 utrum
1312 3943 1369 3996 in
1402 3942 1519 3997 illis
1551 3961 1622 3997 an
1656 3944 1715 3998 in
1750 3945 1879 3999 istis
1910 3946 1987 3999 sit
2019 3964 2154 4001 nes-

506 4028 650 4094 ciat;
685 4034 741 4083 et
772 4045 901 4083 cum
937 4028 1246 4101 scit,longe
1278 4030 1391 4085 alio
1424 4033 1594 4087 modo
1627 4033 1976 4106 sciat,quam
2012 4036 2151 4090 dum

505 4117 564 4171 in
597 4117 907 4189 cogitando
940 4124 1249 4172 versantur
1278 4119 1397 4175 sive
1444 4126 1757 4177 occurrunt
1813 4124 2152 4178 similitudi-

504 4224 607 4263 nes
639 4208 1083 4278 corporum.0ui
1124 4210 1333 4264 modus
1368 4211 1480 4265 nisi
1514 4213 1585 4265 ab
1616 4212 1868 4284 expertis
1900 4216 2027 4285 capi
2062 4220 2153 4269 ut-

503 4313 754 4367 cumque
785 4312 899 4350 non
936 4301 1149 4368 potest.
1180 4297 1321 4352 Hinc
1355 4299 1507 4353 enim
1543 4305 1684 4365 erat,
1713 4302 1865 4372 quod
1900 4320 1990 4356 me.
2022 4304 2154 4357 dor-

504 4386 693 4440 miens
727 4385 783 4439 in
816 4386 1041 4440 somnis
1074 4384 1265 4441 videre
1298 4386 1576 4455 sciebam,
1632 4406 1732 4443 nec
1778 4395 1973 4445 tamen
2024 4391 2155 4446 illas

501 4472 889 4545 corporalium
928 4490 1120 4528 rerum
1154 4474 1575 4532 similitudines
1608 4496 1755 4549 quas
1778 4481 2157 4547 videbam,sic

503 4564 575 4617 ab
606 4563 750 4635 ipsis
782 4562 1184 4634 corporalibus
1216 4565 2154 4635 discernebam,quemadmodum

506 4668 604 4706 eas
635 4651 959 4723 cogitantes
990 4652 1163 4707 etiam
1197 4653 1415 4710 clausis
1444 4655 1628 4711 oculis
1657 4657 1744 4711 vel
1791 4658 1847 4712 in
1902 4660 2157 4715 tenebris

504 4742 804 4797 constituti
857 4742 1191 4797 discernere
1239 4744 1519 4799 solemus.
1565 4747 1815 4802 Tantum
1850 4749 1997 4803 valet
2030 4749 2158 4819 ipsa

505 4831 683 4886 animi
720 4832 968 4886 intentio
1002 4836 1199 4886 utrum
1235 4834 1587 4903 perducatur
1614 4853 1794 4907 usque
1826 4840 1894 4892 ad
1946 4857 2156 4894 sensus

502 4920 637 4976 licet
659 4922 910 4987 clausos,
948 4939 1016 4975 an
1045 4921 1102 4975 in
1131 4923 1257 4992 ipsa
1277 4924 1500 4991 erebro,
1532 4925 1757 4981 undein
1785 4928 1901 4983 haec
1927 4930 2155 4985 nititur:

503 5010 700 5082 aliqua
722 5028 900 5066 causa
920 5011 1201 5065 existente
1226 5012 1282 5067 in
1308 5012 1465 5068 aliud
1491 5020 2155 5089 avertatur,utquamvis

502 5101 815 5172 aliquando
839 5117 900 5155 se
924 5101 1147 5156 noverit
1173 5119 1281 5155 non
1312 5118 1574 5175 cerpora,
1608 5107 1703 5159 sed
1741 5124 2048 5179 corporum
2074 5110 2153 5165 si-

501 5190 1227 5253 militudinescernere,vel
1248 5191 1441 5247 minus
1456 5195 1683 5249 erudita
1698 5196 1871 5251 etiam
1888 5198 2010 5269 ipsa
2027 5215 2153 5254 esse

499 5296 737 5350 corpora
778 5278 1143 5346 existimans,
1176 5280 1389 5335 sentiat
1420 5299 1479 5337 se
1512 5300 1623 5338 non
1662 5302 1729 5340 ea
1760 5303 2017 5359 corpore,
2052 5290 2148 5343 sed

498 5368 704 5439 spiritu
738 5368 952 5436 videre,
974 5368 1140 5437 longe
1172 5369 1246 5423 sit
1269 5375 1461 5426 tamen
1486 5373 1556 5427 ob
1581 5373 1884 5431 aflectionc
1909 5395 2025 5450 qua
2046 5394 2151 5433 suo

500 5457 725 5529 corpori
761 5462 1144 5529 przesentatur
1181 5477 1191 5513 :
1228 5460 1381 5514 unde
1414 5478 1476 5516 se
1508 5469 1725 5518 norunt
1754 5470 1811 5520 et
1842 5466 1972 5520 caeci
2005 5466 2153 5537 vigi-

500 5546 781 5612 lare,cum
815 5546 1232 5601 similitudines
1262 5564 1569 5621 corporum
1596 5555 1876 5619 cogitatas
1900 5573 1932 5609 a
1954 5572 2151 5627 corp0'

500 5637 685 5706 ribus,
716 5654 841 5707 qua;
873 5637 1066 5691 videre
1096 5654 1209 5692 non
1243 5647 1509 5711 possunt,
1544 5649 1698 5699 certa
1744 5646 1977 5701 notione
2026 5647 2146 5703 dis-

501 5732 769 5783 cernunt.

1391 328 1491 387 DE
1537 329 1816 387 GENESI
1864 328 1966 386 AD
2012 326 2435 397 LITTERAM,
2482 328 2545 385 S.
2598 326 3015 389 AUGUSTINI

3791 326 3913 385 4⁸72

2260 456 2491 512 CAPUT
2514 459 2651 513 XXI.
2679 488 2747 497 ——
2774 460 2892 514 Visa
2910 442 3286 529 corporalibus
3306 458 3522 513 similia
3546 459 3605 512 in
3624 472 3751 529 quae
3783 458 3913 513 ani-

2413 547 2503 585 ma
2534 534 2777 602 rapitur,
2812 548 2919 585 non
2953 530 3075 586 ideo
3100 546 3218 586 esse
3248 535 3463 586 naturae
3492 531 3747 587 diversa.

2331 638 2416 690 44.
2446 637 2587 692 Cum
2614 643 2808 693 autem
2834 654 2974 692 sane
2998 654 3257 708 corpore,
3282 654 3386 692 nec
3408 653 3614 693 somno
3635 636 3913 692 sensibus

2260 727 2603 798 consopitis,
2637 728 2831 799 aliquo
2857 726 3083 782 occulto
3104 742 3275 798 opere
3299 725 3593 797 spirituali
3616 724 3674 780 in
3697 742 3767 781 ea
3786 727 3915 780 visa

2259 830 2382 884 quae
2399 815 2615 869 similia
2628 820 2764 871 sunt
2777 815 3178 887 corporalibus
3191 817 3381 871 anima
3394 814 3759 886 rapitur,non
3776 815 3918 885 quia

2261 906 2470 959 modus
2492 905 2757 960 diversus
2780 906 3022 975 est,ideo
3046 910 3133 960 est
3154 906 3328 959 etiam
3353 904 3579 960 diversa
3601 910 3815 959 natura
3830 903 3915 959 vi-

2258 1009 2452 1048 sorum
2478 1012 2490 1059 ;
2518 1011 2648 1049 cum
2665 1000 2721 1049 et
2736 995 2794 1049 in
2813 994 2927 1049 illis
2944 994 3137 1049 causis
3153 1012 3280 1065 quis
3295 996 3365 1049 de
3378 1010 3615 1064 corpore
3628 993 3914 1064 existunt,

2258 1088 2332 1138 sit
2359 1083 2559 1154 utique
2581 1084 2930 1149 differentia,
2954 1088 3009 1139 et
3032 1083 3347 1155 aliquando
3373 1100 3405 1138 a
3428 1084 3735 1137 contrario.
3763 1083 3911 1137 Nam

2257 1171 2576 1242 phrenetici
2603 1189 2714 1227 non
2743 1173 3087 1227 dormiendo
3102 1173 3294 1243 potius
3309 1174 3678 1243 perturbatae
3693 1172 3919 1227 habent

2256 1262 2545 1314 sentiendi
2569 1262 2691 1315 vias
2718 1262 2774 1315 in
2799 1263 3010 1333 capite,
3046 1267 3109 1316 ut
3129 1261 3270 1316 talia
3309 1261 3564 1330 videant,
3590 1261 3789 1331 qualia
3818 1276 3915 1315 so-

2257 1350 2547 1404 mniantes
2570 1350 3041 1421 vident,quorum
3066 1351 3409 1406 dormiendo
3426 1351 3915 1405 avertiturinten-

2255 1440 2583 1495 tiaasensu
2611 1440 2911 1511 vigilandi,
2946 1446 3002 1495 et
3033 1441 3089 1494 in
3123 1456 3190 1495 ea
3230 1441 3483 1495 videnda
3526 1439 3909 1497 convertitur.

2255 1530 2399 1584 Cum
2423 1545 2556 1599 ergo
2580 1528 2721 1583 illud
2751 1532 2848 1583 ﬁat
2870 1547 2981 1583 non
3020 1530 3383 1594 dormiendo,
3414 1530 3520 1584 hoc
3551 1535 3746 1584 antem
3779 1530 3918 1584 dor-

2258 1619 2515 1685 miendo,
2552 1636 2664 1672 non
2692 1624 2881 1673 tamen
2905 1637 2971 1674 ea
2994 1636 3119 1690 qua:
3153 1619 3422 1674 videntur
3451 1635 3519 1673 ex
3549 1617 3664 1674 alio
3696 1634 3913 1691 genere

2256 1712 2600 1778 sunt,quam
2616 1724 2683 1761 ex
2699 1713 2902 1763 natura
2924 1709 3266 1779 spiritus,de
3288 1725 3404 1778 quo
3425 1707 3513 1763 vel
3537 1708 3594 1761 in
3620 1725 3734 1779 quo
3761 1708 3919 1763 fiunt

2255 1796 2674 1852 similitudines
2687 1798 3110 1869 corporum.lta
3126 1798 3723 1869 quamvisdiversasit
3735 1814 3920 1854 causa

2256 1886 2597 1941 intentionis
2630 1886 3156 1958 alienataa,quando
3188 1903 3328 1942 sane
3352 1903 3591 1958 corpore
3609 1885 3916 1959 vigilantis

2256 1974 2483 2030 occulta
2513 1976 2763 2047 quadam
2798 1976 2849 2029 vi
2882 1975 3172 2046 spirituali
3204 1976 3400 2031 anima
3431 1975 3675 2047 rapitur,
3696 1980 3761 2031 ut
3788 1976 3916 2033 vice

2254 2080 2563 2135 corporum
2594 2082 2900 2137 expressas
2933 2065 3323 2136 corporalium
3348 2082 3541 2121 rerum
3568 2064 3912 2121 similitudi-

2259 2170 2359 2208 nes
2404 2155 2461 2207 in
2500 2155 2710 2225 spiritu
2735 2154 2946 2219 videat,
2970 2156 3170 2209 eadem
3198 2160 3393 2210 tamen
3416 2160 3506 2210 est
3525 2159 3736 2213 natura
3757 2154 3912 2211 viso-

2257 2259 2407 2299 rum.
2441 2242 2635 2315 Neque
2671 2244 2826 2299 enim
2850 2244 2962 2299 dici
2986 2248 3199 2315 potest,
3231 2261 3364 2299 cum
3389 2261 3566 2299 causa
3586 2244 3643 2298 in
3670 2260 3915 2314 corpore

2255 2339 2361 2403 est,
2389 2339 2531 2389 tunc
2554 2335 2811 2389 animam
2839 2334 2963 2390 sine
2988 2334 3109 2390 ulla
3152 2336 3543 2407 praesensione
3573 2336 3911 2390 futurorum

2255 2441 2323 2479 ex
2372 2424 2567 2494 seipse
2607 2441 2838 2480 versare
2869 2424 3158 2496 imagines
3188 2442 3522 2497 corporum,
3548 2424 3701 2481 sicut
3730 2425 3910 2480 etiam

2256 2514 2562 2585 cogitando
2585 2531 2683 2569 eas
2701 2514 2848 2569 solet
2876 2532 2887 2579 ;
2923 2529 3057 2569 cum
3081 2531 3214 2569 vero
3238 2515 3294 2569 in
3325 2532 3391 2569 ea
3411 2516 3660 2570 videnda
3695 2514 3909 2586 spiritu

2257 2606 2601 2670 assumitur,
2629 2604 2911 2658 divinitus
2936 2603 3057 2659 haec
3079 2604 3471 2659 demonstrari
3500 2622 3512 2659 :
3540 2605 3910 2675 quandoqui-

2256 2694 2387 2747 dem
2412 2698 2605 2765 aperte
2628 2695 2928 2764 Scriptura
2950 2692 3110 2762 dicit,
3144 2694 3431 2764 Eﬂundam
3460 2694 3525 2750 de
3542 2696 3749 2765 spiritu
3791 2710 3912 2749 meo

2253 2800 2420 2854 super
2440 2799 2649 2839 omnem
2672 2800 2915 2853 carnem,
2931 2792 2981 2841 et
3002 2786 3219 2852 juvenes
3242 2785 3360 2839 visa
3375 2784 3657 2849 videbunt,
3677 2791 3727 2839 ει
3750 2800 3912 2838 senes

2253 2873 2473 2927 somnia
2508 2875 2863 2928 somniahunt
2902 2876 3057 2943 (Joel.
3096 2891 3159 2940 ιι,
3190 2874 3304 2943 28),
3336 2873 3542 2928 divinae
3583 2873 3905 2944 operationi

2256 2966 2567 3032 utrumque
2592 2962 2855 3019 tribuens
2879 2982 2891 3031 ;
2926 2968 3001 3027 et,
3024 2964 3261 3033 Angelus
3282 2964 3501 3018 Domini
3520 2963 3793 3033 apparuit
3811 2964 3905 3017 Jo-

2255 3056 2384 3122 seph
2408 3054 2461 3105 in
2485 3055 2691 3106 somnis
2712 3052 3044 3121 ilz'cens,l\'oli
3063 3056 3257 3109 limere
3271 3054 3513 3123 accipere
3532 3053 3762 3107 Mariam
3782 3068 3909 3107 con-

2248 3141 2439 3211 jugem
2464 3145 2701 3202 tuam;et
2722 3142 3105 3213 iterum,Tolle
3123 3145 3433 3214 puerum.et
3456 3142 3589 3197 vade
3612 3143 3666 3196 in
3694 3144 3909 3213 {Egyp-

2258 3240 2376 3285 tum
2408 3231 2621 3299 (Matt/1.
2658 3250 2696 3302 ι,
2726 3234 2833 3300 2ος
2867 3238 2924 3287 et
2957 3250 3017 3301 ιι,
3052 3234 3160 3297 13).

2258 3338 2491 3392 CAPUT
2513 3338 2678 3394 XXII.
2702 3372 2764 3379 —
2786 3340 3054 3407 Quomodo
3077 3341 3393 3409 contingant
3416 3340 3531 3393 visa
3554 3339 3680 3405 illa,
3695 3353 3765 3393 ex
3786 3339 3910 3409 qui-

2322 3410 2419 3462 bus
2447 3409 2817 3467 divinationes
2848 3414 3053 3467 occulto
3085 3413 3355 3467 instinctu
3383 3428 3477 3465 seu
3506 3427 3634 3465 casu
3663 3414 3844 3482 factas.

2337 3500 2422 3552 45.
2461 3499 2657 3571 Itaque
2690 3502 2839 3555 bono
2870 3502 3105 3572 quidem
3141 3501 3350 3572 spiritu
3384 3500 3606 3555 assumi
3638 3500 3914 3570 spiritum

2263 3587 2518 3643 hominis
2549 3590 2617 3644 ad
2657 3591 2759 3644 bas
2790 3591 3070 3647 videndae
3103 3590 3405 3661 imagines,
3431 3588 3542 3644 nfsi
3576 3588 3798 3660 aliquid
3832 3590 3918 3643 si-

2262 3679 2560 3750 gniﬁcent,
2598 3699 2708 3736 non
2760 3689 2898 3753 puto
2934 3700 2945 3737 :
2979 3699 3111 3737 cum
3159 3699 3291 3737 vero
3342 3682 3399 3736 in
3450 3698 3688 3753 corpore
3738 3697 3920 3735 causa

2264 3774 2373 3833 est,
2400 3778 2458 3823 ut
2493 3770 2545 3822 in
2577 3788 2674 3825 eas
2702 3772 3035 3843 expressius
3056 3772 3371 3827 intuendas
3400 3772 3697 3826 humanus
3720 3771 3920 3825 inten-

2265 3860 2437 3913 datur
2466 3860 2727 3929 spiritns.
2762 3877 2875 3915 non
2910 3876 3141 3931 semper
3171 3860 3391 3931 aliquid
3424 3861 3755 3933 significare
3783 3876 3913 3914 cre-

2265 3950 2523 4005 dendum
2557 3957 2673 4019 est;
2702 3953 2801 4006 sed
2834 3958 2972 4007 tunc
3003 3952 3357 4024 significant,
3382 3969 3515 4007 cum
3548 3952 3919 4023 inspirentur

2266 4055 2298 4093 a
2330 4041 2770 4095 demonstrante
2797 4041 3158 4113 spiritu,sive
3188 4041 3657 4108 dormienti,sive
3687 4040 3914 4113 aliquid

2265 4128 2418 4183 aliud
2454 4147 2521 4183 ex
2552 4146 2811 4199 corpore,
2845 4135 2908 4184 ut
2939 4147 2971 4184 a
3001 4130 3192 4185 carnis
3225 4131 3500 4186 sensibus
3538 4130 3917 4197 alienaretur,

2267 4218 2530 4289 patienti.
2570 4218 2963 4289 Vigilantibus
2993 4219 3168 4278 etiam
3202 4236 3383 4289 neque
3421 4219 3544 4274 ulla
3590 4220 3792 4275 morbo
3841 4221 3924 4275 af-

2268 4308 2441 4362 flictis
2476 4325 2576 4361 nec
2612 4310 2803 4363 furore
2832 4309 3159 4380 exagitatis,
3192 4310 3386 4364 oculto
3416 4310 3671 4381 quodam
3702 4310 3920 4364 instin-

2266 4402 2360 4450 ctu
2394 4396 2653 4467 ingestas
2685 4414 2814 4452 esse
2847 4399 3228 4470 cogitationes
3260 4414 3406 4470 quas
3462 4399 3780 4470 promendo
3830 4398 3921 4453 di-

2266 4487 2553 4555 vinarent,
2607 4505 2719 4542 non
2764 4488 2955 4543 solum
2990 4487 3147 4542 aliud
3183 4493 3443 4559 agentes,
3477 4488 3628 4544 sicut
3660 4488 3915 4561 Caiphae

2267 4577 2523 4645 pontifex
2556 4577 2919 4648 prophetavit
2947 4579 3121 4646 (Joan.
3156 4595 3231 4644 χι,
3260 4579 3374 4645 51),
3408 4596 3539 4632 cum
3571 4579 3700 4647 ejus
3728 4578 3917 4633 inten-

2272 4666 2351 4719 tio
2381 4682 2493 4719 non
2548 4666 2787 4721 haberet
2838 4666 3194 4722 voluntatem
3248 4667 3657 4739 prophetandi,
3708 4684 3913 4723 verum

2266 4755 2439 4809 etiam
2494 4755 2548 4809 id
2600 4756 3008 4827 suscipientes,
3062 4762 3125 4811 ut
3158 4758 3455 4812 divinandi
3488 4758 3659 4812 modo
3689 4757 3912 4829 aliquid

2270 4845 2549 4910 dicerent,
2587 4848 2877 4902 novimus.

2340 4937 2425 4990 46.
2454 4937 2596 4991 Nam
2631 4936 2868 5007 quidam
2886 4938 3398 5009 juvenesjocando
3421 4943 3483 4994 ut
3504 4938 3791 5007 fallerent,
3813 4942 3914 4996 ubi

2268 5026 2555 5097 peregrini
2580 5027 2690 5080 iter
2718 5028 2988 5097 agebant,
3008 5029 3453 5085 mathematicos
3484 5045 3547 5083 se
3577 5046 3705 5084 esse
3732 5030 3913 5085 finxe-

2267 5132 2329 5169 ru
2342 5116 2767 5185 nt,ignorantes
2790 5118 3027 5172 omnino
3044 5123 3237 5172 utrum
3255 5119 3285 5171 d
3300 5119 3560 5173 uodecim
3580 5118 3748 5191 signa
3762 5120 3918 5176 dice-

2266 5205 2597 5269 rentur.Qui
2614 5222 2747 5260 cum
2764 5206 3052 5278 hospitem
3069 5224 3237 5262 suum
3257 5208 3452 5263 mirari
3470 5216 3916 5282 cernerentquze

2264 5295 2888 5361 dicebant,etattestari
2906 5312 3033 5351 esse
3046 5297 3655 5367 verissima,audacius
3670 5299 3725 5353 in
3742 5300 3917 5372 plura

2265 5383 2554 5454 progressi
2584 5402 2649 5438 su
2664 5390 2823 5439 nt.At
2846 5385 2943 5440 ille
2966 5391 3251 5441 attestans
3266 5388 3337 5442 ad
3352 5388 3549 5443 omnia
3563 5389 3909 5445 mirabatur.

2262 5472 2562 5527 Postremo
2580 5474 2650 5528 ab
2665 5474 2949 5529 cisdefilii
2965 5474 3636 5548 salutequaesivit,quem
3652 5478 3750 5533 diu
3769 5481 3907 5537 abs-

2259 5565 2447 5615 entem
2484 5563 2877 5629 desiderabat,
2910 5573 2965 5618 et
2995 5566 3148 5635 quod
3182 5566 3478 5637 inopinate
3510 5568 3783 5639 tardaret,
3838 5588 3909 5625 ne

2258 5651 2393 5721 quid
2418 5650 2468 5705 ei
2490 5652 2795 5707 accidisset
2821 5653 3109 5709 sollicitus
3136 5660 3359 5711 erat.At
3381 5654 3460 5710 illi
3483 5673 3597 5713 non
3630 5663 3907 5716 curantes

2253 5740 2391 5811 quid
2417 5747 2547 5812 post
2566 5759 2767 5799 eorum
2792 5744 3129 5800 abscessum
3151 5744 3270 5801 veri
3286 5749 3900 5820 cognosceretur,dum
