4066 6364
450 295 567 354 475

453 427 690 497 quidem
710 433 1007 483 momento
1025 428 1228 484 eodem
1261 445 1374 501 quo
1398 445 1607 500 corpus
1630 446 1805 484 sensu
1839 428 2099 499 corporis

451 516 733 589 tangitur,
766 517 831 572 ﬁt
861 519 1034 574 etiam
1067 519 1124 574 in
1159 520 1348 575 animo
1382 521 1494 575 tale
1523 520 1768 591 aliquid,
1803 537 1917 575 non
1946 519 2100 591 quod

452 606 562 662 hoc
591 606 688 672 sit,
721 608 820 662 sed
845 609 994 679 quod
1020 608 1212 663 simile
1232 609 1345 676 sit;
1379 611 1534 680 quod
1566 610 1614 663 si
1649 627 1763 664 non
1798 610 2100 679 ﬁeret,nac

453 711 664 752 sensus
697 696 794 751 ille
824 702 997 767 esset,
1024 714 1137 768 quo
1173 713 1238 752 ea
1269 715 1398 768 quae
1421 698 1782 753 extrinsecus
1811 699 2098 768 adjacent,

455 786 809 842 sentiuntur.
858 787 1054 857 Neque
1086 787 1239 842 enim
1274 803 1486 859 corpus
1539 789 1736 852 sentit,
1771 790 1870 843 sed
1909 788 2104 843 anima

456 889 559 945 per
588 891 819 945 corpus,
846 891 958 945 quo
989 873 1144 929 velut
1177 877 1379 930 nuntio
1413 876 1597 930 utitur
1629 877 1697 930 ad
1732 876 2102 931 formandum

454 964 516 1018 in
549 965 744 1035 seipsa
784 964 932 1034 quod
985 963 1344 1019 extrinsecus
1396 965 1720 1019 nuntiatur.
1756 966 1877 1020 Non
1914 969 2104 1037 potest

456 1053 652 1124 itaque
685 1052 808 1108 ﬁeri
851 1053 998 1108 visio
1033 1053 1372 1125 corporalis,
1405 1054 1516 1108 nisi
1568 1055 1741 1109 etiam
1778 1054 2104 1126 spiritualis

456 1141 632 1197 simul
683 1142 784 1196 fiat
818 1159 829 1196 :
869 1143 968 1198 sed
1023 1159 1138 1197 non
1191 1143 1566 1214 discernitur,
1604 1144 1713 1199 nisi
1765 1161 1897 1199 cum
1935 1145 2105 1199 fuerit

454 1248 663 1290 sensus
696 1231 927 1286 ablatus
978 1249 1009 1286 a
1053 1248 1312 1304 corpore,
1349 1237 1411 1287 ut
1463 1233 1517 1288 id
1554 1235 1707 1305 quod
1760 1251 1861 1306 per
1891 1251 2104 1305 corpus

452 1322 779 1392 videbatur,
811 1321 1142 1377 inveniatur
1170 1322 1228 1376 in
1256 1322 1485 1394 spiritu.
1517 1326 1583 1378 At
1613 1340 1746 1378 vero
1779 1322 2104 1395 spiritualis

454 1412 600 1468 visio
631 1411 806 1467 etiam
840 1412 966 1468 sine
1007 1412 1287 1484 corporali
1323 1412 1443 1467 ﬁeri
1479 1417 1688 1484 potest,
1725 1430 1858 1467 cum
1891 1414 2103 1468 absen-

453 1501 602 1558 tium
636 1518 944 1573 corporum
1000 1501 1415 1558 similitudines
1447 1505 1505 1558 in
1557 1503 1768 1574 spiritu
1803 1506 2103 1574 apparent,

455 1595 512 1649 et
540 1591 842 1663 ﬁnguntur
887 1591 1082 1645 multa:
1136 1608 1239 1663 pro
1272 1592 1534 1658 arbitrio,
1567 1592 1653 1646 vel
1709 1596 1915 1662 praeter
1952 1591 2106 1646 arbi-

457 1679 631 1736 trium
666 1681 1160 1736 demonstrantur.
1187 1682 1330 1736 Item
1356 1681 1683 1754 spiritu‘alis
1710 1681 1858 1736 visio
1882 1680 2106 1752 indiget

455 1770 836 1826 intellectuali
857 1775 919 1825 ut
945 1771 1321 1842 dijudicetur,
1339 1770 1751 1825 intellectualis
1774 1776 1969 1826 autem
1993 1770 2107 1825 ista

456 1858 747 1932 spirituali
781 1859 1054 1915 inferiore
1109 1876 1224 1915 non
1259 1860 1518 1930 indiget;
1563 1875 1626 1914 ac
1657 1875 1758 1930 per
1789 1859 1896 1915 hoc
1927 1858 2103 1931 spiri-

455 1948 599 2005 tuali
649 1949 988 2021 corporalis,
1023 1948 1400 2004 intellectuali
1452 1953 1644 2004 autem
1679 1953 1925 2020 utraque
1960 1951 2102 2004 sub-

447 2040 604 2110 jecta
636 2043 742 2093 est.
773 2043 912 2093 Cum
949 2055 1084 2111 ergo
1116 2038 1391 2111 legimus,
1440 2040 1760 2110 Spiritualis
1790 2039 1982 2094 omnia
2003 2041 2102 2111 ju-

455 2126 621 2196 dicat,
657 2129 770 2200 ipse
799 2133 981 2184 autem
1011 2147 1043 2184 a
1073 2130 1292 2185 nomine
1319 2128 1662 2200 dijudicatur
1682 2131 1727 2200 (Ι
1753 2129 1872 2184 Cor.
1898 2129 2102 2200 11,15);

457 2235 573 2276 non
604 2219 928 2273 secundum
971 2218 1271 2291 spiritum,
1304 2237 1336 2274 a
1385 2236 1501 2289 quo
1532 2237 1698 2275 mens
1729 2219 2104 2288 discernitur,

457 2308 612 2365 sicut
641 2307 786 2362 illud
816 2309 973 2378 quod
1006 2307 1224 2362 dictum
1259 2312 1367 2373 est,
1399 2308 1578 2366 Orabo
1608 2311 1834 2379 spiritu,
1866 2308 2033 2364 orabo
2053 2319 2106 2364 et

456 2401 638 2453 mente
666 2397 763 2468 (Id.
798 2414 912 2467 xxv,
945 2397 1052 2467 15),
1078 2397 1177 2452 sed
1209 2413 1275 2451 ex
1307 2396 1407 2451 illa
1431 2396 1665 2452 notione
1697 2399 1980 2454 debemus
2011 2415 2104 2453 ac-

457 2486 651 2558 cipere
683 2502 801 2556 qua
843 2485 1064 2541 dictum
1116 2491 1226 2550 est,
1279 2487 1637 2542 Renovamini
1682 2496 1870 2543 autem
1900 2489 2107 2559 spiritu

457 2577 656 2631 mentis
684 2578 879 2631 vestrae
908 2574 1063 2646 (Eph.
1099 2592 1174 2646 ιν,
1206 2576 1318 2643 23).
1342 2576 1472 2630 Jam
1507 2577 1662 2631 enim
1697 2594 1876 2648 supra
1905 2577 2104 2632 docui-

458 2682 591 2722 mus
625 2665 736 2720 alio
771 2665 942 2720 modo
972 2665 1236 2736 etipsam
1270 2670 1524 2720 mentem
1550 2667 1821 2737 spiritum
1854 2667 1990 2737 dici,
2016 2685 2104 2722 se-

457 2756 717 2812 cundum
737 2771 912 2826 quam
946 2755 1269 2827 spiritualis
1291 2756 1488 2811 omnia
1520 2756 1821 2827 dijudicat.
1846 2758 2106 2828 Quapro-

459 2850 588 2918 pter
621 2862 733 2899 non
791 2845 1044 2898 absurde
1097 2860 1285 2916 neque
1336 2845 1814 2900 inconvenienter
1857 2846 2108 2902 arbitror

457 2934 823 3008 spiritualem
855 2933 1136 2990 visionem
1169 2935 1320 2990 inter
1352 2934 1804 2991 intellectualem
1823 2940 1880 2991 et
1909 2953 2107 3008 corpo-

459 3025 640 3082 ralem
688 3029 967 3096 tanquam
1026 3024 1396 3080 medietatem
1450 3026 1768 3096 quamdam
1824 3025 2102 3081 obtinere.

458 3119 603 3171 Puto
636 3114 791 3171 enim
834 3130 948 3170 non
1001 3115 1457 3187 incongruenter
1487 3115 1744 3170 medium
1780 3115 1913 3181 dici,
1951 3117 2104 3187 quod

459 3223 673 3278 corpus
719 3204 952 3275 quidem
1005 3221 1119 3260 non
1168 3208 1274 3271 est,
1311 3205 1409 3259 sed
1463 3204 1656 3260 simile
1688 3209 1777 3260 est
1825 3205 2104 3278 corporis,

457 3295 608 3351 inter
632 3293 776 3350 illud
812 3295 966 3365 quod
997 3309 1128 3349 vere
1162 3310 1374 3365 corpus
1406 3298 1515 3364 est,
1550 3299 1606 3349 et
1636 3293 1780 3350 illud
1817 3296 1968 3366 quod
2003 3312 2107 3351 nec

458 3403 670 3458 corpus
699 3390 806 3457 est,
839 3401 944 3440 nec
977 3384 1166 3441 simile
1198 3386 1479 3456 corporis.

459 3494 689 3551 CAPUT
720 3494 882 3550 XXV.
917 3525 984 3536 —-
1011 3495 1203 3637 Solon;
1235 3495 1672 3621 lilntettectualem
1704 3498 1970 3552 visionem
1999 3513 2109 3552 non

1199 3584 1229 3621 a
1279 3583 1388 3622 ere.

1199 3583 1388 3622 (luere.

528 3657 618 3714 52.
653 3656 928 3712 llluditur
944 3659 1138 3712 autem
1160 3657 1355 3711 anima
1378 3656 1866 3714 similitudinibus
1891 3674 2107 3724 rerum,

463 3763 577 3803 non
611 3763 813 3803 earum
841 3747 1001 3813 vitio,
1034 3747 1133 3802 sed
1165 3745 1458 3816 opinionis
1489 3763 1628 3814 suae,
1664 3763 1794 3802 cum
1828 3747 2113 3820 approbat

464 3853 588 3908 quas
617 3836 833 3892 similia
851 3841 990 3892 sunt
1009 3853 1109 3907 pro
1127 3836 1198 3890 iis
1218 3834 1432 3907 quibus
1451 3835 1668 3891 similia
1686 3837 1922 3902 sunt,ab
1941 3837 2108 3892 intel-

463 3926 704 3998 ligentia
729 3925 1026 3980 deficiens.
1050 3924 1293 3980 Fallitur
1313 3941 1447 3998 ergo
1471 3926 1528 3980 in
1559 3926 1781 3982 visione
1803 3926 2111 3998 corporali,

462 4031 596 4073 cum
611 4015 670 4070 in
685 4016 830 4086 ipsis
843 4015 1186 4086 corporibus
1202 4015 1320 4071 ﬁeri
1337 4017 1668 4086 putatquod
1695 4017 1758 4072 fit
1778 4017 1834 4070 in
1855 4016 2113 4087 corporis

465 4105 921 4173 sensibus;sicut
936 4103 1345 4176 navigantibus
1369 4105 1636 4161 videntur
1650 4106 1706 4160 in
1729 4111 1885 4162 terra
1899 4107 2112 4162 moveri

465 4213 593 4268 qua:
626 4201 804 4261 stant,
837 4200 895 4251 et
926 4195 1289 4251 intuentibus
1334 4196 1543 4251 coelum
1575 4201 1731 4251 stare
1763 4197 1956 4252 sidera
1990 4213 2114 4268 quas

467 4284 1193 4354 moventur,etdivaricatis
1209 4285 1385 4340 radiis
1399 4285 1690 4341 oculorum
1706 4286 2116 4341 duaslucernze

464 4376 689 4450 species
711 4374 1146 4447 apparere,etin
1171 4374 2116 4446 aquaremusinfractus,etmulta

465 4465 808 4537 hujusmodi
828 4483 839 4520 :
857 4468 957 4520 aut
987 4482 1119 4519 cum
1138 4469 1305 4538 putat
1322 4464 1539 4536 aliquid
1566 4464 1672 4519 hoc
1696 4479 1843 4530 esse,
1865 4465 2016 4536 quod
2039 4464 2114 4519 si-

466 4555 685 4611 militer
713 4554 1035 4610 coloratum
1076 4562 1183 4618 est,
1218 4555 1305 4609 vel
1335 4554 1606 4609 similiter
1637 4559 1824 4620 sonat,
1859 4554 1944 4609 vel
1977 4554 2112 4620 olet,

466 4645 554 4702 vel
574 4645 847 4717 sapit,vel
872 4646 1132 4718 tangitur
1155 4664 1166 4713 ;
1193 4645 1330 4700 hinc
1353 4645 1507 4699 enim
1541 4649 1597 4698 et
1619 4645 2115 4700 medicamentum

468 4735 702 4808 aliquod
719 4739 976 4791 ceratum
998 4739 1227 4790 coctum
1248 4736 1305 4788 in
1324 4735 1536 4789 cacabo
1561 4737 1798 4805 putatur
1821 4733 2116 4806 legumen,

466 4830 524 4882 st
542 4825 766 4882 sonitus
783 4825 1145 4882 transeuntis
1163 4823 1412 4881 vehiculi
1433 4828 1673 4896 putatur
1686 4841 1753 4878 ex
1775 4825 2048 4891 tonitruo,
2064 4831 2121 4882 et

465 4916 514 4973 si
530 4915 708 4972 nullis
723 4915 852 4972 aliis
868 4915 1139 4971 sensibus
1160 4913 1619 4986 exploretur,sed
1640 4913 1746 4968 soli
1763 4915 1855 4984 actj
1867 4921 2027 4970 aceat
2045 4916 2120 4972 ol-

465 5006 906 5077 factui,citrium
933 5008 1175 5077 putatur
1193 5003 1370 5058 herba
1395 5020 1522 5075 quas
1557 5007 1795 5060 vocatur
1821 5005 2125 5077 apiaria,“

467 5095 631 5153 cibus
664 5096 860 5169 aliquo
888 5093 1180 5150 dulciculo
1205 5109 1379 5149 succo
1411 5094 1654 5149 affectus
1678 5099 1922 5165 putatur
1953 5095 2123 5150 melle

469 5186 822 5255 conditus;et
835 5185 1073 5257 ignotus
1087 5183 1343 5239 annulus
1359 5189 1755 5239 contrectatus
1768 5184 1826 5239 in
1843 5185 2121 5257 tenebris,

468 5282 712 5350 putatur
760 5291 994 5345 aureus,
1030 5292 1161 5330 cum
1204 5273 1279 5329 sit
1309 5291 1492 5329 aereus
1526 5278 1623 5328 aut
1655 5279 1993 5347 argenteus,
2025 5277 2125 5328 aut

469 5385 604 5425 cum
625 5365 946 5437 repentinis
964 5364 1400 5436 inopinatisque
1419 5364 1819 5436 corporalibus
1836 5363 1976 5419 visis
2001 5363 2122 5418 ani-

471 5475 564 5513 ma
599 5456 834 5511 turbata
850 5454 937 5509 vel
969 5453 1024 5509 in
1048 5453 1270 5509 somnis
1293 5454 1486 5510 videre
1508 5471 1569 5509 se
1602 5458 1794 5524 putat,
1815 5452 1905 5507 vel
1930 5453 2124 5525 aliquo

470 5543 812 5618 hujusmodi
847 5542 1138 5616 spirituali
1163 5543 1308 5600 visio
1341 5543 1491 5600 afﬁci
1528 5560 1540 5596 :
1575 5544 1729 5598 unde
1759 5542 1816 5596 in
1849 5542 2124 5597 omnibus

472 5634 870 5709 corporalibus
905 5634 1063 5701 visis,
1085 5640 1140 5690 et
1169 5634 1414 5690 aliorum
1448 5649 1727 5688 sensuum
1757 5632 2122 5699 contestatio,

472 5733 528 5783 et
552 5726 801 5783 maxime
819 5725 1007 5799 ipsius
1024 5724 1239 5781 mentis
1260 5728 1428 5794 atque
1449 5722 1692 5780 rationis
1715 5723 2045 5793 adhibetur,
2059 5726 2125 5779 ut

1350 296 1450 357 DE
1495 298 1770 359 GENESI
1817 299 1917 357 AD
1965 295 2385 370 LITTERAM,
2435 297 2500 357 S.
2549 297 2968 360 AUGUSTINI

3746 305 3866 363 J76

2208 429 2364 498 quod
2397 429 2455 482 in
2491 428 2600 485 hoc
2653 445 2848 485 rerum
2898 445 3107 502 genere
3138 449 3337 488 verum
3387 437 3496 503 est,
3531 433 3868 490 inveniatur

2211 521 2498 589 quantum
2532 518 2777 574 inveniri
2829 523 3038 591 potest.
3075 520 3137 575 In
3186 522 3408 577 visione
3459 528 3652 577 autem
3686 523 3866 594 spiri-

2208 606 2377 672 tuali,
2411 607 2467 662 id
2500 613 2589 664 est
2616 609 2670 663 in
2703 625 3013 680 corporum
3039 609 3554 679 similitudinibus,
3579 628 3706 684 quas
3741 612 3861 684 spi-

2212 696 2325 752 ritu
2358 697 2650 762 videntur,
2670 698 2892 754 fallitur
2922 701 3289 768 anima,cum
3323 717 3385 756 ea
3417 718 3547 773 quas
3576 704 3658 757 sic
3681 702 3858 766 videt,

2212 786 2342 859 ipsa
2370 804 2613 859 corpora
2656 804 2784 843 esse
2815 789 3172 856 arbitratur;
3224 789 3310 844 vel
3340 792 3490 862 quod
3520 791 3626 845 sibi
3662 791 3861 862 suspi-

2213 878 2378 932 cione
2427 877 2687 948 falsaque
2736 879 3070 949 conjectura
3119 879 3370 945 ﬁnxerit,
3420 881 3528 936 hoc
3577 881 3748 936 etiam
3803 881 3861 934 in

2218 967 2557 1037 corporibus
2592 971 2778 1038 putat,
2811 985 2925 1037 qua
2973 985 3087 1022 non
3118 969 3242 1024 visa
3273 972 3576 1041 conjectat.
3624 974 3698 1023 At
3729 985 3864 1024 vero

2214 1055 2274 1110 in
2307 1055 2424 1111 illis
2447 1056 2945 1113 intellectualibus
2967 1058 3111 1112 visis
3135 1075 3248 1113 non
3284 1059 3504 1113 fallitur
3535 1075 3547 1113 :
3582 1065 3682 1113 aut
3704 1059 3863 1114 enim

2213 1144 2507 1217 intelligit,
2541 1153 2596 1201 et
2625 1163 2822 1201 verum
2855 1152 2943 1201 est
2971 1165 2983 1214 ;
3019 1153 3118 1202 aut
3149 1148 3197 1203 si
3224 1165 3423 1203 verum
3458 1165 3570 1202 non
3604 1153 3712 1216 est,
3747 1164 3865 1202 non

2213 1233 2486 1307 intelligit
2519 1252 2530 1290 :
2567 1237 2720 1290 unde
2753 1236 2911 1291 aliud
2945 1242 3032 1292 est
3074 1237 3130 1291 in
3166 1238 3256 1292 his
3297 1252 3488 1292 errare
3520 1254 3647 1308 quae
3680 1237 3863 1301 videt,

2216 1323 2374 1378 aliud
2408 1325 2536 1379 ideo
2569 1341 2762 1381 errare
2793 1326 2931 1397 quia
2962 1343 3076 1381 non
3109 1327 3281 1383 videt.

2213 1469 2445 1525 CAPUT
2479 1469 2667 1524 XXVI.
2702 1500 2770 1509 —
2801 1470 3008 1540 Raptus
3061 1471 3263 1525 animae
3307 1471 3531 1540 duplex,
3577 1470 3870 1540 spirituati

2687 1544 2894 1596 visione
2923 1547 2971 1596 et
3002 1543 3382 1597 intellectuali.

2285 1685 2374 1739 53.
2402 1685 2763 1757 Quapropter
2784 1703 2916 1740 cum
2947 1686 3173 1757 rapitur
3194 1687 3392 1740 anima
3413 1685 3470 1741 in
3495 1701 3562 1740 ea
3589 1685 3712 1739 visa
3734 1699 3865 1755 quae

2215 1775 2426 1848 spiritu
2445 1779 2764 1830 cernuntur
2779 1775 2996 1831 similia
3008 1775 3429 1847 corporalibus,
3445 1774 3522 1829 ita
3545 1778 3608 1829 ut
3626 1773 3868 1828 omnino

2216 1866 2533 1921 asensibus
2547 1865 2806 1936 corporis
2820 1870 3114 1921 avertatur
3127 1865 3381 1936 amplius
3396 1879 3572 1935 quam
3587 1863 3645 1918 in
3660 1879 3869 1918 somno

2215 1953 2488 2022 solet,sed
2506 1955 2702 2010 minus
2717 1972 2890 2027 quam
2916 1955 2970 2009 in
2995 1959 3206 2022 morte;
3226 1956 3352 2025 jam
3367 1953 3573 2008 divinas
3597 1954 3666 2009 ad
3679 1951 3868 2007 moni-

2215 2045 2395 2100 tionis
2427 2049 2514 2099 est
2539 2051 2594 2099 et
2625 2045 2921 2115 adjutorii,
2958 2048 3021 2098 ut
3069 2060 3130 2100 se
3162 2061 3275 2099 non
3309 2059 3570 2114 corpora,
3610 2043 3709 2098 sed
3742 2040 3872 2096 visa

2215 2149 2524 2206 corporum
2541 2133 3155 2205 similiaspiritualiter
3169 2133 3393 2188 noverit
3414 2148 3668 2200 cernere,
3688 2130 3869 2186 sicuti

2217 2241 2341 2296 quas
2375 2241 2434 2278 se
2456 2223 2514 2278 in
2539 2223 2762 2278 somnis
2784 2224 3000 2288 videre,
3017 2224 3194 2279 etiam
3212 2227 3528 2295 antequam
3563 2219 3866 2293 evigilent,

2215 2313 2429 2369 sciunt.
2463 2313 2544 2368 Ibi
2576 2313 2622 2368 si
2659 2313 2836 2369 etiam
2867 2313 3136 2368 videntur
3166 2314 3378 2376 futura,
3417 2312 3500 2367 ita
3531 2316 3595 2367 ut
3625 2310 3870 2366 omnino

2217 2404 2415 2458 futura
2447 2409 2782 2468 noscantur,
2818 2420 3066 2473 quorum
3117 2403 3405 2474 imagines
3437 2405 3750 2474 praasentes
3783 2399 3867 2454 vi-

2216 2493 2447 2559 dentur,
2483 2493 2601 2548 sive
2636 2493 2760 2564 ipsa
2810 2492 3065 2546 hominis
3099 2496 3290 2547 mente
3331 2491 3609 2546 divinitus
3641 2490 3866 2560 adiuta,

2215 2583 2336 2638 sive
2368 2582 2563 2653 aliquo
2584 2581 2874 2652 interipsa
2898 2582 3022 2636 visa
3043 2582 3180 2652 quid
3207 2581 3538 2654 significent
3568 2593 3869 2651 exponen-

2215 2677 2290 2740 te,
2327 2672 2478 2728 sicut
2507 2672 2563 2725 in
2591 2670 2936 2743 Apocalypsi
2958 2671 3170 2725 Joanni
3199 2669 3795 2740 exponebatur(Apoc.
3825 2684 3869 2736 ι,

2218 2763 2284 2816 10
2312 2763 2474 2833 sqq._l,
2511 2778 2723 2832 magna
2746 2760 3016 2816 revelatio
3047 2765 3137 2816 est
3169 2777 3182 2815 :
3216 2759 3446 2815 etiamsi
3477 2759 3620 2814 forte
3641 2757 3873 2829 ignoret

2215 2852 2312 2907 ille
2344 2853 2434 2906 cui
2459 2851 2578 2906 haec
2597 2852 3092 2920 demonstrantur,
3121 2855 3317 2905 utrum
3336 2867 3365 2905 e
3383 2865 3621 2921 corpore
3641 2847 3868 2915 exierit,

2217 2957 2288 2998 an
2324 2941 2514 2998 adhuc
2545 2942 2620 2997 sit
2653 2942 2709 2996 in
2743 2941 3118 3013 corpore,sed
3152 2940 3363 3012 spiritu
3389 2957 3422 2993 a
3443 2937 3714 2994 sensibus
3737 2952 3870 2991 cor-

2218 3032 2375 3106 poris
2407 3031 2658 3086 alienato
2692 3031 2806 3086 ista
2855 3030 3083 3099 videat;
3140 3033 3332 3104 potest
3361 3028 3515 3084 enim
3551 3027 3632 3083 sic
3665 3030 3870 3097 raptus

2218 3122 2275 3177 id
2307 3121 2595 3194 ignorare,
2631 3121 2677 3176 si
2711 3121 2762 3176 ei
2794 3126 2844 3176 et
2880 3120 2988 3176 hoc
3019 3137 3133 3176 non
3168 3119 3529 3176 ostendatur.

2287 3212 2377 3266 54.
2410 3215 2589 3266 Porro
2619 3214 2834 3278 autem,
2861 3212 2908 3266 si
2943 3210 3444 3282 quemadmodum
3480 3210 3683 3278 raptus
3715 3209 3806 3260 est
3837 3222 3872 3260 a

2218 3300 2492 3357 sensibus
2524 3301 2806 3372 corporis,
2840 3306 2905 3354 ut
2937 3303 3093 3355 esset
3124 3299 3180 3353 in
3213 3299 3343 3354 istis
3375 3294 3870 3353 similitudinibus

2218 3408 2550 3463 corporum,
2579 3406 2702 3460 quaa
2736 3389 2944 3461 spiritu
2979 3390 3270 3453 videntur,
3306 3387 3387 3443 ita
3415 3392 3470 3442 et
3502 3386 3571 3441 ab
3602 3384 3748 3456 ipsis
3775 3399 3870 3438 ra-

2218 3480 2435 3552 piatur,
2471 3485 2536 3534 ut
2567 3479 2626 3533 in
2657 3478 2817 3533 illam
2853 3478 3020 3549 quasi
3053 3479 3348 3548 regionem
3381 3473 3867 3531 intellectualium

2217 3570 2306 3626 vel
2324 3569 2783 3640 intelligibilium
2803 3569 3184 3635 subvehatur,
3202 3567 3298 3622 ubi
3318 3566 3443 3622 sine
3466 3565 3586 3620 ulla
3607 3562 3869 3635 corporis

2220 3659 2608 3714 similitudine
2632 3659 2940 3730 perspicua
2971 3658 3180 3713 veritas
3203 3656 3490 3722 cernitur;
3525 3651 3704 3708 nullis
3736 3650 3866 3724 opi-

2221 3749 2466 3805 nionum
2483 3749 2762 3804 falsarum
2790 3748 3019 3802 nebulis
3041 3745 3469 3803 oﬁ‘uscatumibi
3490 3744 3730 3798 virtutes
3748 3740 3868 3797 ani-

2223 3855 2329 3895 mas
2350 3856 2459 3892 non
2478 3843 2617 3893 sunt
2633 3854 2886 3908 operosae
2902 3854 2964 3892 ac
2979 3835 3511 3906 laboriosasNeque
3526 3834 3680 3889 enim
3697 3846 3870 3903 opere

2221 3927 2613 4000 temperantiae
2643 3926 2823 3981 libido
2851 3927 3132 3995 frenatur,
3170 3929 3269 3980 aut
3301 3941 3471 3996 opere
3504 3919 3870 3978 fortitudinis

2222 4017 2550 4072 tolerantur
2595 4017 2856 4080 adversa,
2892 4019 2993 4070 aut
3037 4031 3208 4086 opere
3248 4013 3492 4085 justitiee
3526 4011 3729 4082 iniqua
3758 4026 3870 4080 pu-

2223 4107 2486 4171 niuntur,
2521 4110 2621 4160 aut
2647 4122 2819 4176 opere
2840 4103 3160 4177 prudentiae
3185 4101 3341 4159 mala
3370 4101 3721 4157 devitantur.
3748 4098 3877 4153 Una

2222 4196 2303 4252 ibi
2337 4200 2392 4250 et
2423 4200 2541 4249 tota
2573 4195 2758 4249 virtus
2786 4199 2875 4249 est
2903 4210 3100 4250 amare
3123 4193 3277 4264 quod
3312 4193 3527 4256 videas,
3562 4195 3617 4246 et
3639 4203 3876 4244 summa

2224 4285 2471 4342 felicitas
2503 4283 2715 4340 habere
2747 4285 2900 4356 quod
2948 4301 3130 4339 amas.
3165 4283 3248 4338 Ibi
3281 4283 3436 4338 enim
3470 4283 3636 4337 beata
3665 4279 3781 4333 vita
3812 4277 3870 4330 in

2224 4375 2381 4432 fonte
2440 4392 2545 4430 suo
2596 4374 2835 4441 bibitur,
2887 4374 3022 4429 inde
3073 4371 3404 4445 aspergitur
3461 4369 3682 4441 aliquid
3736 4365 3873 4423 huic

2224 4465 2494 4519 humana:
2545 4464 2692 4530 vitae,
2732 4468 2795 4518 ut
2843 4463 2900 4518 in
2951 4463 3373 4518 tentationibus
3425 4460 3604 4532 hujus
3652 4457 3874 4526 saeculi,

2224 4558 2638 4626 temperanter,
2675 4553 2917 4620 fortiter,
2945 4553 3124 4622 juste,
3160 4551 3586 4622 prudenterque
3624 4547 3873 4602 vivatur.

2226 4649 2466 4717 Propter
2524 4643 2666 4698 illud
2719 4644 2936 4715 quippe
2985 4640 3450 4713 adipiscendum,
3514 4639 3611 4693 ubi
3671 4654 3880 4694 secura

2227 4734 2396 4806 quies
2425 4733 2533 4788 erit
2565 4738 2621 4787 et
2651 4731 2966 4787 inctfabilis
2998 4731 3141 4787 visio
3176 4729 3456 4795 veritatis,
3491 4728 3656 4784 labor
3687 4727 3875 4782 susci-

2228 4825 2403 4896 pitur,
2437 4828 2492 4878 et
2530 4823 2864 4878 continendi
2917 4839 2949 4877 a
2978 4822 3293 4893 voluptate,
3326 4825 3382 4875 et
3413 4817 3744 4874 sustinendi
3777 4817 3878 4871 ad-

2228 4913 2556 4980 versitates,
2571 4915 2626 4966 et
2645 4910 3026 4966 subveniendi
3046 4910 3466 4982 indigentibus,
3481 4912 3538 4964 et
3568 4905 3880 4962 resistendi

2231 5003 2680 5073 decipientibus.
2711 5001 2793 5056 Ibi
2825 5002 3056 5056 videtur
3085 5001 3321 5055 claritas
3350 4997 3605 5068 Domini,
3640 5013 3752 5052 non
3779 5012 3884 5068 per

2228 5093 2513 5150 visionem
2547 5092 2997 5164 significantem,
3023 5092 3143 5146 sive
3173 5088 3556 5162 corporalem,
3579 5088 3730 5143 sicut
3759 5086 3884 5141 visa

2231 5187 2320 5240 est
2352 5183 2407 5236 in
2445 5186 2639 5237 monte
2669 5183 2805 5237 Sina
2835 5181 3170 5249 (Exod.x1x,
3207 5181 3314 5249 18),
3341 5181 3459 5234 sive
3491 5175 3880 5250 spiritualem,

2231 5272 2386 5328 sicut
2414 5271 2557 5326 vidit
2589 5272 2770 5327 Isaias
2807 5271 2962 5341 (Isai.
2997 5287 3074 5340 v1,
3106 5272 3178 5340 1),
3212 5269 3298 5325 vel
3331 5269 3588 5324 Joannes
3637 5266 3694 5320 in
3730 5271 3885 5336 Apo-

2231 5361 2449 5433 calypsi
2504 5379 2516 5416 :
2572 5363 2669 5417 sed
2732 5378 2833 5434 per
2890 5359 3165 5432 speciem,
3217 5377 3330 5415 non
3387 5373 3488 5430 per
3547 5356 3882 5428 aenigmata,

2232 5457 2516 5523 quantum
2547 5468 2674 5507 eam
2709 5468 2913 5524 capere
2947 5467 3112 5506 mens
3140 5450 3400 5504 humana
3427 5451 3639 5519 potest,
3672 5461 3886 5501 secun-

2231 5542 2368 5596 dum
2403 5542 2760 5598 assumentis
2794 5542 2890 5598 Dei
2921 5540 3192 5613 gratiam,
3225 5543 3288 5595 ut
3318 5557 3381 5596 os
3414 5539 3484 5594 ad
3517 5554 3580 5593 os
3612 5537 3888 5608 loquatur

2232 5632 2282 5688 ei
2319 5648 2491 5703 quem
2525 5632 2769 5704 dignum
2821 5631 2922 5686 tali
2959 5635 3105 5685 Deus
3153 5629 3444 5701 colloquio
3494 5627 3733 5692 fecerit;
3767 5641 3884 5680 non

2233 5739 2299 5780 os
2329 5723 2607 5794 corporis,
2642 5722 2743 5779 sed
2777 5719 3010 5778 mentis.
