4066 6388
164 325 272 384 485
578 320 1084 385 LOCUTIONUM
1137 321 1202 381 S.
1249 319 1679 382 AUGUSTlNl
1724 318 1800 378 ΙΝ
1852 318 2497 380 HEPTATEUCHUM
2548 317 2780 378 LIBER
2822 318 3147 382 PRIMUS.
3458 323 3578 381 466

161 472 257 528 pro
308 455 486 511 modo
545 459 745 511 nostro
801 452 1275 527 disputavimus,
1333 456 1434 508 aut
1490 449 1815 524 spiritualis
1927 451 2101 507 ﬁciet.
2136 452 2244 507 Sed
2275 454 2397 524 jam
2433 451 2771 506 universum
2807 451 2915 507 hoc
2966 468 3135 524 opus,
3171 454 3324 524 quod
3358 455 3578 511 duode-

160 545 337 602 lector
366 544 489 601 hac
521 544 1014 616 approbabitﬁaut
1044 543 1219 599 etiam
1251 545 1315 597 ut
1346 544 1424 598 sit
1464 538 1813 613 spiritualis,
1926 540 2038 595 cim
2073 540 2471 597 volummibus
2502 541 2856 608 continetur,
2892 541 3004 598 isto
3040 542 3272 598 tandem
3303 543 3415 598 fine
3447 561 3581 600 con-

160 637 471 707 adjuvante
502 635 721 708 Spiritu
746 633 1196 707 sancto,aliquid
1210 631 1662 690 existalectione
1677 647 1831 704 pro-r
1926 630 2246 686 cludimus.

699 928 844 1017 DE
903 924 1707 1040 SUBSEQUENTI
1766 923 2566 1012 LOCUTIONUM
2625 924 3035 1012 orans.

1333 1249 1477 1287 LIBRI
1520 1247 1553 1285 ll
1594 1246 2065 1287 RBTRLCTATIONUM
2106 1248 2267 1285 CAPUT
2304 1247 2413 1287 ιιν.

234 1356 474 1426 Septem
507 1353 689 1409 libros
720 1352 791 1407 de
822 1353 1047 1423 septem
1097 1348 1262 1405 libris
1293 1348 1623 1405 divinarum
1676 1348 2136 1420 Scripturarum,
2168 1348 2225 1403 id
2259 1352 2349 1404 est
2378 1348 2559 1421 Moysi
2611 1349 2893 1421 quinque,
2926 1355 2984 1406 ct
3014 1368 3131 1407 uno
3160 1352 3301 1409 Jesu
3331 1355 3505 1428 Nave,
3537 1362 3596 1412 et

169 1444 356 1501 altero
386 1442 663 1499 Judicum
699 1440 829 1509 feci,
864 1440 1081 1497 notatis
1115 1439 1510 1496 locutionibus
1542 1437 1912 1511 singulorum
1945 1454 2070 1509 quae
2100 1438 2298 1494 minus
2332 1437 2561 1493 usitatae
2595 1443 2734 1495 sunt
2781 1438 2994 1511 linguae
3025 1446 3237 1497 nostra
3270 1461 3283 1499 :
3315 1460 3461 1515 quas
3492 1463 3595 1518 pa-

170 1549 302 1589 rum
339 1532 696 1588 advertendo
731 1546 971 1587 sensum
1006 1533 1298 1601 quierunt,
1330 1528 1430 1601 qui
1462 1527 1684 1599 legunt,
1720 1526 2053 1583 divinorum
2086 1525 2479 1598 eloquiorum,
2512 1543 2646 1581 cum
2677 1527 2753 1583 sit
2780 1528 3094 1585 locutionis
3125 1546 3332 1603 genus,
3364 1538 3420 1589 et
3450 1552 3594 1591 non-

168 1639 478 1696 nunquam
511 1620 831 1692 exculpunt
860 1619 1082 1691 aliquid
1116 1619 1275 1691 quod
1306 1635 1339 1674 ο,
1366 1617 1611 1674 veritate
1661 1616 1899 1689 quidem
1950 1633 2065 1672 non
2115 1617 2467 1677 abhorreat;
2506 1633 2621 1672 non
2664 1622 2861 1673 tamen
2914 1618 2971 1673 id
3022 1620 3282 1678 sensisse
3329 1628 3533 1680 auctor
3561 1642 3595 1681 ο,

172 1729 284 1783 quo
315 1711 430 1768 hoc
462 1711 748 1783 scriptum
780 1712 869 1765 est
916 1708 1234 1775 invenitur,
1269 1707 1369 1763 sed
1402 1721 1612 1779 genere
1662 1704 1972 1762 locutionis
2006 1706 2111 1761 hoc
2159 1704 2378 1761 dixisse
2409 1705 2749 1761 credibilius
2800 1712 3060 1779 apparet.
3096 1709 3275 1766 Multa
3306 1717 3500 1769 autem
3532 1714 3594 1770 in

172 1799 497 1873 Scripturis
528 1797 748 1854 sanctis
780 1798 1053 1865 obscura,
1086 1795 1320 1868 cognito
1350 1793 1663 1851 locutionis
1694 1809 1906 1866 genere
1936 1792 2576 1864 dilucescunt.Propter
2604 1795 2758 1865 quod
2791 1796 3197 1867 cognoscenda
3225 1804 3367 1855 sunt
3394 1802 3596 1857 eadem

174 1905 392 1963 genera
421 1887 781 1944 locutionum
814 1885 914 1942 ubi
948 1885 1250 1941 sententiae
1281 1887 1521 1957 patent;
1557 1888 1621 1938 ut
1650 1883 1824 1939 etiam
1857 1881 1957 1938 ubi
1992 1882 2176 1937 latent
2218 1883 2472 1955 cognitio
2501 1882 2630 1954 ipsa
2660 1892 2985 1953 succurrat,
3017 1903 3236 1960 easque
3284 1890 3595 1947 intentioni

172 1977 423 2049 legentis
456 1976 699 2049 aperiat.
730 1976 920 2047 Hujus
952 1974 1144 2048 operis
1174 1974 1381 2030 titulus
1412 1979 1522 2041 est,
1558 1972 1907 2029 Locutiones
1939 1973 2009 2027 de
2039 1972 2282 2039 Genesi;
2319 1977 2494 2044 atque
2524 1973 2607 2027 ita
2637 1974 2707 2028 de
2757 1975 3007 2047 singulis
3061 1977 3247 2034 libris.
3281 1980 3440 2045 Quod
3488 1997 3595 2036 au-

174 2072 291 2124 tem
330 2065 393 2121 in
427 2065 575 2122 libro
607 2066 797 2137 primo
829 2064 999 2137 posui
1030 2063 1313 2134 scriptum
1348 2078 1478 2118 esse
1514 2080 1526 2118 :
1558 2064 1625 2117 Et
1651 2062 1786 2135 fecit
1816 2062 1924 2117 Noe
1952 2064 2147 2117 omnia
2176 2063 2337 2116 verba
2387 2076 2738 2134 quaecumque
2765 2067 3025 2137 praecepit
3074 2067 3163 2121 illi
3194 2070 3484 2139 Dominus,
3517 2070 3597 2125 sic

170 2158 307 2232 fecit
340 2157 546 2226 (Lorut.
583 2157 641 2211 in
675 2154 802 2212 Gen.
831 2171 911 2222 vr,
941 2154 1054 2223 22),
1089 2169 1338 2224 eamque
1372 2151 1723 2208 locutionem
1757 2151 1875 2206 dixi
1909 2167 2036 2207 esse
2068 2148 2324 2207 similem
2357 2150 2429 2221 ei,
2465 2152 2619 2222 quod
2663 2152 2721 2207 in
2755 2154 3084 2213 conditione
3134 2162 3416 2215 creaturae
3462 2175 3597 2232 pos-

172 2256 449 2322 teaquam
486 2248 721 2317 dicitur,
758 2251 823 2303 Et
850 2248 930 2303 sic
978 2254 1059 2302 est
1107 2249 1338 2318 factum,
1386 2243 1643 2310 additur,
1698 2252 1747 2298 et
1776 2244 1908 2315 fecit
1952 2244 2095 2298 Deus
2150 2240 2302 2313 (Gen.
2340 2243 2381 2313 ι)
2412 2258 2426 2308 ;
2463 2258 2577 2297 non
2611 2245 2771 2299 omni
2806 2246 2978 2302 modo
3029 2247 3223 2304 simile
3256 2249 3361 2305 hoc
3409 2250 3595 2307 eidem

174 2339 320 2395 mihi
354 2338 605 2394 videtur.
640 2337 902 2408 Denique
945 2334 1025 2392 ibi
1071 2334 1247 2391 etiam
1295 2350 1510 2390 sensus
1553 2331 1731 2400 latet;
1769 2332 1865 2388 hic
1904 2331 2030 2389 sola
2077 2332 2294 2388 locutio
2345 2336 2455 2388 est.
2507 2332 2626 2389 Hoc
2669 2350 2819 2405 opus
2866 2335 2951 2391 sic
2996 2336 3247 2409 incipit:
3281 2340 3599 2397 Loculiones

172 2430 610 2500 Scripturarum.

168 2572 3587 2622 Μ

898 2745 1023 2847 S.
1108 2742 1817 2846 AUBBLII
1926 2742 2870 2845 AUGUSTINI

1422 2924 1707 2984 HIPPON
1720 2924 1817 2983 EN
1825 2922 1940 2984 SIS
2001 2922 2270 2984 EPISCO
2284 2924 2350 2983 PI

185 3102 381 3225 IN
482 3094 2154 3227 HEP'I‘ATEUCHUM
2273 3096 3583 3236 LOCUTIONUM

1480 3324 1739 3399 LIBRI
1796 3324 2174 3401 SEPTEM
2204 3326 2296 3396 (α).

1319 3630 1769 3726 LIBER
1872 3569 2455 3729 PRIMUS.

1551 3819 1872 3870 Locutiones
1901 3822 1967 3870 de
2002 3821 2209 3871 Genesi.

243 4110 594 4168 Locutiones
640 4108 1101 4181 Scripturarum,
1134 4125 1267 4181 quae
1310 4110 1585 4166 videntur
1616 4126 1828 4166 secun-
2012 4108 2119 4180 [1b.
2151 4108 2266 4181 28.]
2298 4110 2519 4181 Implele
2548 4120 2780 4184 terram,
2814 4122 2864 4169 et
2904 4114 3291 4176 dominamini
3316 4123 3433 4194 ejus
3463 4143 3480 4179 :
3512 4125 3598 4182 la-

166 4205 313 4259 dum
348 4200 756 4274 proprietates,
792 4216 919 4272 quae
967 4199 1250 4255 idiomata
1298 4216 1480 4273 graece
1523 4204 1827 4268 vocantur,
1941 4197 2065 4252 tina
2096 4198 2249 4253 enim
2285 4199 2498 4255 locutio
2530 4205 2637 4271 est,
2670 4202 3062 4261 Dominamini
3088 4210 3158 4263 ei.

166 4293 388 4363 lingua)
419 4288 705 4345 hebraice
738 4287 821 4343 vel
853 4305 1077 4362 greeae.
1945 4376 1953 4378 ξ
2012 4288 2119 4378 [ψ.
2156 4305 2215 4359 11,
2247 4289 2326 4359 5.]
2359 4290 2424 4343 Et
2456 4290 2611 4347 homo
2642 4307 2751 4345 non
2780 4302 2898 4349 erat
2926 4300 3149 4366 operari
3176 4306 3414 4357 terram:
3439 4305 3596 4378 quod

240 4380 411 4451 [Gaia
446 4395 567 4450 cap.
602 4380 691 4450 ιβ’
725 4379 835 4450 14.]
871 4382 935 4435 Et
967 4378 1225 4435 dividant
1254 4378 1404 4435 inter
1430 4380 1675 4435 medium
1700 4379 1830 4448 diei,
1944 4376 2111 4431 latini
2143 4378 2369 4434 codices
2402 4378 2637 4445 habent,
2670 4384 2767 4451 qui
2793 4390 3111 4454 operaretur
3139 4393 3367 4448 terram.

166 4476 219 4527 et
253 4472 403 4526 inter
424 4469 675 4525 medium
704 4471 897 4524 noctis.
2016 4467 2124 4537 [lb.
2156 4467 2234 4537 8.]
2267 4468 2548 4523 Plantavil
2579 4470 2719 4524 Deus
2744 4473 3070 4542 paradisum
3089 4479 3393 4537 secundum
3414 4485 3600 4540 orien—

243 4560 351 4633 [Ib.
384 4560 474 4627 20,
506 4558 623 4629 26.]
646 4559 914 4615 Volatilia
938 4558 1188 4615 volantia
1216 4575 1381 4631 super
1412 4566 1619 4615 terram
1640 4575 1836 4615 secun-
1944 4559 2051 4611 lem
2083 4575 2100 4611 :
2133 4557 2286 4628 quod
2320 4556 2484 4611 latini
2519 4557 2758 4629 habent,
2792 4561 2863 4615 ad
2891 4565 3181 4622 orientem.

168 4651 306 4705 dum
330 4650 748 4719 ﬁrmamentum
770 4649 1211 4716 cceli.Quazritur
1236 4650 1529 4722 quomodo
1552 4649 1835 4721 accipien-
2017 4646 2122 4717 [1b.
2157 4646 2232 4714 9.]
2266 4646 2423 4710 Quod
2479 4646 2695 4703 habent
2729 4650 2897 4705 multi
2956 4652 3119 4710 latini
3154 4659 3406 4726 codices,
3439 4667 3506 4720 Et
3536 4666 3603 4720 li-

170 4742 318 4795 dum
355 4738 451 4806 sit,
471 4739 781 4794 secundum
812 4740 1249 4809 ﬁrmamentum.
1282 4739 1371 4794 Sic
1407 4739 1607 4809 etiam,
1641 4740 1835 4794 Facia-
1945 4752 2113 4805 gnum
2143 4737 2352 4790 sciendi
2382 4738 2581 4791 bonum
2612 4742 2661 4791 et
2694 4740 2922 4809 malum,
2968 4742 3075 4810 vel,
3110 4746 3323 4817 lignum
3351 4754 3602 4811 scienti}:

170 4845 301 4884 mus
331 4828 610 4883 hominem
655 4828 951 4884 secundum
1003 4829 1309 4901 imaginem
1339 4836 1389 4883 et
1433 4828 1729 4883 secundum
1758 4829 1835 4883 si-
1948 4825 2076 4879 boni
2103 4833 2153 4879 et
2183 4826 2345 4895 mali,
2377 4825 2486 4895 vel,
2515 4826 2730 4895 lignum
2757 4829 2967 4886 sciendi
3013 4832 3142 4890 boni
3167 4845 3218 4891 et
3266 4840 3405 4895 mali
3420 4857 3442 4903 ,·
3464 4847 3523 4898 et
3554 4844 3602 4899 si

168 4917 558 4974 militudine",
589 4935 607 4971 ..
640 4918 796 4990 quod
829 4916 1003 4972 mum
1038 4916 1205 4972 latini
1238 4916 1468 4973 codices
1494 4916 1733 4985 habent,
1764 4915 1838 4973 ad
1947 4931 2074 4986 quas
2106 4918 2245 4970 sunt
2277 4913 2403 4969 aliae
2450 4915 2759 4973 varietates
2792 4919 2862 4974 de
2915 4920 3024 4977 hac
3076 4940 3136 4980 re
3186 4925 3600 5001 interpretum,

170 5009 486 5079 imaginem
511 5010 563 5063 et
593 5006 1038 5063 similitudinem.
1947 5020 2168 5076 graecus
2210 5002 2406 5071 habet,
2438 5012 2489 5059 et
2537 5005 2749 5077 lignum
2799 5008 2872 5064 ad
2924 5012 3207 5070 sciendum
3245 5020 3605 5089 cognoscibils

1466 5148 1737 5185 ADIONITIO
1771 5149 1844 5184 PP.
1882 5145 2326 5186 BENEDIC’I‘INORUI.

240 5244 495 5307 Castigati
528 5248 656 5293 sunt
683 5243 748 5292 de
779 5256 920 5293 novo
955 5243 1263 5307 (bissptem
1295 5240 1435 5307 libri)
1469 5241 1537 5290 ad
1566 5243 1689 5291 Mss.
1720 5243 2042 5307 __Victorinos
2073 5240 2242 5307 duos,
2275 5239 2341 5289 ad
2390 5239 2721 5307 Vaticanum,
2754 5242 3150 5307 iSorbonicum,
3180 5251 3581 5306 Cisterciensem

179 5294 520 5363 Beccen‘é’em,
553 5294 970 5362 Michaelinum,‘
998 5306 1089 5370 PP].
1120 5294 1595 5370 'Bernardinorum
1639 5304 1861 5370 collegii
1920 5294 2241 5370 Parisieusis
2275 5316 2481 5370 Annum.
2526 5304 2620 5370 ad_
2648 5294 3609 5370 corbeiensem—;:'ti;sti}:iﬁ}ﬁﬁwéi

178 5372 401 5485 ﬁgamus
431 5374 593 5432 notae,
626 5370 693 5419 ad
742 5371 1014 5420 variantes
1066 5366 1477 5417 Lovanlensium
1525 5365 1815 5418 lectiones'
1832 5382 1892 5419 ex
1938 5373 2173 5432 quatuor
2204 5366 2465 5431 Belgicis:
2498 5371 2551 5416 et
2591 5365 2805 5418 demum
2853 5372 2918 5421 ad
2968 5374 3231 5428 editiones
3280 5365 3507 5432 Aul—Er.
3554 5365 3611 5434 6i

257 5448 309 5483 ν.

257 5448 309 5483 ν.

378 5540 871 5621 Comparavimus
894 5545 1188 5622 praeterea
1212 5555 1308 5598 eas
1335 5554 1530 5597 omnes
1558 5535 1841 5599 editiones
1869 5539 2039 5600 initio
2072 5541 2239 5599 Retr.
2277 5540 2338 5597 et
2368 5534 2667 5612 Confess.,
2702 5545 2742 5596 I.
2783 5540 2838 5617 l,
2872 5553 3240 5608 memoratas.
3332 5550 3415 5612 M.

245 5684 461 5758 (q)__[loc
492 5682 725 5758 opusuad
746 5695 977 5758 annum.
991 5680 1203 5758 circiter
1220 5678 1564 5758 Attﬁgrefelire
1583 5678 1779 5758 idcirco
1805 5682 1981 5758 visum
2018 5686 2116 5740 est,
2149 5677 2871 5758 quiaign‘ﬁetnagtgtionibus
2900 5684 3080 5738 locum
3111 5687 3274 5741 habet
3299 5696 3606 5758 proximum

184 5740 311 5816 post
331 5747 499 5798 libros
528 5740 594 5796 de
622 5746 831 5809 Nuptiis
861 5748 915 5796 et
942 5742 1402 5809 Concupiscsntia,
1433 5755 1569 5806 quos
1599 5756 1663 5794 eo
1691 5744 1803 5797 fere
1833 5749 2073 5811 tempore
2103 5740 2329 5807 scriptos
2358 5740 2520 5792 fuisse
2548 5740 2733 5805 liquot.
