4066 6358
433 309 542 368 491

429 448 550 513 post
580 441 632 492 te
660 454 680 491 .·
710 434 793 489 ibi
825 431 982 487 enim
1016 425 1196 482 voluit
1227 418 1470 489 intelligi
1501 416 1654 487 quod
1689 405 2078 476 dixerat,tibi.

510 527 614 599 [1b.
646 539 785 592 xvn,
816 522 897 590 9.]
936 521 1019 573 Tu
1044 517 1224 570 autem
1253 515 1631 566 testamentum
1661 516 1843 556 meum
1872 511 2084 551 conscr-

439 617 614 686 vabis,
645 618 695 670 et
726 627 911 668 semen
943 612 1100 663 tuum
1131 609 1247 675 post
1283 611 1329 655 te
1364 601 1419 653 in
1438 594 1723 668 progenies
1758 605 1926 644 suas:
1957 601 2082 639 con-

435 705 696 773 servabis,
727 717 852 774 pro,
886 711 1199 759 conserva;
1231 687 1647 762 promissivum
1677 696 1777 752 pro
1827 677 2082 746 impera-

437 797 553 853 tivo
586 793 758 849 modo
790 788 1008 862 posuit.

1183 282 1690 353 LOCUTIONUM
1738 280 1803 338 S.
1849 267 2272 336 AUGUSTINI
2320 265 2396 325 IN
2446 252 3086 322 HEPTA'I‘EUCHUM

3723 240 3844 300 492

2187 397 2422 470 peltam,
2454 393 2665 466 inquit,
2699 394 2974 445 mortuum
3004 400 3187 440 meum
3219 401 3235 436 :
3269 378 3422 451 quod
3470 392 3584 432 non
3635 376 3848 428 neutro

2195 487 2364 559 quasi
2396 500 2608 555 corpus
2640 485 2956 546 mortuum,
2991 476 3086 529 sed
3123 469 3448 527 masculino
3479 480 3689 539 genere
3721 462 3851 516 dic-

2195 581 2319 632 tum
2355 589 2540 646 graeca
2568 569 2859 641 scriptura
2887 565 3272 620 demonstrat.

2265 641 2384 734 [Ibi
2404 677 2555 729 xxw,
2587 657 2664 726 3.]
2697 659 2757 711 Et
2787 653 3051 726 adjurabo
3092 654 3144 706 te
3188 664 3288 720 per
3330 644 3630 703 Dominum
3678 641 3853 696 Deum

2196 728 2322 807 caeli
2367 758 2418 807 et
2464 728 2634 804 Deum
2680 750 2849 801 terrm
2889 761 2908 798 :
2946 740 3121 814 graeci
3151 754 3270 795 non
3299 735 3539 803 habent,
3567 748 3689 803 per,
3723 728 3852 794 sed,

512 828 553 852 ‘u
586 828 758 849 ωυυυ
832 828 1008 844 μου...

512 886 618 955 [1b.
653 880 764 952 12.]
790 828 864 936 Et
887 892 1030 950 puer
1056 877 1170 930 octo
1198 871 1412 926 dierum
1442 858 1886 924 circumsidetur,
1929 865 2091 911 omne
2199 833 3002 955 adjukragqliominumkbeum
3027 828 3173 955 aliaalii.

437 943 819 1033 mdscul-inum
865 943 904 1024 τ’
929 982 1055 1040 pro,
1104 959 1300 1017 omnis
1329 951 1664 1019 masculus;
1695 943 1865 1022 quasi
1897 943 2096 1016 posset

445 1059 788 1124 circumcidi
818 1056 933 1114 nisi
967 1048 1291 1126 masculus.

2269 929 2378 1004 [1b.
2410 925 2488 999 3.]
2524 926 2657 982 Cum
2689 923 2886 996 quibus
2914 936 3011 993 ego
3041 918 3223 975 habito
3250 915 3313 975 in
3343 915 3442 970 eis.

2275 1019 2380 1086 [1b.
2410 1014 2490 1090 5.]
2519 1016 2594 1072 Ne
2624 1011 2839 1087 quando
2867 1009 3113 1067 noluerit
3137 1005 3341 1063 mulier
3371 1006 3458 1060 ire
3484 1013 3855 1057 mecum:mu-

801 1089 1128 1219 Etprbzgit
1151 1089 1434 1197 Abraham
1461 1135 1521 1190 in
1550 1131 1828 1228 {aeternet
2031 1120 2095 1228 in
2202 1107 2403 1228 liofﬁtn
2418 1089 3854 1228 26:11ipaiqp’p‘egaieprqpﬁzrpneitilliuslinguae.

445 1213 632 1303 animo
660 1256 758 1298 suo
783 1237 986 1306 dicens,
1005 1233 1068 1290 Si
1094 1229 1242 1287 mihi
1267 1234 1484 1286 centum
1513 1236 1684 1278 annos
1716 1213 1942 1272 habenti
1969 1225 2098 1266 nas-

445 1344 616 1402 cetur,
648 1339 700 1387 et
727 1331 779 1385 si
807 1328 953 1384 Sara
980 1335 1254 1380 annorum
1284 1315 1591 1386 nonaginta
1636 1306 1852 1382 pariet?
1896 1298 2100 1358 Admi-

450 1390 637 1483 ranti's
689 1434 818 1477 esse
846 1416 1021 1473 istam
1051 1409 1429 1476 locutionem,
1464 1418 1579 1460 non
1611 1392 1958 1460 dubitantis,
1991 1390 2097 1444 du-

451 1511 765 1573 bitandum
799 1523 912 1563 non
939 1507 1047 1560 est.

521 1603 629 1672 [1b.
659 1596 776 1670 24.]
805 1593 1084 1652 Abraham
1114 1592 1300 1646 autem
1330 1589 1447 1641 erat
1477 1593 1756 1637 annorum
1802 1572 2104 1639 nonaginta

448 1708 644 1750 novem
689 1704 818 1744 cum
868 1682 1230 1741 circumcisus
1273 1678 1351 1732 est
1399 1687 1620 1729 carnem
1649 1664 1939 1737 prwputiis
1968 1661 2102 1715 sui:

452 1799 568 1840 non
603 1779 767 1846 dixit,
797 1777 1013 1840 Carne;
1044 1774 1162 1838 aut,
1199 1768 1258 1822 in
1290 1780 1483 1821 carne.

526 1871 636 1942 [1b.
667 1841 827 1933 xviii,
857 1863 939 1932 7.]
969 1863 1032 1917 Et
1061 1861 1123 1915 in
1154 1857 1303 1913 boves
1333 1850 1642 1910 accucurrit
1672 1841 1944 1902 Abraham
1958 1853 2105 1895 :non

457 1961 624 2025 dixit,
657 1958 737 2012 Ad
775 1957 972 2010 boves.

532 2014 640 2122 [ὦ.
674 2047 788 2118 11.]
812 2041 1090 2100 Abraham
1119 2045 1303 2094 autem
1323 2038 1372 2090 et
1395 2032 1535 2087 Sara
1565 2027 1805 2084 seniores
1838 2014 2113 2091 progressi

461 2112 795 2198 in‘diebus'z
829 2132 984 2206 quod
1018 2127 1188 2202 greci
1221 2125 1457 2186 habent,
1489 2115 1761 2191 progressi
1791 2112 2031 2166 dierum.

536 2230 644 2301 [lb.
676 2227 793 2294 20.]
828 2199 983 2278 Dixit
1014 2199 1196 2274 dutem
1227 2209 1736 2276 Dominus,Clamor
1765 2199 2116 2256 Sodomorum

463 2325 519 2377 et
539 2299 870 2375 ‘Gomorrhw
900 2311 1152 2382 impletus
1181 2309 1280 2372 est,
1335 2311 1385 2356 et
1435 2299 1633 2354 delicta
1680 2306 1868 2348 eorum
1916 2299 2120 2352 magna

459 2376 644 2465 valde.
678 2376 1002 2460 Clamorem
1033 2395 1332 2465 Scriptura
1373 2388 1519 2444 solet
1553 2397 1764 2456 ponere
1816 2393 1917 2450 pro
1959 2376 2124 2428 tanta

455 2492 826 2570 impudentia
853 2494 912 2545 et
937 2488 1208 2543 libertate
1235 2475 1588 2550 iniquitatis,
1609 2477 1672 2528 ut
1703 2485 1806 2525 nec
1837 2480 2114 2522 verecun-

468 2587 587 2653 dia,
618 2599 723 2640 nec
756 2582 971 2637 timore
1003 2571 1419 2631 abscondatur.

543 2642 652 2746 [ib.
683 2671 799 2742 28.]
828 2671 894 2724 Et
925 2667 1090 2729 dixit,
1125 2663 1264 2730 Quia
1293 2674 1402 2714 non
1432 2653 1656 2727 perdam
1685 2651 1734 2705 si
1766 2651 2019 2703 invenero
2049 2642 2126 2696 ibi

470 2735 836 2840 quadraginta
867 2758 1107 2829 quinque
1139 2769 1152 2806 ε
1189 2747 1552 2821 superﬂuum
1586 2741 1828 2805 videtur,
1863 2737 2011 2806 quia,
2070 2735 2128 2786 et

473 2827 605 2912 ideo
637 2827 702 2907 in
727 2827 1024 2905 codicibus
1044 2837 1345 2898 nonnullis
1374 2832 1573 2891 latinis
1605 2846 1719 2884 non
1754 2827 1983 2898 legitur.

559 2943 664 3016 [1b.
696 2939 810 3011 30.]
842 2930 1144 3006 Numquid,
1177 2927 1425 3016 Domine,
1457 2925 1507 2978 si
1536 2923 1728 2992 loquar
1777 2934 1789 2972 :

483 3009 604 3102 tur,
636 3009 928 3093 irasceris,
963 3027 1064 3079 aut
1094 3017 1316 3091 aliquid
1350 3009 1710 3085 bujusmodi.

557 3089 664 3194 [1b.
697 3135 812 3186 xxx,
845 3089 958 3186 297.]
995 3112 1128 3168 Cum
1157 3089 1414 3165 everteret
1444 3100 1707 3158 Dominus
1753 3095 2024 3158 civitates,
2071 3089 2134 3145 in

483 3211 681 3286 quibus
710 3204 999 3264 habitabat
1028 3204 1090 3258 in
1120 3201 1197 3256 eis
1225 3197 1264 3286 ‘7.

554 3301 664 3374 [1b.
695 3313 790 3368 xx,
819 3294 936 3364 13.]
965 3293 1023 3348 In
1055 3287 1205 3346 omni
1238 3285 1350 3342 loco
1378 3281 1475 3338 ubi
1507 3277 1897 3335 intraverimus
1932 3271 2029 3328 ibi.

553 3359 664 3463 ῖιι).
692 3359 809 3456 xxi,
843 3359 955 3454 19:]
989 3383 1052 3437 Et
1081 3377 1308 3450 aperuit
1343 3374 1482 3428 Deus
1510 3369 1690 3425 oculos
1719 3367 1856 3438 ejus,
1904 3366 1958 3418 et
2003 3359 2142 3415 vidit

478 3449 708 3555 puteum
751 3487 911 3546 aqua:
957 3449 1146 3527 vivae}
1178 3463 1392 3521 locutio
1442 3464 1549 3528 est,
1585 3475 1699 3513 non
1729 3455 1885 3511 enim
1919 3449 2136 3506 clausis

486 3540 674 3628 oculis
706 3569 860 3630 erat;
895 3561 1048 3618 unde
1073 3560 1200 3630 jam
1234 3555 1291 3610 in
1325 3549 1611 3624 principio
1643 3544 1779 3601 libri
1807 3540 1987 3599 locuti
2043 3556 2142 3595 su-

492 3675 649 3729 mus,
681 3656 778 3712 ubi
810 3653 1097 3724 scriptum
1120 3652 1229 3718 est,
1263 3647 1324 3700 Et
1353 3643 1532 3715 aperti
1561 3643 1689 3694 sunt
1720 3635 1865 3692 oculi
1895 3647 2108 3689 eorum.

569 3748 678 3820 [1b.
711 3744 827 3815 23.]
860 3744 922 3797 Et
951 3749 1100 3796 terra
1131 3752 1294 3810 quam
1327 3730 1646 3789 i-nhabitasti
1678 3729 1733 3782 in
1761 3742 1845 3781 ea.

575 3804 679 3909 ilb.
863 3833 924 3886 Et
974 3804 1352 3900 disposuerunt
1399 3822 1554 3876 ambo
1605 3821 2014 3876 testamentum,
2065 3804 2150 3861 vel

504 3899 703 3983 testati
744 3899 884 3978 sunt
914 3919 1087 3976 ambo
1121 3934 1134 3971 :
1167 3915 1327 3971 amat
1357 3909 1658 3982 Scriptura
1679 3899 2014 3960 testamenti
2047 3913 2154 3952 no-

515 4015 675 4072 mine
701 4017 935 4086 pactum
969 4004 1280 4079 appellare.

590 4074 720 4177 [1b..
748 4118 887 4167 χχιι,
936 4074 1020 4170 2.]
1048 4074 1260 4168 —Accipe
1307 4090 1498 4162 ﬁlium
1544 4092 1701 4144 tuum
1730 4081 1990 4138 dilectum
2017 4097 2033 4133 :
2064 4074 2166 4131 illa

519 4166 811 4252 locutione
841 4166 1060 4246 dictum
1091 4166 1202 4254 est,
1228 4183 1440 4254 Accipe,
1465 4194 1582 4251 qua
1605 4175 1778 4232 etiam
1811 4171 1882 4227 ad
1915 4172 2066 4241 Agar
2095 4166 2167 4222 de

519 4283 640 4339 ﬁlio
667 4282 808 4353 ejus.

597 4344 714 4445 [Ib:
735 4370 813 4442 4.]
847 4369 909 4424 Et
938 4366 1230 4439 respiciens
1259 4360 1535 4418 Abraham
1566 4354 1773 4419 oculis;
1821 4365 1952 4406 cum
2002 4344 2169 4404 sufﬁ-

525 4464 702 4524 ceret,
733 4457 1045 4530 respiciens.

601 4549 707 4623 [Ib.
743 4527 854 4619 16:]
888 4553 995 4602 Per
1022 4543 1397 4612 memelipsum
1436 4535 1649 4608 juravi,
1697 4531 1810 4586 nisi
1858 4527 2173 4584 benedicens

530 4638 844 4695 benedicam
875 4642 969 4693 te:
1003 4652 1068 4690 ac
1100 4634 1149 4690 si
1173 4630 1527 4693 diceret,Per
1546 4621 1775 4678 memeti
1786 4635 1954 4692 psum
1981 4612 2177 4689 juravi

531 4729 687 4801 quod
722 4727 1072 4782 benedicens
1105 4719 1446 4776 benedicam
1501 4718 1590 4781 te;
1644 4714 1743 4767 aut
1791 4706 1952 4764 nullo
2003 4704 2176 4760 verbo

532 4796 731 4875 addito
765 4812 1132 4887 simpliciter,
1162 4809 1269 4865 Per
1301 4803 1712 4875 memetipsum
1738 4796 1951 4870 juravi,
2003 4796 2174 4849 bene-

535 4908 735 4963 dicens
769 4903 1107 4961 benedicam
1143 4903 1215 4952 te.

603 4997 708 5068 [1b.
733 4996 844 5064 17.]
876 4995 940 5048 Et
968 4988 1347 5059 multiplicans
1376 4980 1757 5053 multiplicabo
1789 4992 1964 5034 semen
1999 4977 2175 5042 tuum;

531 5103 666 5142 cum
699 5084 968 5141 sufﬁcere
1000 5083 1219 5150 posset,
1251 5071 1646 5145 multiplicabo.
1805 5071 1830 5080 ⁴

605 5177 713 5248 [1b.
747 5175 863 5243 20.]
896 5172 957 5226 Et
990 5168 1306 5224 nuntiatum
1335 5172 1410 5219 est
1439 5160 1687 5231 Abrahzr,
1719 5159 1992 5221 dicentes;
2045 5169 2178 5209 cum

534 5244 892 5322 consuetudo
923 5257 1198 5331 loquendi
1231 5256 1462 5322 habeat,
1486 5252 1914 5309 Nuntiaverunt
1943 5244 2180 5300 Abrahae

535 5355 818 5422 dicentes,
851 5355 971 5420 aut,
1004 5347 1341 5403 nuntiatum
1375 5353 1459 5398 est
1489 5359 1521 5396 a
1550 5339 1901 5396 dicentibus.

612 5439 1047 5515 [lb.xxm,3,4.]
1078 5439 1138 5492 Et
1164 5435 1410 5491 surrexit
1443 5431 1725 5488 Abraham
1755 5446 1788 5482 a
1818 5433 2024 5482 mortuo
2055 5437 2180 5477 suo:

537 5549 654 5588 non
687 5530 892 5598 dixit,a
920 5532 1150 5584 mortua
1182 5528 1379 5582 sua.Et
1409 5525 1619 5578 iterum
1653 5521 1721 5574 de
1747 5519 1982 5574 eadem:
2007 5517 2070 5569 Et
2098 5527 2182 5567 se—

606 5749 621 5782 ¹
676 5746 834 5806 Editi,
881 5741 1184 5794 habitabant
1234 5741 1288 5789 in
1335 5738 1427 5789 eis.
1475 5737 1599 5787 Mss.
1654 5747 1803 5792 vero,
1853 5729 2122 5781 habitabat
2169 5743 2182 5778 :

545 5810 745 5861 scilicet
773 5809 922 5860 Loth.
949 5807 1106 5870 juxta
1129 5816 1382 5869 graecum.

2281 1197 2386 1272 [1b.
2417 1195 2494 1268 5.]
2529 1199 2592 1250 In
2624 1203 2832 1248 terram
2859 1188 2924 1246 de
2951 1204 3063 1260 qua
3091 1184 3262 1242 existi
3286 1183 3432 1238 inde.

2281 1267 2388 1360 lib.
2421 1267 2500 1356 6.]
2528 1281 2750 1339 Attende
2783 1280 2889 1337 tibi
2915 1294 2984 1333 ne
3012 1290 3226 1332 revoces
3255 1273 3436 1344 ﬁlium
3468 1285 3647 1326 meum
3682 1267 3821 1323 illuc
3842 1282 3860 1319 :

2207 1378 2302 1435 his
2333 1376 2522 1432 verbis
2552 1372 2699 1429 solet
2730 1366 3108 1426 comminatio
3138 1362 3374 1418 declari.

2287 1486 2390 1558 [lb.
2423 1486 2476 1552 9,
2501 1485 2578 1550 8.]
2613 1485 2677 1536 Et
2707 1479 2891 1550 posuit
2918 1491 3060 1547 puer
3088 1456 3315 1528 manum
3342 1486 3501 1524 suam
3529 1468 3626 1523 sub
3655 1470 3867 1536 femore

2217 1556 2484 1640 Abrahae,
2516 1580 2570 1626 et
2588 1570 2804 1642 juravit
2835 1567 2888 1622 ei
2909 1565 2976 1621 de
3005 1564 3163 1619 verbo
3195 1561 3291 1617 hoc
3320 1578 3341 1614 .·
3373 1574 3507 1630 ergo
3533 1556 3750 1612 locutio
3777 1558 3870 1609 est

2216 1683 2329 1738 qua
2360 1663 2584 1718 dixerat
2613 1653 3146 1724 Abraham,adjur0
3178 1656 3332 1716 te,ac
3363 1648 3412 1704 si
3441 1646 3707 1713 dixisset,
3730 1644 3870 1714 jura

2219 1752 2506 1818 mihi;non
2532 1754 2724 1803 autem
2750 1744 3008 1800 solemus
3032 1738 3416 1811 sicloqui,sed
3433 1733 3868 1792 observandum

2219 1849 2303 1900 est
2329 1847 2525 1896 utrum
2547 1838 2661 1892 sint
2685 1837 2741 1890 in
2766 1831 3079 1903 Scripturis
3110 1829 3232 1885 alia:
3265 1826 3488 1883 similes
3519 1823 3867 1881 locutiones:

2221 1949 2356 1989 nam
2388 1929 2538 2000 quod
2574 1926 2718 1981 dixit
2749 1921 3064 1984 Abraham,
3091 1921 3154 1974 Si
3182 1919 3423 1974 noluerit
3449 1914 3653 1970 mulier
3681 1913 3872 1968 venire

2222 2026 2422 2080 tecum,
2446 2033 2617 2089 purus
2639 2017 2747 2070 eris
2769 2032 2800 2068 a
2814 2014 3132 2083 juramento
3156 2008 3270 2075 hoc;
3293 2002 3687 2062 manifestavit
3709 2003 3790 2057 ita
3811 2017 3874 2056 se

2227 2111 2463 2174 dixisse,
2515 2107 2713 2177 adjuro
2771 2108 2843 2168 te,
2871 2107 3155 2172 tanquam
3188 2097 3425 2160 diceret,
3456 2096 3585 2166 jura
3615 2092 3785 2148 mihi.

2307 2218 2412 2288 [1b.
2449 2215 2559 2284 10.]
2588 2211 2748 2279 Quod
2783 2208 3070 2279 scripturn
3120 2209 3208 2260 est
3251 2204 3322 2260 de
3371 2203 3650 2268 Rebecca,
3707 2199 3877 2269 Virgo

2232 2318 2412 2363 autem
2442 2307 2565 2360 erat
2595 2303 2836 2372 speciosa
2865 2297 3037 2364 valde,
3069 2297 3222 2362 virgo
3249 2301 3392 2360 erat,
3425 2293 3509 2346 vir
3537 2306 3644 2345 non
3673 2303 3881 2357 cogno-

2233 2406 2381 2452 verat
2413 2412 2555 2461 cant,
2591 2392 2704 2446 ista
2735 2386 3001 2458 repetitio
3032 2382 3596 2439 commendationem
3637 2375 3882 2448 virgini-

2233 2486 2373 2542 tatis
2407 2484 2688 2537 insinuat.
2722 2477 2831 2533 Sed
2865 2493 2969 2530 cur
2999 2473 3265 2530 additum
3299 2471 3395 2539 sit,
3427 2472 3514 2525 vir
3554 2469 3888 2541 cognoverat

2233 2592 2373 2642 eam,
2408 2571 2518 2627 nisi
2546 2567 2856 2624 locutionis
2889 2566 2984 2633 sit,
3017 2563 3233 2617 mirum
3266 2561 3314 2616 si
3349 2560 3535 2631 possit
3569 2558 3650 2612 ita
3699 2556 3887 2627 accipi

2239 2669 2302 2719 ut
2332 2664 2491 2732 virgo
2524 2676 2735 2715 nomen
2769 2656 2846 2712 sit
2877 2653 3084 2718 astatis,
3120 2669 3234 2707 non
3284 2647 3654 2721 integritatis.
3705 2645 3888 2702 Graeci

2239 2758 2433 2809 autem
2463 2766 2576 2805 non
2610 2747 2844 2810 habent,
2875 2749 3230 2815 cognoverat.
3263 2739 3365 2794 sed
3404 2739 3682 2808 cognovit;
3732 2734 3888 2806 quod

2239 2843 2468 2898 videtur
2498 2838 2950 2904 inconsequens.

2316 2931 2419 3002 [1b.
2450 2929 2566 2997 26.]
2597 2924 2858 2981 Adoravit
2881 2923 3110 2978 Domino
3138 2936 3157 2974 :
3189 2917 3344 2990 quod
3377 2916 3546 2972 nobis
3575 2912 3888 2970 rusitatum

2243 3025 2332 3078 est
2361 3018 2570 3083 dicere,
2601 3012 2873 3069 Adoravit
2903 3009 3235 3066 Dominum.

2317 3126 2423 3200 [Ιῦ.
2451 3123 2567 3193 27.]
2599 3121 2873 3190 Quoniam
2902 3133 3012 3173 non
3042 3115 3335 3186 dereliquit
3357 3112 3635 3184 justitiam
3664 3119 3715 3165 et
3743 3109 3896 3164 veri-

2248 3199 2416 3274 tatem
2449 3231 2479 3268 a
2514 3212 2743 3266 Domino
2763 3223 2881 3263 meo
2911 3224 2930 3260 :
2961 3205 3018 3261 id
3051 3209 3142 3261 est
3163 3203 3458 3275 justitiam
3489 3205 3546 3257 et
3592 3199 3899 3255 veritatem

2249 3322 2376 3378 quis
2408 3307 2497 3358 est
2526 3318 2559 3356 a
2589 3299 2836 3356 Domino
2866 3312 3018 3362 meo,
3049 3311 3115 3349 ac
3145 3295 3195 3348 si
3249 3293 3489 3359 diceret,
3541 3303 3719 3361 quam
3769 3287 3907 3342 fecit

2249 3392 2537 3452 Dominus
2570 3405 2760 3444 meus.

2324 3483 2433 3553 [1b.
2466 3479 2581 3548 28.]
2620 3479 2684 3532 Et
2728 3489 2956 3530 currens
3001 3470 3197 3544 puella
3246 3469 3526 3526 nuntiavit
3572 3467 3631 3522 in
3681 3465 3904 3520 domum

2252 3573 2452 3628 matris
2481 3583 2600 3625 sua?
2628 3586 2645 3621 :
2675 3565 2838 3636 quasi
2874 3580 2989 3618 non
3021 3563 3150 3633 ipsa
3179 3564 3335 3616 esset
3364 3562 3419 3613 et
3454 3556 3636 3628 patris
3668 3555 3902 3610 domus.

2330 3660 2433 3732 [1b.
2467 3658 2581 3727 32.]
2613 3659 2685 3711 Et
2716 3670 2916 3725 aquam
2951 3650 3140 3706 lavare
3164 3649 3392 3721 pedibus
3420 3648 3615 3719 ipsius,
3662 3649 3714 3700 et
3753 3643 3905 3716 pedi-

2261 3752 2360 3806 bus
2391 3752 2633 3803 virorum
2664 3745 2756 3815 qui
2785 3759 2907 3797 cum
2937 3758 2995 3798 eo
3025 3749 3202 3796 erant.

2334 3857 2444 3928 [1b.
2496 3853 2606 3923 40.]
2672 3852 2929 3906 Dominus
2981 3849 3072 3903 cui
3119 3847 3309 3918 placui
3355 3852 3480 3900 ante
3535 3845 3734 3915 ipsum,
3795 3843 3914 3908 ipse

2267 3948 2446 4001 mittet
2500 3943 2759 4013 angelum
2814 3955 2973 3994 suum
3030 3946 3239 4003 tecum;
3300 3934 3469 4007 quasi
3519 3948 3634 3988 non
3680 3930 3917 3986 suffice-

2271 4041 2379 4104 ret,
2411 4036 2504 4090 cui
2528 4032 2766 4105 placui:
2801 4047 2873 4085 an
2927 4031 3157 4100 poterat
3213 4024 3265 4082 ei
3324 4023 3550 4097 placere
3608 4020 3724 4077 nisi
3783 4024 3920 4076 ante

2273 4127 2469 4199 ipsum
2491 4123 2520 4177 ?

2353 4215 2458 4287 [1b.
2494 4212 2607 4281 42.]
2646 4210 2706 4265 Si
2747 4212 2807 4264 tu
2857 4221 3152 4280 prosperas
3194 4207 3353 4261 viam
3406 4218 3606 4268 meam,
3668 4216 3777 4273 qua
3832 4213 3924 4270 ego

2278 4321 2428 4362 nunc
2456 4301 2735 4372 ingredior
2763 4300 2823 4354 in
2851 4314 2992 4354 eam.

2352 4389 2676 4466 [Ib.43,44.]
2709 4387 2854 4444 Cum
2881 4387 3058 4442 verba
3087 4401 3195 4441 sua
3226 4385 3489 4440 narraret
3517 4395 3720 4437 servus
3749 4378 3928 4433 Abra-

2281 4485 2389 4553 hae,
2425 4498 2551 4553 quae
2585 4477 2728 4534 dixit
2757 4492 3103 4533 accessurus
3136 4475 3203 4531 ad
3241 4474 3481 4538 fontem,
3514 4472 3594 4527 ita
3626 4468 3885 4525 narravit
3914 4482 3928 4522 :

2283 4575 2346 4629 Et
2376 4573 2480 4628 erit
2509 4571 2668 4642 virgo
2697 4568 2790 4622 cui
2817 4582 2911 4636 ego
2937 4565 3151 4632 dixero,
3175 4570 3256 4619 Da
3286 4562 3428 4618 mihi
3454 4561 3637 4617 hibere
3664 4559 3933 4632 pusillum.

2285 4677 2446 4735 aquae
2475 4660 2541 4714 de
2572 4657 2772 4728 hydria
2805 4664 2922 4722 tua,
2951 4660 3004 4711 et
3033 4654 3175 4709 dicet
3204 4652 3364 4720 mihi,
3399 4652 3459 4706 Et
3491 4659 3550 4706 tu
3581 4649 3718 4715 bibe,
3752 4655 3802 4704 et
3841 4663 3935 4704 ca-

2284 4752 2443 4807 melis
2473 4751 2582 4803 tuis
2632 4747 2893 4801 hauriam
2922 4762 2941 4800 :
2973 4744 3090 4800 haec
3135 4743 3342 4797 mulier
3387 4748 3468 4795 est
3511 4753 3677 4810 quam
3719 4737 3942 4809 paravit

2287 4842 2548 4898 Dominus
2598 4836 2814 4909 famulo
2842 4849 2938 4889 suo
2969 4835 3140 4890 Isaac.
3175 4831 3398 4898 Quibus
3428 4829 3620 4885 verbis
3651 4827 3797 4883 satis
3824 4827 3941 4882 evi-

2289 4933 2494 4987 denter
2523 4941 2864 4998 cxpressum
2911 4927 3020 4987 est,
3069 4922 3245 4978 etiam
3296 4918 3572 4975 mulieres
3622 4915 3945 4988 appellatas

2289 5018 2580 5077 locutione
2611 5013 2906 5082 hebraica,
2940 5029 3065 5084 quas
3096 5011 3353 5083 virgines
3379 5011 3595 5064 essent.

2364 5129 2470 5199 [1b,
2507 5126 2616 5193 48.]
2651 5124 2712 5176 Et
2747 5121 3016 5175 benedixi
3044 5119 3337 5175 Dominum
3370 5117 3538 5171 Deum
3583 5114 3794 5170 domini
3843 5114 3949 5167 mei

2293 5217 2568 5276 Abraham
2602 5229 2614 5268 ε
2650 5208 3107 5266 honoriﬁcentia:
3138 5205 3352 5262 locutio
3384 5209 3491 5276 est,
3522 5208 3578 5260 et
3609 5203 3943 5258 familiaris-

2293 5311 2446 5366 sima
2473 5300 2815 5374 Scripturis,
2849 5299 3001 5353 sicut
3031 5297 3184 5352 Deus
3217 5295 3411 5351 Helice.

2370 5411 2592 5489 [Ib.49.]
2622 5408 2947 5464 Renuntiate
2977 5405 3117 5460 mihi
3147 5413 3204 5460 ut
3235 5403 3451 5459 redeam
3479 5404 3539 5456 in
3567 5400 3831 5457 dextram
3859 5408 3950 5457 aut

2292 5499 2714 5565 sinistram.Per
2741 5499 3006 5553 dextram
3038 5494 3617 5566 prosperitatem,per
3647 5491 3946 5547 sinistram

2293 5593 2703 5656 adversitatem
2726 5583 3166 5660 signiﬁcavit;id
3192 5588 3280 5640 est
3301 5579 3953 5648 dextram,siconcesse-

2292 5689 2431 5752 rint;
2465 5675 2847 5743 sinistram,si
2877 5691 2995 5731 non
3028 5671 3447 5740 concesserint;
3482 5685 3620 5726 nam
3652 5669 3863 5742 utique
3893 5685 3953 5724 ea

2221 5787 2238 5797 "
2292 5778 2386 5837 via
2416 5772 2712 5831 rediturus
2741 5767 2932 5824 fuerat
2962 5780 3080 5836 qua
3106 5766 3345 5822 venerat
3365 5778 3380 5820 :
3400 5776 3578 5834 quam
3598 5758 3952 5820 locutionem
