4066 6412
194 370 298 430 493

195 500 617 572 Scripturarum
640 501 817 557 etiam
841 504 1047 558 caetera
1068 517 1266 557 earum
1315 501 1441 559 loca
1459 497 1843 562 indicabunt;

207 590 333 662 quia
354 591 558 647 dextra
590 590 929 647 nominatur
948 592 1007 646 in
1032 591 1308 649 omnibus
1334 584 1844 661 bonis,sinistrain

197 679 506 746 malis,sive
529 680 775 737 felicitas
805 684 862 738 et
900 680 1236 750 infelicitas,
1262 682 1381 738 sive
1406 678 1642 753 justitia
1672 680 1728 732 et
1755 674 1844 728 in-

189 769 512 840 justitia,et
544 770 859 843 aliquando
897 771 1102 827 dextra
1148 771 1206 826 in
1239 770 1492 840 aeternis,
1518 767 1759 825 sinistra
1785 762 1846 817 in

200 859 632 932 temporalibus.

260 950 363 1021 [1b.
388 967 521 1019 xxv,
550 950 664 1021 13.]
697 952 818 1006 Hac
845 953 975 1006 sunt
1002 952 1231 1006 nomina
1262 951 1507 1021 ﬁliorum
1538 944 1735 1005 Ismaet
1764 958 1845 998 se-

202 1038 433 1093 cundum
452 1040 678 1094 nomina
695 1041 1115 1108 generationum
1128 1055 1349 1095 eorum:
1374 1044 1656 1110 tanquam
1674 1031 1850 1088 dixis-

197 1127 627 1195 set,secundum
661 1145 788 1201 quae
822 1128 1065 1185 nomina
1090 1127 1495 1199 generationes
1524 1139 1728 1183 eorum
1753 1135 1851 1192 ap-

192 1215 408 1288 pellatae
443 1222 601 1273 sunt.

260 1307 362 1378 [ιδ.
390 1308 506 1377 20.]
556 1309 776 1380 Accepit
814 1309 1115 1365 Rebeccam
1144 1307 1336 1377 ﬁliam
1370 1306 1601 1362 Bathuel
1634 1303 1768 1375 Syri
1786 1300 1853 1371 d6

191 1398 600 1468 Mesopotamia,
634 1412 873 1453 sororem
922 1398 1108 1453 Laban
1152 1397 1304 1468 Syri,
1333 1397 1442 1451 sibi
1472 1398 1529 1451 in
1575 1406 1849 1449 uxorem:

194 1502 318 1540 cum
338 1491 537 1559 posset
553 1486 667 1542 dici
691 1488 1123 1559 tantummodo,
1144 1502 1411 1555 uxorem;
1438 1492 1558 1553 aut,
1578 1483 1689 1540 sibi
1708 1491 1852 1537 ueto“

192 1592 335 1632 rem.

263 1665 368 1737 [1b.
401 1664 516 1737 24.]
548 1667 611 1721 Et
654 1666 706 1721 ei
732 1674 893 1721 erant
949 1668 1168 1737 gemini
1214 1668 1275 1721 in
1320 1673 1472 1721 utero
1504 1664 1661 1732 eius;
1715 1676 1849 1716 cum

196 1759 392 1827 posset
422 1772 537 1811 non
560 1755 695 1811 addi
727 1756 881 1828 quod
917 1755 1137 1812 dictum
1172 1760 1280 1827 est,
1314 1754 1452 1827 eius.

266 1844 371 1915 [1b.
400 1843 516 1915 27.]
549 1844 1323 1917 Creveruntautemjuvenes.
1347 1846 1447 1899 Est
1468 1842 1604 1899 talis
1634 1839 1849 1897 locutio

200 1938 255 1988 et
283 1934 435 2005 apud
472 1938 739 1989 auctores
770 1935 1099 1998 saculares,
1134 1933 1307 1989 sicuti
1340 1938 1448 2003 est,
1490 1932 1554 1987 Et
1588 1933 1738 1987 scuta
1769 1930 1850 1985 Ia-

198 2024 371 2078 tentia
402 2022 641 2078 condunt
689 2022 858 2094 (Virg.
895 2023 1114 2079 /Eneid.
1150 2024 1246 2078 lib.
1282 2024 1332 2090 3,
1367 2040 1418 2078 v.
1450 2021 1616 2090 237):
1650 2020 1708 2075 id
1740 2022 1848 2086 est,

198 2114 497 2169 condendo
527 2113 773 2169 latentia
802 2114 1048 2169 faciunt.
1081 2113 1170 2168 Sic
1206 2120 1263 2168 et
1289 2112 1404 2179 hic,
1434 2115 1731 2168 arcuerunt
1751 2110 1851 2180 ju-

196 2198 373 2275 venes,
409 2220 541 2258 cum
574 2202 829 2258 infantes
875 2207 1091 2270 essent,
1124 2201 1495 2275 intelligitur,
1540 2198 1852 2255 crescendo

197 2292 331 2348 facti
352 2298 493 2348 sunt
517 2294 779 2361 juvenes.

267 2382 375 2455 [lb.
408 2383 523 2454 31.]
556 2383 731 2438 lacob
763 2382 834 2438 ad
868 2382 1039 2450 Esau,
1070 2380 1241 2437 Vende
1270 2380 1415 2435 mihi
1444 2379 1604 2435 hodie
1636 2378 1854 2449 primo—

197 2473 387 2541 genita
416 2477 516 2526 tua
546 2471 728 2527 mihi:
765 2472 848 2526 sic
869 2472 1024 2526 enim
1057 2469 1277 2524 habent
1306 2468 1533 2523 codices
1556 2466 1746 2539 graeci.

270 2561 377 2630 [1b.
413 2577 563 2627 xxvr,
594 2560 709 2633 28.]
760 2560 1005 2617 Videntes
1036 2559 1277 2614 vidimus
1306 2559 1437 2629 quia
1484 2563 1562 2612 est
1595 2556 1859 2611 Dominus

201 2657 398 2707 tecum.

275 2740 377 2812 [lb.
410 2740 527 2812 28.]
558 2742 620 2795 Et
640 2740 989 2811 disponemus
1006 2748 1182 2795 tecum
1204 2741 1589 2794 testamentum
1615 2752 1627 2790 :
1662 2737 1864 2789 amant

198 2829 513 2901 Scripturae
571 2846 675 2902 pro
724 2837 899 2901 pacto
951 2844 1166 2899 ponere
1198 2830 1647 2895 testamentum,
1684 2822 1743 2878 id
1774 2826 1864 2877 est

201 2914 471 2987 διαθήκην
508 2920 671 2985 Quod
706 2919 874 2975 latini
926 2918 1165 2987 habent,
1199 2918 1265 2971 Et
1294 2916 1643 2987 disponemus
1693 2916 1867 2967 tecum

199 3012 594 3064 testamentum
634 3024 702 3063 ne
750 3010 927 3080 facias
977 3007 1261 3063 nobiscum
1290 3007 1545 3060 malum:
1578 3008 1862 3074 tanquam

196 3098 589 3167 diceretur,ut
606 3096 924 3169 pacisceris
944 3114 1061 3152 non
1079 3096 1267 3152 facere
1287 3094 1595 3150 nobiscum
1616 3090 1866 3146 malum.

274 3187 586 3256 [1b.xxvn,
621 3186 697 3258 1.]
759 3188 820 3241 Et
878 3188 1086 3242 vocavit
1143 3186 1325 3255 ﬁlium
1384 3199 1547 3237 suum
1599 3182 1870 3235 seniorem

202 3278 374 3345 Esau,
408 3281 459 3332 et
490 3276 676 3332 dixit:
710 3275 820 3331 hoc
852 3274 977 3332 loco
1010 3273 1262 3330 senioris
1302 3289 1516 3329 nomen
1544 3287 1659 3326 non
1686 3268 1871 3339 signi-

201 3368 340 3422 ﬁcat
356 3370 591 3422 aetatem
615 3365 980 3437 gravem,sed
1005 3381 1073 3419 ex
1096 3361 1542 3434 comparatione
1568 3378 1613 3403 vr
1629 3358 1870 3428 ajorem,

274 3456 382 3525 [1b.
409 3457 487 3526 3.]
521 3455 675 3510 Nunc
704 3471 827 3526 ergo
858 3470 1012 3510 sume
1044 3470 1135 3510 vas
1171 3463 1328 3507 tuum
1367 3452 1797 3523 pharetramque
1825 3452 1879 3502 et

204 3562 401 3601 arcum
428 3564 446 3599 :
477 3562 592 3600 non
617 3544 762 3600 dixit
790 3562 950 3615 vasa,
984 3545 1084 3599 sed
1120 3560 1213 3598 vas
1239 3560 1257 3597 :
1289 3542 1443 3613 quod
1480 3544 1675 3594 autem
1709 3534 1876 3591 intel-

215 3633 321 3706 ligi
357 3633 559 3698 voluit,
598 3650 713 3688 non
765 3636 1027 3706 apparet,
1060 3632 1174 3687 nisi
1227 3633 1374 3686 forte
1404 3629 1622 3684 locutio
1673 3630 1780 3694 est,
1812 3629 1879 3680 ut

200 3740 307 3779 vas
340 3723 679 3795 pharetram
712 3723 962 3779 voluerit
994 3720 1266 3793 intelligi,
1299 3724 1354 3775 et
1371 3717 1713 3791 exponendo
1736 3714 1874 3787 quid

202 3812 421 3867 dixerit
451 3829 574 3878 vas,
610 3812 942 3884 adjunxerit
964 3812 1402 3883 pharetramque
1429 3812 1485 3863 et
1514 3810 1876 3875 arcum,tan-

204 3917 389 3972 quam
431 3900 665 3971 dixerit,
698 3918 867 3958 sume
898 3917 999 3957 vas
1030 3905 1200 3956 tuum
1256 3903 1317 3954 et
1367 3897 1704 3970 pharetram
1733 3912 1745 3962 ;
1777 3909 1878 3949 ve-

204 3990 320 4046 luti
347 3990 396 4046 si
430 3989 671 4057 diceret,
706 4007 875 4046 sume
906 4007 1007 4046 vas
1043 3995 1237 4057 tuum,
1270 3988 1326 4042 id
1371 3991 1462 4043 est
1491 3986 1829 4059 pharetram
1861 4041 1874 4054 ,

206 4080 428 4137 deinde
460 4081 643 4150 aliud,
676 4085 733 4137 et
765 4097 993 4148 arcum,
1016 4080 1170 4152 quod
1204 4094 1320 4135 non
1351 4078 1423 4133 ad
1456 4075 1602 4132 illud
1622 4091 1724 4130 vas
1753 4065 1878 4146 per:

201 4170 427 4226 tineret
459 4170 610 4242 quod
643 4176 735 4227 est
765 4171 1040 4243 pharetra
1065 4186 1077 4224 :
1142 4173 1244 4225 aut
1272 4172 1427 4224 certe
1456 4166 1791 4238 pharetram
1822 4177 1881 4228 et

203 4276 415 4317 arcum
441 4276 539 4315 vas
561 4259 747 4316 voluit
778 4258 1094 4332 appellare,
1120 4258 1481 4330 singularem
1518 4269 1744 4326 ponens
1766 4269 1877 4307 nu-

204 4366 447 4406 merum
478 4366 581 4421 pro
638 4349 872 4422 plurali;
924 4354 1208 4420 tanquam
1269 4347 1319 4403 si
1385 4345 1625 4411 diceret,
1682 4340 1880 4414 accipe

200 4442 435 4496 vestem
482 4442 669 4511 tuam,
712 4455 828 4511 quo
878 4440 1121 4495 nomine
1173 4434 1644 4507 intelligeremus
1677 4431 1879 4504 plures

201 4533 428 4598 vestes,
460 4528 633 4585 sicuti
688 4529 1077 4602 intelligimus
1122 4526 1377 4583 militem
1413 4540 1516 4597 pro
1565 4521 1876 4589 militibus,

204 4624 267 4675 et
303 4618 497 4674 multa
527 4623 668 4674 sunt
690 4619 853 4675 talia.

286 4707 401 4776 [ἰὴ.
420 4708 696 4778 3.]Exiin
729 4712 1076 4780 campum,et
1097 4720 1297 4763 venare
1324 4702 1468 4759 mihi
1496 4702 1874 4758 venationem.

286 4797 401 4869 (Ib.
433 4796 508 4867 9.]
540 4798 609 4852 Et
646 4798 784 4854 vade
811 4798 881 4853 ad
911 4814 1031 4854 oves
1062 4840 1091 4868 ,ν
1118 4806 1169 4853 et
1187 4811 1343 4852 sume
1372 4792 1517 4849 mihi
1536 4790 1670 4847 duos
1699 4789 1878 4846 haedos

207 4895 443 4943 teneros
474 4893 529 4941 et
559 4887 755 4943 bonos:
790 4887 1027 4947 nomine
1074 4888 1271 4942 ovium
1307 4884 1611 4952 utriusque
1653 4880 1877 4952 pecoris

205 4992 411 5050 genus
459 4976 827 5049 significavit,
860 4978 1013 5049 quod
1062 4977 1122 5032 in
1175 4975 1396 5032 eisdem
1430 4970 1666 5044 pascuis
1696 4968 1875 5025 simul

207 5073 413 5124 erant.

291 5159 408 5229 lib.
440 5176 637 5227 XXVIII,
666 5161 743 5232 4.]
775 5163 839 5216 Et
872 5161 964 5216 det
993 5160 1097 5215 tibi
1129 5158 1556 5215 benedictionem
1582 5154 1762 5225 patris
1793 5152 1877 5207 tui

206 5249 529 5304 Abraham:
556 5251 717 5305 Isaac
731 5250 874 5305 dicit
895 5250 1015 5325 θιὼ
1038 5266 1145 5305 suo
1168 5251 1239 5304 de
1262 5264 1367 5304 avo
1406 5248 1536 5317 ejus
1558 5248 1721 5315 patre
1743 5257 1871 5298 suo.

290 5338 511 5410 [ld.5.]
540 5340 607 5395 Et
654 5342 796 5395 exiit
845 5341 907 5396 in
953 5340 1395 5411 Mesopotamiam
1433 5335 1645 5407 Syriae:
1707 5330 1877 5404 quasi

210 5428 646 5501 Mesopotamia
675 5430 905 5486 dicatur
934 5429 1051 5485 nisi
1082 5428 1277 5502 Syriae,
1310 5424 1577 5499 quamvis
1610 5423 1719 5479 hoc
1740 5423 1877 5495 Sep-

212 5516 499 5589 tuaginta
533 5536 648 5575 non
681 5520 895 5576 habere
927 5518 1349 5592 perhibeantur
1375 5515 1577 5587 Syriae,
1610 5512 1710 5568 sed
1744 5528 1878 5567 cum

210 5607 506 5664 asterisco
538 5608 827 5681 scriptum
858 5614 967 5665 est.

299 5697 410 5765 [ιδ.
449 5698 564 5771 15.]
599 5700 751 5755 Deus
774 5700 845 5755 ad
864 5699 1189 5764 Jacob,Non
1208 5696 1595 5767 derelinquam
1617 5694 1690 5756 te,
1717 5691 1886 5749 donec

210 5787 442 5863 faciam
464 5790 663 5846 omnia
684 5804 806 5862 quae
826 5788 1227 5846 tecumlocutus
1242 5802 1398 5845 sum:
1416 5781 1586 5857 quasi
1608 5780 1883 5841 dimissu-

1595 364 1829 428 LIBER
1876 360 2196 423 PRIMUS.

1951 509 2075 558 rus,
2108 509 2240 548 cum
2274 494 2511 564 fecerit;
2546 513 2661 552 non
2696 498 2918 570 utique,
2952 500 3053 556 sed
3086 501 3303 559 locutio
3334 509 3441 561 est.

3480 377 3601 437 494

2027 582 2132 650 [1b.
2166 600 2364 653 xxvm,
2402 586 2511 655 16.]
2544 587 2804 644 Surrexit
2831 590 2991 645 Iacob
3022 591 3090 646 de
3144 609 3333 650 somno
3372 611 3492 661 suo,
3548 607 3604 653 et

1955 670 2118 740 dixit,
2153 675 2305 743 Quia
2326 678 2406 729 est
2426 676 2687 732 Dominus
2708 678 2766 733 in
2786 679 2904 734 loco
2916 680 3034 752 hoc,
3060 696 3154 753 ego
3180 688 3366 740 autem
3387 686 3605 756 ignora-

1958 760 2119 820 bam;
2151 761 2361 833 plenus
2393 781 2603 821 sensus
2634 770 2741 837 est,
2775 768 2885 824 etsi
2917 786 3032 825 non
3065 769 3301 843 habeat,
3324 775 3479 844 quia.
3513 775 3608 831 Est

1956 850 2222 907 Dominus
2253 852 2313 906 in
2352 851 2469 910 loco
2498 855 2641 923 hoc;
2695 872 2760 910 ac
2809 856 2858 911 si
2919 858 3157 930 diceret,
3215 867 3307 917 est
3357 862 3454 917 hic
3511 863 3607 920 de-

1959 940 2309 998 monstratio
2335 943 2600 1001 Domini:
2638 963 2751 1002 non
2779 947 2934 1003 enim
2958 948 3246 1006 Dominus
3266 951 3326 1007 in
3347 951 3474 1009 loco
3495 958 3605 1011 est.

2032 1029 2139 1100 [1b.
2172 1048 2325 1100 xxrx,
2355 1034 2434 1104 5.]
2466 1035 2646 1091 Jacob
2678 1036 3048 1109 interrogans
3077 1040 3230 1110 quod
3264 1040 3364 1110 ait,
3423 1044 3608 1099 Nostis

1959 1117 2154 1173 Laban
2189 1120 2365 1177 filium
2393 1124 2653 1180 Nachor?
2686 1142 2816 1180 cum
2852 1130 3007 1182 esset
3037 1126 3195 1183 ﬁlius
3214 1128 3485 1200 Bathuel;
3514 1131 3605 1187 in-

1960 1206 2347 1279 telligendum
2381 1218 2469 1269 est
2502 1213 2848 1271 nobiliorem
2881 1216 3062 1272 fuisse
3096 1217 3345 1286 Nachor,
3378 1223 3433 1275 et
3482 1237 3604 1276 me-

1962 1296 2073 1352 rito
2105 1299 2412 1371 dignitatis
2444 1304 2573 1373 ejus
2602 1303 2819 1359 factum
2852 1321 2981 1361 esse
3002 1310 3067 1361 ut
3096 1307 3166 1361 de
3198 1306 3325 1380 ipso
3355 1308 3609 1365 interro-

1962 1392 2145 1459 garet.
2179 1390 2392 1446 Filium
2426 1397 2622 1449 autem
2663 1392 2776 1449 dici
2802 1398 2859 1449 et
2906 1394 2993 1450 avi
3026 1398 3083 1451 et
3114 1396 3310 1468 proavi
3349 1402 3407 1453 et
3457 1397 3611 1455 ultra

1966 1478 2207 1549 majoris
2238 1480 2488 1554 alicujus
2520 1500 2650 1539 eum
2685 1483 2785 1555 qui
2816 1500 2885 1540 ex
2916 1483 3013 1540 illo
3044 1494 3423 1558 propagatur,
3485 1488 3609 1544 usi-

1961 1566 2268 1626 tatissimae
2300 1570 2612 1629 locutionis
2643 1578 2751 1629 est.
2799 1573 2944 1631 Hinc
3003 1579 3091 1631 est
3139 1577 3292 1647 quod
3343 1581 3401 1633 et
3447 1578 3611 1635 Isaac

1964 1660 2188 1725 patrem
2220 1658 2325 1715 ﬁlii
2359 1660 2452 1716 sui
2483 1660 2797 1735 appellavit
2844 1663 3163 1733 Abraham,
3224 1664 3378 1722 sicut
3434 1665 3610 1739 paulo

1963 1752 2097 1802 ante
2128 1752 2601 1807 commemoravi.

2034 1836 2142 1905 [1b.
2174 1838 2249 1906 7.]
2283 1839 2470 1896 Adhuc
2500 1846 2576 1898 est
2606 1842 2725 1898 dies
2748 1843 2946 1911 multa,
2968 1844 3219 1900 nondum
3239 1849 3319 1901 est
3338 1846 3473 1902 hora
3492 1861 3615 1903 con-

1960 1929 2232 1997 gregandi
2246 1946 2464 2001 pecora.

2038 2017 2144 2089 [1b.
2177 2036 2308 2087 xxx,
2342 2022 2421 2092 4.]
2454 2022 2518 2077 Et
2543 2021 2705 2078 dedit
2744 2023 2834 2078 illi
2861 2023 3081 2078 Batiam
3136 2026 3401 2081 ancillam
3453 2041 3615 2081 suam

1965 2107 2069 2176 ipsi
2099 2124 2327 2164 uxorem
2353 2128 2365 2165 :
2401 2110 2638 2181 plenum
2670 2117 2847 2179 esset,
2868 2113 2977 2167 etsi
3004 2114 3112 2184 ipsi
3132 2130 3246 2168 non
3271 2114 3608 2170 adderetur.

2037 2197 2141 2267 [lb.
2173 2199 2290 2271 27.]
2314 2200 2374 2255 Si
2399 2202 2839 2269 invenigraiiam
2861 2205 3575 2273 antete,auguratusessem
3593 2221 3615 2267 ,·

1967 2285 2245 2342 benedixit
2273 2292 2419 2344 enim
2448 2307 2537 2346 me
2564 2292 2705 2346 Deus
2735 2293 2794 2345 in
2826 2294 3059 2347 introitu
3088 2302 3180 2348 tuo
3198 2311 3215 2348 :
3246 2310 3361 2348 non
3384 2293 3615 2348 videtur

1967 2390 2336 2449 consequens
2358 2380 2522 2451 ;quia
2550 2381 2641 2434 hic
2664 2380 2979 2436 dicendum
3009 2384 3137 2449 fuit,
3163 2382 3221 2436 Si
3252 2383 3610 2437 invenissem

1968 2466 2219 2536 gratiam
2243 2474 2378 2525 ante
2394 2473 2470 2537 te,
2504 2476 2825 2543 auguratus
2847 2487 3067 2538 essem;
3120 2488 3278 2527 nunc
3317 2476 3514 2531 autem
3558 2470 3619 2527 Si

1970 2557 2161 2612 inveni
2184 2575 2195 2612 :
2230 2558 2369 2613 ordo
2393 2562 2502 2625 est,
2526 2559 2585 2614 Si
2615 2559 2806 2615 inveni
2830 2560 3075 2632 gratiam
3098 2564 3232 2616 ante
3251 2566 3325 2629 te,
3347 2561 3627 2633 permitte

1973 2663 2066 2702 me
2089 2647 2397 2719 augurari;
2431 2647 2515 2703 ita
2547 2648 2710 2714 dixit,
2745 2654 3052 2720 auguratus
3081 2666 3275 2721 essem,
3334 2655 3620 2723 tanquam

1974 2736 2212 2803 diceret,
2246 2752 2277 2792 ο
2308 2736 2356 2792 si
2390 2741 2714 2809 auguratus
2745 2737 2965 2794 esseml
3002 2739 3055 2793 id
3109 2743 3220 2803 est,
3272 2740 3345 2795 ad
3397 2740 3621 2796 bonum

1978 2826 2291 2897 augurium
2324 2831 2379 2881 te
2409 2828 2468 2881 in
2500 2827 2674 2882 domo
2698 2842 2827 2882 mea
2857 2826 3156 2883 haberem.

2052 2915 2155 2987 (Ib.
2189 2915 2302 2987 33.]
2334 2919 2402 2971 Et
2432 2916 2690 2971 exaudiet
2718 2933 2801 2972 me
2822 2917 3045 2988 justitia
3075 2933 3198 2973 mea
3230 2918 3291 2973 in
3332 2918 3423 2974 die
3474 2934 3636 2975 cras-

1980 3006 2094 3059 tino
2117 3023 2135 3058 :
2161 3005 2217 3059 id
2252 3011 2362 3071 est,
2395 3006 2657 3060 exaudiri
2690 3022 2781 3061 me
2814 3005 3005 3061 faciet.

2051 3094 2156 3165 [1b.
2190 3111 2342 3156 xxxr,
2376 3095 2456 3165 2.]
2485 3095 2547 3149 Et
2576 3096 2727 3151 vidit
2755 3096 2915 3151 Iacob
2935 3097 3136 3167 faciem
3163 3097 3373 3169 Laban,
3404 3102 3456 3153 et
3516 3114 3634 3154 ecce
3678 3088 3681 3097 ’

1978 3200 2089 3239 non
2119 3186 2237 3239 erat
2266 3184 2338 3239 ad
2362 3199 2486 3239 eum
2512 3186 2654 3239 sicut
2684 3185 2934 3241 hesterna
2952 3191 3003 3240 et
3022 3186 3471 3243 nudiustertiana
3494 3189 3589 3244 die
3614 3206 3627 3244 :

1984 3274 2450 3329 familiarissima
2480 3274 2538 3327 in
2604 3274 2924 3346 Scripturis
2971 3274 3211 3342 locutio,
3260 3275 3536 3332 hesterna
3573 3281 3632 3332 et

1984 3363 2457 3419 nudiustertiana
2489 3362 2603 3429 die,
2638 3380 2739 3435 pro
2771 3368 3034 3436 tempore
3065 3366 3352 3436 praeterito
3409 3365 3627 3438 posuit.

2059 3453 2166 3521 [1b.
2203 3452 2313 3523 10.]
2347 3454 2407 3506 Et
2426 3453 2543 3508 vidi
2566 3454 2739 3508 oculis
2769 3454 2905 3508 meis
2926 3455 2985 3508 in
3000 3469 3186 3509 somno
3210 3471 3231 3516 .·
3273 3470 3407 3511 cum
3441 3454 3625 3511 clausi

1986 3542 2107 3597 sint
2138 3542 2195 3597 in
2232 3558 2441 3598 somno
2472 3541 2620 3597 oculi
2654 3542 2934 3615 corporis.

2058 3633 2164 3704 (Ib.
2199 3632 2312 3702 13.]
2344 3633 2459 3704 Ego
2477 3648 2601 3686 sum
2619 3632 2775 3697 Deus,
2796 3634 2893 3704 qui
2912 3634 3149 3703 apparui
3169 3633 3275 3688 tibi
3288 3635 3347 3688 in
3367 3634 3477 3689 loco
3508 3634 3630 3700 Dei,

1988 3721 2204 3777 locutio
2236 3725 2361 3776 est:
2397 3737 2469 3775 an
2508 3721 2658 3776 Deus
2689 3720 2748 3775 in
2780 3720 2905 3777 loco
2939 3721 3037 3777 Dei
3096 3721 3179 3777 sic
3229 3722 3637 3794 accipiendum

1988 3814 2097 3879 est,
2130 3810 2451 3881 quomodo,
2482 3810 2636 3865 Ptuit
2665 3811 2930 3866 Dominus
2958 3828 2991 3866 a
3024 3812 3257 3867 Domino
3305 3811 3463 3883 (Gen.
3514 3828 3637 3883 xxx,

1987 3900 2099 3973 24),
2133 3899 2315 3955 Filius
2337 3916 2369 3953 a
2400 3899 2613 3955 Patre?

2060 3990 2165 4061 [1b.
2198 3989 2313 4060 31.]
2342 3988 2690 4060 Respondens
2718 3997 2905 4046 autem
2932 3990 3094 4047 Iacob
3125 3990 3274 4047 dixit
3312 3990 3384 4047 ad
3429 3991 3637 4060 Laban,

1988 4081 2120 4135 Dixi
2157 4081 2305 4136 enim
2328 4093 2399 4133 ne
2427 4082 2569 4149 forte
2596 4081 2823 4149 auferas
2853 4080 3002 4150 ﬁlias
3025 4088 3147 4137 tuas
3176 4098 3210 4136 a
3237 4097 3346 4152 me,
3372 4088 3425 4137 et
3445 4083 3639 4137 omnia

1986 4186 2130 4225 mea.

2061 4259 2167 4328 [1b.
2200 4258 2315 4329 33.]
2347 4258 2578 4315 Intravit
2603 4260 2788 4315 autem
2816 4258 3005 4315 Laban
3031 4266 3086 4315 et
3114 4262 3451 4316 inscrutatus
3478 4262 3557 4315 est
3578 4262 3641 4316 in

1987 4349 2143 4406 domo
2174 4349 2325 4404 Liae:
2353 4347 2772 4404 advertendum
2807 4352 2896 4404 est
2929 4350 3225 4421 quomodo
3257 4350 3487 4405 dicatur
3533 4349 3638 4407 do-

1988 4456 2123 4495 mus
2154 4437 2375 4505 uxoris,
2408 4454 2541 4493 cum
2604 4437 2663 4493 in
2723 4438 2933 4495 itinere
2995 4439 3403 4511 comprehensi
3458 4439 3640 4497 sinta

1989 4529 2182 4585 Laban
2212 4553 2224 4596 ;
2258 4526 2370 4582 nisi
2402 4527 2548 4583 forte
2586 4526 2965 4585 consuetudo
3007 4529 3441 4602 Seripturarum
3500 4528 3642 4585 dicit

1987 4618 2229 4674 domum
2266 4633 2369 4689 pro
2401 4614 2595 4671 cubilo
2636 4615 2722 4673 vel
2784 4617 3061 4690 tentorio,
3121 4619 3417 4690 quomodo
3464 4619 3642 4675 etiam

1987 4706 2333 4764 ancillarum
2367 4706 2574 4762 domos
2606 4706 2770 4761 dicit.

2060 4798 2167 4869 [1b.
2200 4794 2291 4868 37]
2322 4797 2483 4852 Iacob
2528 4794 2669 4851 dicit
2698 4796 2769 4851 ad
2796 4798 3008 4865 Laban,
3073 4797 3213 4865 Quia
3266 4802 3542 4853 scrutatus
3585 4815 3645 4854 es

1986 4889 2172 4944 omnia
2208 4902 2339 4941 vasa
2366 4886 2562 4941 domus
2592 4901 2771 4943 mese:
2807 4904 2962 4942 nunc
2995 4904 3175 4943 unam
3206 4888 3446 4943 domum
3478 4887 3643 4957 dicit,

1987 4978 2156 5047 cujus
2190 4975 2455 5031 membra
2485 4981 2651 5030 erant
2680 4977 2893 5032 domus
2927 4993 3174 5032 uxorum
3199 4976 3328 5046 ejus
3352 4982 3407 5032 et
3424 4993 3641 5032 concu-

1987 5068 2302 5130 binarum;
2355 5069 2418 5120 ut
2467 5064 2831 5137 intelligatur
2860 5067 3068 5122 domos
3112 5064 3454 5138 appellatas,
3504 5082 3639 5122 cum

1985 5159 2184 5214 essent
2210 5154 2482 5211 cubicula
2513 5159 2612 5210 aut
2642 5156 2910 5225 tentoria,
2945 5172 3093 5227 quos
3110 5156 3285 5211 etiam
3314 5154 3639 5227 papiliones

1984 5250 2213 5303 vocant.

2058 5336 2167 5405 [lb.
2201 5335 2308 5401 42.]
2345 5333 2463 5390 Nisi
2492 5336 2629 5390 Deus
2657 5337 2835 5404 patris
2866 5338 2978 5392 mei
3009 5334 3298 5392 Abraham
3353 5344 3408 5391 et
3465 5337 3637 5393 timor

1987 5428 2144 5483 Isaac
2174 5424 2469 5495 adfuisset‘
2502 5423 2645 5480 mihi
2669 5443 2688 5481 :
2720 5432 2945 5497 patrem
2978 5442 3153 5482 suum
3187 5423 3633 5498 appellatavum

1990 5532 2187 5586 suum,
2220 5514 2374 5571 sicut
2402 5513 2452 5568 ei
2486 5513 2712 5570 dixerat
2746 5515 2906 5571 Isaac
2938 5521 3103 5587 pater
3130 5518 3278 5588 ejus.

2061 5606 2169 5679 [1b.
2206 5620 2383 5671 xxxu,
2412 5602 2552 5671 3-5.]
2585 5606 2730 5662 illisit
2756 5610 2940 5662 autem
2968 5607 3133 5664 Iacob
3164 5608 3383 5662 nuntios
3424 5611 3552 5662 ante
3580 5620 3636 5661 se

2061 5797 2075 5831 ¹
2108 5795 2168 5845 In
2197 5793 2345 5854 Mss.,
2367 5792 2535 5855 esset;
2559 5790 2716 5856 juxta
2742 5808 2901 5859 graec.
2934 5807 3052 5859 axx,
3079 5808 3143 5847 en
3173 5796 3296 5845 moi.
