4066 6348
505 491 573 548 ad
589 495 729 547 Esau
745 489 977 560 fratrem
987 503 1150 544 suum
1185 507 1218 542 η
1238 494 1441 544 terram
1461 488 1655 542 Seirin
1668 487 1941 557 regionem
1956 487 2146 551 Edam,

505 580 786 636 mandavit
816 578 936 633 illis
965 579 1167 646 dicens,
1202 579 1289 633 Sic
1317 579 1504 632 dicetis
1552 578 1772 631 domino
1819 592 1934 630 meo
1984 576 2150 643 Esau,

508 670 596 725 Sic
624 670 760 725 dicit
786 685 927 740 puer
949 677 1072 724 tuus
1100 669 1280 732 Iacob,
1313 685 1438 721 cum
1461 668 1640 720 Laban
1666 667 1916 721 habitan
1966 673 2016 718 et
2064 663 2149 719 ile-

509 767 750 814 moratus
779 775 901 813 sum
931 774 1099 830 usque
1128 758 1304 822 modo,
1331 765 1384 812 et
1415 758 1556 827 facti
1576 761 1704 810 sunt.
1743 755 1886 809 mihi
1926 756 2078 807 bores
2101 757 2150 808 et

508 850 663 904 asini
681 858 864 903 etoves
894 856 942 902 et
968 849 1131 918 pueri
1157 856 1206 901 et
1237 846 1464 916 puella,
1497 854 1548 900 et
1580 845 1710 898 misi
1752 844 2009 898 nuntiare
2058 843 2151 896 do-

506 940 658 994 mino
689 953 804 992 meo
835 939 1023 991 Esau:
1056 953 1167 990 non
1211 935 1376 1003 dixit,
1411 935 1541 988 misi
1578 933 1846 988 nuntiare
1878 932 2002 986 tibi.

579 1045 684 1116 [1b.
719 1062 894 1114 xxxv,
929 1045 1040 1113 17.]
1072 1045 1130 1097 Si
1163 1044 1586 1112 interrogarent
1645 1049 1692 1096 te
1751 1041 1895 1094 Esau
1944 1039 2147 1106 dicens,

509 1136 668 1207 Cujus
697 1151 750 1190 es
769 1139 794 1188 .9
823 1139 875 1188 et
905 1151 1012 1204 quo
1045 1134 1206 1188 vadis
1235 1136 1256 1184 Υ
1285 1138 1332 1187 cl
1355 1149 1513 1201 cujus
1535 1133 1652 1186 hmc
1675 1145 1798 1200 qua:
1820 1129 2148 1184 antecedunt

505 1225 602 1279 te?
629 1228 679 1279 et
707 1223 873 1289 dices,
907 1225 1079 1277 Pueri
1105 1225 1187 1276 tui
1214 1223 1406 1277 Iacob:
1435 1221 1672 1291 plenum
1706 1225 1861 1274 esset
1889 1225 1945 1273 et
2004 1218 2147 1271 inte-

506 1329 697 1385 grum,
731 1312 904 1368 etiam
939 1311 985 1366 si
1020 1315 1065 1366 et
1100 1328 1210 1365 non
1247 1310 1504 1364 haberet.

575 1403 682 1473 [1b.
719 1403 828 1473 18.]
851 1407 1084 1456 illunera
1116 1403 1264 1454 misit
1290 1401 1515 1453 domino
1559 1415 1672 1452 meo
1725 1401 1892 1462 l.'sau,
1943 1399 1990 1449 et
2022 1411 2148 1449 ecce

504 1493 618 1563 ipse
637 1501 756 1563 post
785 1507 882 1545 nos
910 1507 921 1544 :
960 1490 1270 1544 dicendum
1306 1494 1500 1542 autem
1530 1489 1718 1542 fuerat
1750 1486 1965 1540 usitata
1989 1484 2147 1538 locu-

503 1581 680 1646 tione,
715 1579 952 1634 domino
978 1595 1104 1634 meo
1137 1578 1265 1645 tibi,
1297 1583 1418 1644 aut,
1456 1577 1695 1631 domino
1733 1593 1837 1630 suo
1875 1575 2000 1629 tibi.

573 1688 678 1757 [1b.
707 1686 1098 1757 2‘2.]Surre.cit
1127 1691 1311 1739 autem
1359 1685 1546 1740 eadem
1606 1686 1776 1749 nocte,
1832 1691 1880 1736 et
1933 1681 2146 1750 accepit

501 1793 700 1833 uxores
729 1776 864 1831 duas
894 1785 946 1830 et
971 1778 1109 1831 duas
1139 1775 1409 1830 ancillas:
1442 1774 1536 1828 hic
1566 1772 2014 1842 distinguuntur
2072 1769 2143 1823 ab

501 1865 803 1932 uxoribus,
836 1882 978 1933 quas
1005 1864 1168 1934 prius
1215 1881 1420 1918 uxores
1453 1863 1752 1933 Scriptura
1787 1862 2030 1914 dixerat.
2085 1859 2145 1912 Et

499 1956 703 2027 accepit
731 1955 874 2010 duas
904 1969 1107 2010 uxores
1135 1959 1186 2008 et
1219 1953 1353 2007 duas
1383 1953 1620 2006 ancillas
1652 1969 1670 2006 :
1706 1950 2030 2005 notandum
2055 1951 2144 2003 est

500 2044 997 2116 quemadmodum
1013 2039 2142 2108 dicatorconsuetudincScripturarum,

501 2135 748 2205 accepit;
782 2149 895 2188 non
927 2132 1084 2187 enim
1118 2136 1257 2187 tunc
1308 2148 1406 2186 eas
1440 2132 1629 2197 duxit,
1662 2135 1762 2184 aut
1814 2137 1953 2182 tunc
1987 2144 2019 2181 a
2052 2144 2142 2182 so-

498 2239 626 2279 cero
657 2223 899 2293 accepit.

570 2313 676 2381 [1b.
712 2310 1229 2376 xxxm,13.],0uod
1259 2309 1475 2362 habent.
1498 2308 1995 2370 latinicodicest‘t
2025 2322 2144 2359 oves

495 2410 547 2456 et
575 2403 726 2456 boves
748 2404 1031 2469 /etantur,'
1064 2399 1230 2467 graeci
1267 2398 1500 2462 habent,
1535 2399 1787 2466 [eluatur
1818 2413 1981 2464 super
2023 2410 2139 2448 me:

501 2491 653 2563 quod
688 2506 753 2543 ea
767 2487 1191 2558 significatione
1209 2487 1430 2539 dictum
1456 2491 1539 2539 est
1558 2491 1639 2550 ,ut
1664 2484 2142 2554 intelligatur,su-

503 2596 606 2652 per
639 2577 1096 2633 sollicitudinem
1130 2576 1216 2628 vel
1249 2591 1448 2629 curam
1487 2591 1669 2628 meam
1700 2592 1712 2638 ;
1738 2574 2028 2643 quomodo
2053 2590 2144 2627 so-

503 2668 693 2724 lemus
727 2667 909 2737 loqui,
944 2682 1077 2720 cum
1110 2665 1363 2718 dicimus
1406 2682 1582 2734 super
1639 2669 1814 2732 caput
1875 2669 2144 2716 nostrum

500 2774 629 2814 esse
661 2755 903 2827 aliquid,
939 2756 1107 2825 cujus
1141 2753 1454 2808 maximam
1487 2770 1686 2806 curam
1720 2753 1999 2822 gerimus.

572 2865 678 2932 [1b.
711 2880 902 2927 xxxxv,
933 2863 1011 2932 7.]
1044 2863 1108 2915 Et.
1139 2861 1249 2929 ﬁlii
1278 2861 1437 2914 Iacob
1468 2867 1730 2913 venerunt
1757 2859 1820 2912 de
1853 2873 2060 2928 campo,
2095 2864 2146 2911 et

498 2971 619 3009 cum
646 2953 948 3015 audissent,
978 2954 1284 3020 compunch
1316 2957 1443 3004 sunt
1477 2950 1604 3012 viri,
1637 2955 1687 3002 et
1713 2947 1867 3002 triste
1887 2950 2003 3001 erat
2031 2947 2144 3000 illis

399 3049 416 3065 ‘
498 3042 654 3098 valde
682 3043 824 3112 quod
852 3046 1010 3111 turpe
1035 3041 1237 3109 fecerat
1266 3040 1320 3092 in
1346 3037 1541 3103 Israel,
1559 3036 1701 3108 quod
1718 3036 1998 3091 dormisset
2021 3052 2145 3089 cum

497 3134 621 3204 ﬁlia
648 3132 839 3197 Iacob,
865 3134 916 3187 et
935 3146 1050 3185 non
1069 3131 1148 3184 sic
1164 3129 1270 3183 erit
1299 3145 1310 3182 :
1335 3126 1718 3182 difticiletalis
1745 3126 1958 3180 locutio
1982 3141 2142 3196 repe-

499 3222 648 3277 ritur
678 3222 737 3276 in
772 3220 1111 3291 Scripturis,
1147 3235 1259 3272 non
1304 3216 1546 3270 inducta
1601 3231 1846 3286 persona
1901 3215 2143 3284 loquen-

495 3311 644 3366 tium
672 3310 1017 3380 scriptorem
1055 3306 1229 3361 verba
1279 3321 1480 3359 eorum
1535 3303 1982 3372 interposuisse:
2028 3319 2142 3357 non

499 3399 655 3454 enim
672 3400 834 3465 ait,et
856 3397 1160 3451 dixerunt:
1186 3395 1284 3448 sed
1319 3393 1428 3447 hoc
1454 3394 1629 3448 tacito
1653 3393 1828 3446 verba
1857 3393 2002 3446 dixit
2049 3408 2143 3446 eo-

499 3504 636 3543 rum
663 3503 676 3541 :
706 3503 841 3541 nam
868 3485 965 3557 qui
995 3483 1090 3539 alii
1115 3483 1306 3538 dicere
1355 3485 1744 3553 potuerunt,et
1774 3497 1879 3536 non
1913 3485 1992 3536 sic
2017 3483 2141 3547 erit,

499 3576 612 3631 nisi
646 3575 745 3646 qui
778 3575 1029 3646 graviter
1061 3572 1347 3642 indignati
1374 3571 1688 3624 vindictam
1718 3569 2144 3624 moliebantur"?

573 3683 680 3754 [1b.
715 3684 768 3752 8]
799 3680 1129 3735 Notandum
1165 3679 1317 3748 quod
1355 3678 1590 3731 Emmor
1620 3676 1863 3747 loquens
1892 3678 1962 3731 de
1997 3677 2144 3733 Dina

501 3772 573 3828 ad
603 3772 782 3828 Jacob
815 3775 872 3825 et
902 3773 957 3824 et
990 3769 1147 3850 ﬁlios
1171 3768 1320 3837 ejus,
1354 3767 1530 3836 ﬁliam
1558 3766 1698 3821 dicit
1729 3773 1962 3821 vestram
1987 3783 1999 3832 ;
2027 3784 2138 3822 non

492 3861 654 3927 dicit,
694 3859 874 3915 tiliam
908 3864 1093 3922 tuam,
1129 3873 1393 3936 pororem
1431 3857 1696 3910 istorum.

564 3951 672 4020 [lb.
716 3950 804 4019 15,
838 3950 946 4018 16.]
979 3948 1039 4002 1η
1076 3946 1175 4001 hoc
1196 3948 1404 4000 similes
1433 3947 1641 4000 erimus
1674 3946 1840 4016 vobis,
1863 3955 1913 4001 et
1933 3946 2142 4002 habita-

492 4039 670 4094 bimus
699 4040 758 4093 in
790 4039 968 4093 vobis:
1002 4037 1058 4090 id
1091 4041 1198 4104 est,
1233 4035 1383 4089 inter
1412 4052 1534 4090 vos.

563 4129 672 4200 [1b.
711 4128 821 4198 19.]
852 4128 1144 4198 Appositus
1175 4127 1322 4180 enim
1353 4132 1474 4179 erat
1501 4125 1639 4194 ﬁliae
1666 4125 1825 4180 Iacob
1856 4143 1872 4178 :
1921 4125 1978 4180 id
2028 4131 2136 4198 est,

491 4218 728 4274 amabat
759 4233 909 4272 eam.

570 4307 678 4378 [1b.
711 4307 826 4378 26.]
864 4308 924 4361 Et
952 4305 1132 4376 [ilium
1162 4307 1279 4377 ejus
1312 4305 1530 4359 Sichem
1561 4305 1929 4359 interecerunt
1957 4305 2014 4358 in
2045 4320 2137 4361 ore

491 4395 710 4467 gladii:
743 4412 807 4450 ac
841 4395 888 4450 si
923 4396 1160 4461 diceret,
1193 4393 1405 4466 gladio.

559 4503 664 4575 [1b.
696 4504 788 4571 28,
808 4503 924 4574 29.]
946 4502 1079 4566 Qua:
1103 4499 1594 4557 abstuleruntiilii
1615 4500 1793 4556 Jacob
1823 4500 1890 4555 de
1905 4501 2135 4558 civitate

483 4592 872 4649 Sicbimcrum
894 4591 1250 4660 Salem,cum
1268 4607 1395 4645 eam
1421 4591 1968 4660 expugnassent,sic
1987 4609 2130 4648 enu-

483 4687 821 4738 merantur:
856 4681 986 4736 Oves
1018 4696 1221 4745 eorum,
1256 4685 1308 4733 et
1342 4679 1491 4734 boves
1520 4694 1726 4745 eorum,
1761 4686 1809 4734 et
1837 4681 2018 4735 asinos
2048 4698 2131 4737 co-

479 4789 626 4842 rum,
659 4787 936 4843 quascumq
947 4785 1009 4825 ue
1022 4773 1182 4824 erant
1197 4770 1252 4820 in
1270 4768 1354 4823 civ
1366 4770 1516 4835 itatc,
1532 4769 1578 4821 et
1593 4782 1874 4839 qumcumq
1885 4786 1950 4822 ue
1970 4780 2128 4828 erant

478 4864 540 4917 in
569 4878 760 4933 campo
791 4861 1046 4915 tulerunt
1068 4876 1080 4925 ;
1107 4862 1152 4912 et
1170 4859 1355 4911 omnia
1378 4872 1599 4926 corpora
1625 4873 1812 4911 eorum
1830 4862 2129 4929 captirave-

476 4955 680 5020 runt,et
693 4951 1048 5022 diripuerunt
1062 4962 1414 5017 aureumque
1429 4946 1659 5000 erantin
1672 4949 1724 5000 ci
1730 4949 1911 5013 vitate,
1923 4955 1972 5004 et
1988 4968 2128 5020 quaa-

471 5056 700 5113 cumque
728 5043 888 5093 erant
919 5039 976 5091 in
1005 5036 1276 5089 domibus.
1316 5035 1466 5088 inter
1485 5035 1604 5088 huic
1627 5037 1825 5090 omnia
1842 5056 1955 5092 non
1981 5041 2126 5096 satis

472 5130 823 5201 intelligitur
845 5127 984 5199 quid
1009 5125 1172 5192 dixit,
1199 5133 1249 5180 et
1274 5141 1498 5194 corpora
1523 5141 1738 5181 eorum:
1770 5130 2123 5198 nequeenim

471 5219 898 5291 suspicandum
932 5220 1038 5285 est,
1061 5215 1214 5286 quod
1240 5231 1480 5286 corpora
1505 5215 1876 5272 abstulerunt
1901 5235 2124 5290 perem-

470 5314 703 5381 ptorum
734 5325 745 5374 ;
780 5307 880 5361 sed
909 5322 1100 5360 rerum
1136 5304 1514 5376 intelligenda
1534 5310 1692 5368 sunt,
1720 5323 1843 5375 qua:
1860 5323 2127 5378 corpora-

469 5398 602 5453 liter
621 5396 998 5466 possidentur
1018 5397 1104 5447 :ut
1121 5408 1316 5448 eorum
1341 5393 1415 5447 sit
1443 5394 1736 5449 exsecutio
1759 5397 1912 5465 quod
1932 5397 2124 5468 sequi-

468 5487 584 5552 tur,
619 5485 670 5537 et
700 5480 1158 5553 suppellectilem,
1184 5482 1649 5548 ttcrstera,sicut
1672 5481 1729 5535 in
1750 5483 1880 5550 jure
1903 5484 2122 5542 dicitur

465 5571 702 5626 traditio
726 5585 1034 5642 corporum
1060 5588 1072 5638 ;
1100 5586 1437 5640 quanquam
1461 5570 1631 5641 graaci
1655 5570 2117 5641 σωμάτιαεθῐυνοε

466 5660 765 5734 appellant
793 5659 1177 5716 usitatissima
1197 5659 1617 5726 locutione,sed
1641 5660 1779 5730 quia
1799 5678 1912 5716 non
1926 5663 2113 5736 σωμά-

464 5752 687 5822 na,st
713 5749 937 5822 σώματα
969 5751 1062 5808 hic
1083 5750 1309 5804 dictum
1331 5755 1438 5814 est,
1473 5765 1588 5804 non
1612 5753 1700 5804 est.
1724 5754 1942 5811 temere
1972 5774 2110 5815 con-

1256 355 1755 416 [.OCUTIONUM
1805 352 1868 412 S.
1918 352 2338 413 AUGUSTINI
2390 351 2464 411 IN
2515 353 3150 416 llEP'l‘ATEUCHUM

3792 354 3909 412 496

2257 486 2838 553 tirmandum,servos
2871 488 3266 558 signiﬁcatos:
3303 487 3424 542 fieri
3455 491 3652 543 tamen
3693 491 3906 559 potest,

2259 580 2320 629 ut
2349 575 2455 628 hoc
2487 577 2676 645 magis
2709 575 2802 631 sit.
3883 592 3892 599 '

2331 665 2436 732 [1b.
2473 682 2662 727 xxxv1,
2683 667 2795 734 40.]
2819 668 2958 720 Cum
2979 671 3209 736 gentem
3236 666 3501 733 Edom,id
3521 670 3609 722 est
3626 668 3910 723 Idumae-

2262 760 2839 817 rum,rommemoret
2886 757 3208 827 Scriptura,
3240 762 3295 811 et
3344 755 3439 826 qui
3473 757 3528 811 in
3562 773 3628 812 ea
3663 773 3907 828 regnas-

2260 849 2409 909 sent,
2437 850 2636 912 postea
2665 845 2828 909 dicit,
2865 847 2984 899 Ιιίεσ
3013 848 3242 901 nomina
3271 849 3586 918 principum
3616 848 3787 912 Esau,
3818 863 3903 901 se-

2257 933 2495 986 cundum
2528 934 2638 987 loca
2686 951 2870 988 eorum
2919 938 2973 988 in
3006 936 3330 1003 regionibus
3357 952 3564 1000 eorum,
3597 940 3646 990 et
3676 937 3737 989 in
3765 952 3903 1006 gen-

2258 1022 2406 1075 tibus
2433 1037 2658 1076 eorum:
2691 1028 2891 1094 gentes
2910 1023 3212 1094 appellans
3245 1025 3420 1079 unius
3447 1025 3907 1096 gentis,propter

2260 1109 2613 1164 familiarum
2649 1111 3060 1182 multiplicatae
3097 1113 3520 1182 generationes,
3554 1129 3688 1167 cum
3721 1113 3905 1167 etiam

2258 1197 2382 1270 ipse
2412 1200 2591 1254 Edoni
2644 1207 2976 1262 vocaretur;
3010 1203 3163 1257 unde
3193 1208 3250 1257 et
3291 1218 3433 1273 gens
3483 1219 3658 1274 quam
3691 1218 3906 1274 propa-

2258 1288 2413 1359 gavit
2447 1293 2854 1360 cognominata
2885 1298 2992 1358 est,
3034 1293 3203 1361 cujus
3236 1293 3436 1363 utique
3469 1299 3630 1364 pater
3660 1291 3792 1347 fuit.

2330 1398 2435 1466 Hb.
2471 1415 2676 1467 xxxv”,
2700 1400 2811 1469 2.1.]
2847 1400 2979 1453 Cum
3012 1401 3248 1455 audisset
3270 1410 3455 1456 autem
3480 1401 3680 1467 Ruben,
3708 1400 3908 1455 libera-

2261 1488 2330 1539 rit
2364 1504 2486 1541 eum
2517 1487 2579 1542 de
2633 1489 2892 1543 manibus
2931 1506 3140 1556 eorum,
3177 1499 3226 1544 et
3272 1491 3435 1553 dixit,
3491 1490 3608 1545 Non
3637 1489 3911 1559 feriamus

2257 1593 2377 1630 eum
2411 1579 2466 1629 in
2500 1579 2765 1642 animum,
2798 1579 2920 1633 Non
2953 1597 3089 1650 ergo
3111 1579 3614 1649 liberaviteum,et
3643 1579 3781 1634 inde
3799 1577 3911 1632 hoc

2259 1665 2432 1729 dixit;
2490 1669 2590 1719 sed
2644 1667 2750 1721 hoc
2801 1668 3044 1724 dicendo
3077 1686 3210 1723 eum
3253 1668 3538 1724 liberavit.
3577 1667 3741 1724 Prius
3769 1683 3910 1739 ergo

2258 1754 2423 1824 dixit,
2460 1756 2708 1810 liberavit
2737 1774 2878 1822 eum,
2913 1761 2968 1812 et
2997 1758 3205 1812 deinde
3233 1757 3390 1812 brevi
3422 1756 3912 1830 recapitulationc

2260 1846 2554 1912 quomodo
2587 1864 2719 1900 eum
2751 1846 3105 1916 liberaverit,
3141 1847 3422 1902 insinuat.

2331 1933 2437 2000 [1b.
2461 1936 2574 2004 22.]
2608 1936 2722 1989 Non
2751 1938 3018 2004 feriamus
3040 1952 3163 1990 eum
3194 1938 3251 1990 in
3283 1939 3568 1990 animam:
3628 1935 3738 1990 hoc
3779 1934 3908 1992 loco

2259 2023 2490 2077 nomine
2524 2023 2728 2078 animm
2781 2026 2956 2080 vitam
2991 2024 3248 2096 corporis
3302 2025 3545 2080 animati
3576 2025 3909 2096 significat,

2260 2128 2360 2182 per
2392 2114 2738 2168 eflic‘cntcm
2795 2114 2850 2168 id
2909 2115 3061 2184 quod
3113 2115 3386 2170 efficitur.
3429 2115 3766 2170 Secundum
3800 2114 3910 2169 hoc

2259 2201 2436 2256 videri
2459 2208 2646 2272 potest
2676 2203 2849 2258 etiam
2874 2206 2942 2258 ad
2979 2204 3276 2259 diabolum
3299 2205 3516 2258 dictum
3543 2219 3669 2259 esse
3688 2205 3908 2272 deJcb,

2259 2292 2510 2343 Animam
2543 2294 2658 2358 eius
2682 2311 2748 2347 ne
2779 2297 2980 2362 tangas
2996 2293 3112 2360 (Job
3146 2294 3277 2363 11,0)
3305 2311 3317 2358 ;
3353 2293 3407 2346 id
3447 2298 3555 2356 est,
3582 2311 3652 2347 ne
3676 2293 3912 2348 occidas

2257 2397 2409 2432 run).
2477 2381 2618 2434 Nam
2683 2383 3006 2435 secundum
3068 2381 3224 2436 illam
3266 2382 3756 2453 signiﬁcationem
3793 2399 3913 2453 qua

2257 2475 2466 2522 natura
2497 2470 2702 2524 animae
2753 2477 3265 2540 commemoratur,
3298 2472 3436 2526 illud
3471 2489 3503 2526 a
3539 2472 3784 2525 Domino
3820 2471 3910 2525 di-

2257 2559 2406 2611 citur
2433 2577 2442 2613 :
2477 2561 2650 2614 Nolite
2681 2563 2868 2616 timere
2889 2577 2974 2615 eos
3001 2564 3095 2633 qui
3123 2578 3316 2632 corpus
3341 2562 3619 2624 occidunt,
3649 2562 3905 2615 animam

2255 2657 2436 2701 autem
2465 2666 2570 2702 non
2600 2654 2823 2720 possmzl
2855 2649 3095 2705 occidere
3127 2650 3356 2720 (Matt/1.,
3380 2668 3436 2716 Χ,
3466 2651 3578 2718 28).

2328 2757 2430 2826 [1b.
2460 2758 2571 2825 27.]
2624 2758 2783 2822 Quod
2825 2759 3005 2813 .ludas
3055 2757 3215 2826 dicit,
3265 2760 3454 2813 Manus
3487 2761 3671 2812 autem
3705 2763 3909 2814 nostra

2253 2863 2365 2900 non
2396 2850 2506 2901 sint
2535 2864 2703 2917 super
2729 2864 2875 2912 eum,
2902 2847 3009 2902 hoc
3040 2852 3129 2902 est
3151 2848 3306 2918 quod
3340 2847 3453 2903 dici
3485 2864 3518 2903 a
3547 2848 3717 2904 nobis
3734 2848 3910 2913 solet,

2256 2936 2461 2990 Manus
2492 2938 2542 2990 ei
2577 2953 2689 2991 non
2725 2937 3066 2991 inferamus.

2327 3024 2434 3096 [1b.
2463 3026 2576 3095 27.]
2610 3026 2881 3093 Quoniam
2911 3026 3100 3095 frater
3128 3034 3309 3082 noster
3337 3034 3387 3082 et
3410 3042 3536 3082 caro
3567 3031 3757 3082 nostra
3787 3036 3867 3083 est
3886 3045 3906 3082 .-

2257 3130 2369 3168 non
2403 3113 2582 3180 aliud,
2617 3116 2715 3169 sed
2763 3115 2852 3170 bis
2885 3115 2991 3170 hoc
3023 3115 3173 3171 idem
3209 3116 3430 3171 dictum
3473 3121 3581 3186 est,
3613 3121 3905 3187 tanquam

2256 3204 2595 3274 exponendo
2645 3204 2780 3274 quid
2813 3204 2886 3258 sit
2939 3204 3113 3259 frater
3143 3210 3362 3275 noster,
3395 3205 3451 3259 id
3484 3209 3570 3260 est
3602 3221 3736 3261 caro
3768 3221 3906 3260 nos-

2256 3294 2365 3360 tra,
2400 3292 2550 3362 quod
2586 3308 2653 3346 ex
2683 3292 2883 3346 eadem
2918 3308 3090 3346 carne
3122 3291 3353 3347 fuerant
3383 3293 3686 3362 procreati.

2329 3381 2433 3448 [1b.
2468 3382 2581 3451 31.]
2625 3381 2949 3435 Deciderunt
2979 3380 3194 3434 hzedum
3240 3397 3574 3452 caprarum:
3635 3382 3718 3435 sic
3751 3381 3910 3436 solet

2254 3469 2414 3540 loqui
2465 3469 2784 3540 Scriptura,
2819 3471 3318 3541 quemadmodum
3353 3470 3410 3524 in
3462 3470 3718 3534 Psalmo,
3754 3469 3908 3526 Sicut

2255 3562 2390 3626 agni
2445 3562 2625 3614 ovium
2662 3561 2835 3630 (I’sal.
2867 3576 3025 3623 0x111,
3061 3561 3131 3629 4),
3187 3558 3356 3630 quasi
3407 3559 3592 3631 possit
3638 3575 3766 3615 esse
3806 3565 3907 3615 aut

2257 3647 2457 3702 bardus
2488 3648 2596 3702 nisi
2630 3665 2959 3720 caprarum,
2992 3654 3091 3703 aut
3123 3648 3253 3719 agni
3288 3648 3400 3703 nisi
3432 3648 3645 3703 ovium.

2325 3756 2432 3824 [lb.
2468 3772 2703 3826 xxxvm,
2740 3757 2848 3825 13.]
2885 3759 2955 3811 Et
2986 3758 3304 3810 nuntiatum
3323 3760 3399 3810 est
3428 3757 3600 3809 nurui
3628 3755 3743 3826 ejus
3767 3756 3901 3810 Tha-

2251 3861 2378 3898 mar
2405 3847 2673 3900 dicentes:
2727 3845 3037 3900 dicendum
3086 3850 3280 3900 autem
3313 3844 3439 3912 fuit,
3469 3843 3899 3900 Nuntiaverunt

2252 3935 2529 3988 dicentes.

2323 4023 2430 4091 [1b.
2463 4023 2574 4094 1/1.]
2599 4024 2661 4078 Et
2680 4023 2937 4095 depositis
2958 4023 3293 4079 vestimentis
3312 4022 3594 4078 viduitatis
3613 4037 3733 4079 sua?
3756 4041 3789 4078 a
3814 4038 3874 4078 se
3888 4041 3907 4078 :

2251 4111 2386 4183 quid
2423 4113 2621 4168 minus
2651 4118 2824 4178 esset,
2858 4113 2906 4168 si
2941 4130 3055 4169 non
3088 4113 3421 4182 adderetur,
3454 4129 3488 4168 a
3514 4112 3615 4168 se?

2323 4202 2429 4271 [1b.
2462 4202 2574 4272 26.]
2608 4205 2671 4257 Et
2720 4219 2828 4257 non
2876 4205 3129 4275 apposuit
3173 4202 3416 4274 amplius
3440 4204 3582 4258 scire
3609 4217 3729 4257 eam
3749 4219 3766 4256 :
3803 4219 3906 4274 pro

2251 4309 2317 4346 eo
2349 4293 2502 4362 quod
2533 4296 2622 4347 est
2653 4292 2886 4348 misceri
2936 4293 3008 4348 ei.

2326 4381 2430 4451 [1b.
2463 4398 2652 4446 χχχιχ,
2686 4383 2716 4436 4
2745 4387 2758 4448 ]
2820 4383 2883 4437 Et
2915 4383 3126 4436 invenit
3160 4381 3357 4452 Ioseph
3386 4383 3627 4452 gratiam
3678 4381 3737 4435 in
3768 4396 3906 4434 con-

2250 4475 2433 4541 spectu
2463 4471 2683 4526 domini
2711 4473 2838 4526 sui:
2889 4471 3009 4526 haec
3039 4469 3254 4527 locutio
3303 4469 3450 4526 nulli
3480 4474 3569 4526 est
3613 4470 3814 4542 ignota
3846 4471 3905 4524 in

2247 4559 2582 4630 Scripturis.

2325 4649 2430 4719 [1b.
2465 4650 2544 4719 6.]
2579 4650 2637 4702 Et
2668 4649 2946 4704 nesciebat
2976 4664 3100 4719 qua:
3145 4651 3297 4705 circa
3326 4665 3448 4705 eum
3479 4651 3635 4703 erant
3665 4649 3812 4703 nihil
3843 4651 3858 4685 ι
3888 4665 3900 4702 :

2249 4739 2398 4809 apud
2434 4739 2662 4793 Graecos
2716 4738 2934 4793 usitata
2985 4743 3074 4793 est
3124 4737 3293 4810 vulgo
3329 4737 3566 4803 locutio,
3603 4737 3760 4808 apud
3796 4754 3902 4793 nos

2249 4832 2405 4882 recta
2436 4846 2558 4883 non-
2582 4833 2671 4884 est
2706 4853 2719 4894 ;
2753 4828 2875 4892 sed,
2911 4829 3210 4884 nesciebat
3243 4827 3486 4898 aliquid,
3513 4826 3789 4881 dicimus.

2319 4935 2422 5005 [1b.
2455 4937 2532 5005 6.]
2557 4938 2774 4991 Praeter
2790 4951 2988 5006 panem
3015 4952 3172 5005 quem
3195 4937 3307 5007 ipse
3324 4935 3541 4990 edebat:
3572 4951 3674 5005 per
3687 4949 3901 5005 panem

2247 5023 2446 5094 utique
2477 5024 2673 5079 omnia
2707 5023 2949 5096 intelligi
2983 5025 3163 5079 voluit
3195 5025 3264 5080 ad
3299 5024 3513 5079 victum
3562 5023 3689 5093 ejus
3723 5022 3900 5094 perti-

2243 5113 2472 5178 nentia;
2502 5115 2652 5169 unde
2675 5131 2778 5184 pro
2803 5114 3142 5185 quotidiano
3165 5114 3340 5183 victu,
3369 5111 3534 5184 panis
3551 5112 3715 5167 solus
3750 5112 3899 5182 posi-

2241 5202 2770 5274 tusintelligiturin
2803 5203 3396 5282 orationeﬁominica
3421 5203 3636 5272 (Matth.
3670 5219 3747 5271 v1,
3787 5201 3894 5270 11).

2311 5309 2412 5380 [1b.
2437 5311 2517 5379 7.]
2575 5315 2640 5366 Et
2696 5313 2848 5366 misit
2894 5327 3038 5366 uxor
3070 5312 3296 5366 Domini
3325 5312 3439 5378 eius
3471 5310 3650 5365 oculos
3680 5325 3806 5363 suos
3839 5310 3895 5362 in

2236 5398 2465 5468 Ioseph:
2505 5399 2650 5454 solet
2670 5403 2725 5454 et
2755 5399 2910 5472 apud
2933 5417 3038 5454 nos
3063 5399 3234 5471 vulgo
3256 5417 3384 5456 esse
3408 5400 3624 5455 usitata
3652 5397 3890 5461 locutio,

2237 5505 2338 5559 pro
2361 5505 2426 5543 eo
2458 5490 2609 5559 quod
2642 5495 2750 5559 est,
2784 5489 3008 5544 Amavit
3036 5506 3192 5544 eum.

2297 5641 2309 5676 ι
2344 5641 2476 5690 Editi
2501 5656 2513 5688 :
2554 5642 2671 5701 Qua:
2698 5640 2838 5690 circa
2868 5654 2982 5688 eum
3003 5642 3180 5701 erant;
3215 5654 3314 5689 nec
3337 5639 3558 5700 addunt,
3581 5640 3730 5701 nihil,
3745 5638 3885 5703 quod

2229 5708 2567 5766 reposuimus
2583 5719 2649 5753 ex
2671 5706 2795 5754 Mss.
2821 5703 3018 5765 quippe
3042 5717 3159 5753 cum
3195 5703 3354 5766 hujus
3380 5703 3523 5752 vocis
3553 5717 3721 5753 causa
3740 5703 3882 5753 locu-

2229 5768 2430 5818 tionem
2464 5768 2605 5818 illam
2637 5769 3023 5817 commemoret
3051 5767 3399 5831 Augustinus.
