4066 6346
196 384 314 446 501

199 512 456 584 alicujus
471 530 651 586 quam
665 518 1004 569 caaterorum
1023 514 1148 569 dies
1167 519 1415 587 possunt
1432 530 1561 588 esse
1583 516 1862 569 horarum

203 602 396 675 spatio
431 602 744 660 breviores.
767 603 882 659 Hoc
907 608 1101 659 autem
1127 604 1305 661 Jacob
1337 620 1404 660 ex
1428 603 1862 676 comparatione

201 694 490 748 dixitvitae
511 693 802 764 majorum
823 710 1093 749 suorum:
1115 712 1248 750 nam
1275 694 1476 766 utique
1499 698 1731 749 centum
1754 693 1860 748 tri-

201 784 368 856 ginta
397 799 601 850 annos,
635 799 782 853 quos
805 782 901 836 ille
927 784 1052 853 jam
1080 785 1305 854 agebat,
1330 801 1500 839 nemo
1520 799 1676 839 nunc
1698 783 1855 839 vivit.

273 874 382 945 {1b.
415 890 589 939 XLVII,
626 875 737 944 12.]
772 874 1033 928 Triticum
1055 875 1357 928 secundum
1387 891 1579 945 corpus
1610 893 1630 928 :
1661 875 1717 929 id
1745 877 1856 945 est,

200 963 532 1018 secundum
564 979 875 1018 numerum
900 980 1229 1034 corporum.
1251 968 1356 1018 Per
1387 981 1596 1034 corpus
1619 963 1853 1028 etenim,

201 1068 517 1108 numerum
551 1069 891 1124 OOPPOI‘UIH;
920 1070 1019 1124 pCl‘
1043 1069 1351 1108 numerum
1385 1070 1715 1125 corporum,
1747 1070 1856 1108 nu-

199 1159 433 1196 merum
468 1142 775 1197 hominum
809 1143 1118 1213 significat.

271 1232 380 1302 [Ib.
416 1232 527 1303 13.]
558 1233 870 1288 Invaluerat
911 1236 1094 1287 autem
1144 1232 1322 1306 fames
1354 1232 1528 1298 valde,
1562 1241 1612 1288 et
1660 1233 1854 1304 defecit

198 1325 349 1376 terra
400 1324 674 1393 .rEgypti.‘
708 1327 912 1376 terram
965 1323 1158 1392 posuit
1208 1339 1308 1394 pro
1358 1322 1700 1377 hominibus
1750 1323 1850 1394 qui

194 1415 365 1466 erant
396 1411 453 1466 in
488 1419 662 1467 terra.

268 1502 376 1572 [1b.
417 1501 522 1567 15.]
561 1501 831 1556 Venerunt
853 1508 1040 1556 autem
1073 1517 1259 1557 omnes
1289 1503 1534 1573 Afgyptii
1564 1501 1632 1556 ad
1661 1503 1851 1572 Joseph

193 1590 542 1655 dicentes,Da
559 1593 714 1646 nobis
735 1607 932 1659 panes:
949 1607 1226 1662 perpanes
1248 1592 1509 1647 triticum
1534 1590 1848 1663 signiﬁcat,

195 1679 495 1736 locutione
526 1697 627 1751 per
657 1680 712 1735 id
747 1683 899 1752 quod
929 1683 1198 1747 cl‘i‘icitur,
1234 1681 1290 1735 id
1320 1682 1473 1752 quod
1507 1681 1704 1737 efﬁcit.

270 1770 377 1842 lib.
411 1770 526 1840 20.]
561 1769 800 1842 Etfacta
824 1776 905 1826 est
926 1779 1074 1826 terra
1105 1774 1545 1826 I’haraonimon
1571 1771 1673 1835 ait,
1699 1770 1848 1826 Pha-

196 1859 419 1915 raonis.
456 1863 629 1915 Amat
659 1860 742 1915 sic
791 1859 949 1930 loqui
989 1861 1308 1932 Scriptura,
1342 1861 1495 1916 sicut
1524 1860 1583 1914 in
1615 1860 1848 1916 Psalmo

193 1949 420 2003 dictum
451 1953 558 2017 est,
592 1951 652 2004 Et
680 1951 948 2006 custodiri
993 1951 1171 2023 legem
1201 1959 1388 2012 tuam;
1439 1949 1559 2006 hac
1588 1953 1745 2020 facta
1772 1959 1850 2008 est

189 2037 362 2105 mihi,
393 2040 526 2108 quia
545 2041 965 2109 justi/icationes
980 2030 1114 2095 'tuas
1142 2041 1421 2112 exquisivi
1449 2041 1625 2112 (Psal.
1650 2057 1846 2106 cxvni,

187 2129 279 2194 55,
313 2128 404 2197 56)
443 2144 454 2181 :
489 2128 560 2183 de
610 2128 734 2201 lege
786 2130 881 2186 Dei
933 2131 1098 2197 dixit,
1150 2131 1262 2185 haec
1309 2132 1458 2200 facta
1487 2134 1564 2185 est
1593 2131 1754 2198 mihi,
1788 2130 1844 2186 id

189 2221 304 2283 est,
336 2216 394 2272 in
430 2233 618 2272 meam
654 2217 990 2275 utilitatem.

265 2305 372 2377 [1b.
406 2306 520 2377 22.]
545 2312 761 2364 Prwter
781 2315 983 2363 terram
1001 2309 1342 2364 sacerdotum
1360 2314 1575 2364 tantum
1596 2325 1701 2364 non
1722 2325 1845 2380 pos-

186 2394 331 2449 sedit
353 2397 546 2466 Ioseph
566 2413 584 2449 :
609 2397 779 2468 quasi
811 2397 1072 2466 dixisset,
1095 2400 1300 2453 Praeter
1329 2403 1543 2454 terram
1578 2398 1843 2453 sacerdo-

187 2486 318 2539 tum
352 2487 603 2555 tantum,
632 2501 865 2542 omnem
896 2492 1108 2542 terram
1143 2488 1404 2559 possedit
1433 2488 1671 2559 Josepb.

265 2573 370 2639 [1b.
405 2575 519 2645 ‘26.]
556 2579 619 2631 Et
647 2579 826 2646 posuit
863 2577 984 2632 illis
1008 2579 1201 2647 Joseph
1235 2580 1292 2632 in
1317 2583 1650 2649 praeceptum
1682 2593 1846 2650 usque

186 2664 251 2717 in
281 2663 607 2719 hodiernum
626 2664 769 2721 diem
801 2667 858 2720 in
890 2674 1034 2722 terra
1055 2669 1296 2738 .IEgypti,
1318 2671 1378 2721 ut
1403 2672 1661 2737 praestent
1681 2668 1844 2737 quin-

185 2757 275 2806 tas
307 2753 646 2808 Pharaoni:
682 2753 816 2810 hinc
867 2755 1216 2826 intelligitur
1257 2757 1580 2812 Pharaonis
1630 2771 1842 2810 nomen

186 2842 496 2913 potestatis
529 2844 713 2899 fuisse
745 2845 1142 2915 regulis,quod
1178 2846 1321 2898 dixit
1349 2863 1514 2916 usque
1545 2848 1602 2898 in
1624 2848 1844 2900 hodier-

183 2949 324 2986 num
355 2933 664 2988 diem.Non
699 2934 853 2989 enim
890 2934 969 2988 illi
997 2935 1096 3006 qui
1130 2939 1268 2990 tunc
1304 2935 1430 3002 fuit,
1451 2940 1724 3006 prmstare
1748 2952 1841 3006 po-

181 3027 380 3076 terant
415 3022 658 3094 tEgyptii
689 3040 874 3095 usque
901 3026 971 3078 ad
1006 3024 1172 3078 illum
1207 3025 1383 3090 diem,
1418 3042 1532 3095 quo
1567 3025 1677 3079 ista
1699 3023 1839 3078 scri-

180 3111 500 3177 bebantur,
531 3113 766 3184 quando
797 3113 896 3168 ille
919 3115 1044 3185 jam
1080 3131 1191 3168 non
1226 3114 1470 3169 vivebat.

256 3201 365 3271 [1b.
398 3202 514 3272 28.]
551 3203 611 3256 Et
639 3207 860 3273 fuerunt
893 3205 1006 3259 dies
1037 3204 1196 3260 Jacob
1227 3220 1504 3258 annorum
1536 3205 1666 3260 vitae
1685 3205 1797 3270 eius
1818 3223 1839 3258 ,ο

181 3289 310 3344 dies
345 3307 634 3345 annorum
658 3309 802 3364 sape
826 3293 966 3347 dicit
992 3293 1310 3364 Scriptura,
1340 3310 1473 3348 cum
1507 3293 1687 3348 semel
1707 3310 1838 3365 pos-

181 3383 276 3434 set
305 3396 492 3434 annos
528 3380 740 3436 dicere.

257 3470 366 3540 [lb.
402 3487 597 3538 XLVIII,
633 3472 706 3541 1.]
739 3473 898 3536 Quod
935 3474 1218 3544 scriptum
1251 3479 1360 3540 est,
1394 3475 1738 3528 Nuntiatum
1763 3477 1838 3529 est

176 3558 542 3631 Joseph,quia
566 3570 856 3628 patertuus
877 3563 1161 3620 turbatur:
1176 3563 1354 3636 aliqui
1380 3564 1607 3619 codices
1624 3564 1838 3618 habent

179 3650 497 3714 vexatur,al
511 3652 518 3701 i
531 3651 626 3722 qui
641 3659 986 3718 eestuatur,et
1001 3653 1156 3708 aliud
1170 3653 1833 3724 alii,sicutinterpretari

171 3739 365 3793 Latini
384 3757 453 3810 po
466 3743 885 3814 tuerunt,quod
900 3759 1082 3816 graece
1097 3742 1312 3814 scriptu
1325 3761 1377 3797 m
1396 3748 1483 3798 est
1499 3739 1830 3816 ἐνοχλεῖται.

170 3829 308 3883 Ideo
328 3840 523 3884 autem
540 3831 1268 3899 turbatur,accomodatius
1292 3831 1405 3888 dici
1432 3832 1680 3899 videtur,
1697 3830 1834 3903 quia

167 3919 280 3973 hoc
315 3918 427 3973 dici
457 3919 606 3974 solet
637 3924 706 3976 de
734 3921 806 3977 iis
840 3922 936 3993 qui
966 3921 1345 3979 altlictatione
1364 3921 1624 3993 corporis
1646 3924 1833 3978 morte

169 4008 1104 4080 propinquantejactantur.Etex
1120 4010 1230 4066 hoc
1259 4011 1436 4066 etiam
1462 4010 1634 4066 turba
1657 4005 1832 4085 ὄχλος

167 4097 390 4151 dicitur
421 4114 433 4152 :
470 4103 554 4151 est
588 4100 741 4154 enim
767 4101 958 4168 turba,
985 4099 1300 4155 multitudo
1332 4101 1686 4166 inordinata,
1712 4117 1827 4155 non

165 4187 325 4242 sicut
360 4188 632 4259 pOpUluS,
665 4191 818 4260 quod
853 4185 1030 4260 δῆμος
1062 4189 1297 4257 dicitur,
1331 4206 1436 4245 nec
1467 4191 1614 4246 sicut
1639 4189 1824 4261 plebs,

164 4278 320 4347 quod
339 4272 471 4336 λαὸς
487 4277 831 4348 dicitur,sed
849 4272 1212 4353 εἱυυιόχλος,
1237 4280 1390 4350 quod
1406 4279 1823 4335 turbadicitur.

237 4366 346 4438 (tib.
389 4367 499 4436 16.]
535 4368 716 4422 Jacob
742 4369 1088 4424 benedicens
1123 4373 1361 4441 nepotes
1394 4385 1532 4424 suos
1554 4368 1704 4423 ﬁlios
1727 4369 1823 4424 Jo-

165 4455 339 4526 sepb,
374 4455 454 4510 ait
488 4457 640 4512 inter
681 4464 906 4525 caetera,
940 4460 1003 4514 Et
1051 4459 1394 4515 invocabitur
1426 4460 1482 4513 in
1513 4459 1598 4513 his
1629 4475 1826 4514 nomen

167 4553 433 4611 meum,et
455 4561 647 4600 nomen
672 4551 894 4618 patrum
917 4550 1350 4603 meorum-unde
1373 4549 1691 4604 notandum
1713 4554 1823 4614 est,

167 4652 285 4690 non
319 4633 510 4690 solum
547 4639 1006 4706 exauditionem,
1044 4639 1141 4694 sed
1177 4639 1355 4694 etiam
1398 4638 1822 4694 invocationem

164 4723 278 4778 dici
311 4725 633 4795 aliquando
665 4744 792 4798 qua:
825 4745 938 4782 non
976 4728 1094 4794 Dei,
1130 4729 1227 4782 sed
1263 4728 1570 4784 hominum
1606 4729 1699 4783 sit.

236 4813 343 4885 {1b.
381 4814 492 4885 18.]
531 4817 635 4870 Hic
661 4819 814 4872 enim
845 4818 1167 4888 primitivst
1199 4835 1215 4872 :
1249 4817 1449 4872 minus
1483 4818 1676 4888 habet,
1711 4822 1820 4888 est,

165 4903 497 4959 secundum
531 4906 759 4962 codices
791 4924 1031 4979 grzscos.

167 5031 593 5042 ——_——

1567 383 1800 444 LIBER
1843 383 2274 445 SECUNDUS.

3504 386 3621 446 502

2047 513 2476 584 [Ib.xt.1x,2/I.]
2530 516 2588 570 In
2641 515 3047 572 benedictione
3097 516 3313 588 Joseph
3365 515 3446 572 ait
3474 517 3626 573 inter

1975 607 2181 658 caetera
2209 604 2412 670 Jacob,
2447 607 2576 661 Inde
2604 606 2701 678 qui
2729 607 3060 676 confortavit
3086 607 3253 661 Israel
3282 623 3300 661 .·
3334 606 3552 662 mirum
3575 607 3626 662 si

1973 709 2088 748 non
2120 695 2492 762 subauditur,
2547 702 2653 765 est,
2683 701 2747 750 ut
2799 694 3036 768 plenum
3087 696 3183 761 sit,
3217 696 3357 752 Inde
3405 702 3495 753 est
3523 696 3625 768 qui

1971 783 2317 838 confortavit
2347 783 2545 840 Israel.

2039 873 2146 944 [1b.
2183 891 2255 940 L.,
2287 877 2341 940 2,
2374 875 2453 946 3.]
2485 875 2645 938 Quod
2673 876 2958 946 scriptum
2989 879 3096 944 est,
3113 877 3268 932 Dixit
3289 877 3623 948 Josephser-

1967 965 2048 1017 vis
2078 967 2193 1018 suis
2220 965 2607 1035 sepultoribus,
2640 969 2700 1020 ut
2749 967 3042 1037 sepelirent
3068 970 3283 1037 patrem
3312 968 3470 1039 ejus;
3502 983 3617 1024 non

1966 1051 2188 1107 invenit
2247 1052 2449 1126 lingua
2485 1052 2681 1111 latina
2737 1054 3234 1126 quemadmodum
3293 1053 3619 1126 appellaret

1964 1139 2316 1218 ἐιθταφιαστᾶς
2352 1160 2365 1199 :
2402 1160 2516 1198 non
2549 1143 2705 1198 enim
2738 1143 2850 1215 ipsi
2885 1143 3197 1216 scpeliunt,
3229 1144 3287 1198 id
3316 1148 3424 1214 est,
3447 1149 3613 1201 tcrrte

1965 1233 2250 1287 mandant
2282 1249 2524 1304 corpora
2554 1237 2942 1300 mortuorum,
2977 1234 3130 1304 quod
3166 1249 3282 1290 non
3315 1237 3404 1290 est
3431 1249 3614 1306 graece

1962 1319 2292 1397 ἰνταφιάσαι,
2328 1323 2426 1376 sed
2462 1319 2646 1393 (δάψαι.
2679 1321 2764 1376 ΙΙΙί
2796 1340 2932 1395 ergo
2965 1320 3308 1397 ἀνταφιασταὶ
3339 1324 3395 1380 id
3433 1326 3617 1395 agunt

1963 1411 2119 1480 quod
2151 1411 2458 1466 exhibetur
2478 1411 2822 1483 corporibus
2853 1412 3151 1480 humanis,
3175 1419 3261 1468 vel
3294 1413 3616 1470 condiendo

1961 1501 2048 1557 vel
2080 1501 2356 1557 siccando
2404 1500 2491 1556 vel
2539 1500 2886 1557 involvendo
2933 1507 2991 1558 et
3041 1502 3358 1575 alligando,
3392 1505 3450 1560 in
3501 1521 3616 1577 quo

1961 1607 2134 1663 opere
2149 1591 2400 1646 maxime
2415 1590 2813 1664 [Egyptiorum
2833 1608 2976 1647 cura
2989 1591 3282 1664 praecellit.
3305 1595 3463 1659 Quod
3481 1610 3618 1667 ergo

1962 1681 2123 1748 dicit,
2151 1683 2332 1737 Etiam
2353 1683 2728 1753 sepelierunt;
2757 1687 3128 1749 curaverunt,
3161 1681 3485 1754 intelligere
3518 1685 3617 1740 de-

1960 1771 2188 1827 bemus.
2232 1772 2301 1826 Et
2344 1772 2500 1844 quod
2534 1771 2700 1839 dicit,
2730 1771 3098 1844 quadraginta
3144 1771 3259 1828 dies
3286 1773 3610 1844 sepulturae,

1958 1859 2148 1932 ipsius
2197 1859 2517 1916 curationis
2566 1860 2886 1933 accipiendi
2920 1865 3076 1917 sunt.
3127 1861 3402 1932 Sepultus
3451 1863 3608 1920 enim

1958 1948 2055 2004 ille
2087 1966 2199 2004 non
2233 1955 2340 2020 est,
2374 1949 2487 2005 nisi
2520 1949 2621 2005 ubi
2651 1967 2715 2006 se
2746 1951 3124 2006 mandaverat
3153 1951 3408 2023 sepeliri.

2028 2038 2132 2109 [Ih.
2166 2039 2245 2110 4.]
2277 2040 2592 2111 Loquimini
2612 2040 2676 2094 in
2706 2055 2876 2096 aures
2900 2039 3214 2095 Pharaonis
3239 2057 3251 2095 :
3275 2039 3492 2096 loculio
3518 2046 3608 2097 est

1956 2128 2175 2184 usitata
2203 2126 2261 2183 in
2287 2127 2628 2200 Scripturis.

2028 2219 2112 2288 [Ib
2166 2218 2246 2290 6.]
2283 2219 2345 2272 Et
2377 2218 2520 2272 dixit
2553 2219 2768 2274 Pharao
2799 2217 2876 2274 ad
2903 2220 3115 2290 Ioseph,
3150 2221 3417 2275 Descende
3446 2229 3500 2275 et
3527 2237 3613 2277 se-

1951 2309 2069 2378 peli
2098 2314 2311 2376 patrem
2354 2312 2508 2363 tuum
2538 2325 2556 2362 :
2589 2308 2762 2363 etiam
2813 2309 2862 2364 si
2917 2325 3019 2380 per
3050 2313 3314 2380 potentes
3346 2308 3478 2365 illos
3514 2327 3618 2383 per

1956 2415 2104 2469 quos
2144 2397 2359 2470 Joseph
2414 2399 2814 2466 mandaverat,
2851 2397 3074 2454 Pharao
3120 2399 3265 2453 dixit
3297 2400 3452 2470 quod
3487 2416 3616 2472 per-

1956 2486 2173 2542 ferrent
2204 2489 2273 2541 ad
2326 2487 2567 2559 Joseph,
2617 2503 2732 2542 non
2783 2486 2982 2559 utique
3038 2487 3184 2542 dixit
3227 2488 3336 2560 ipsi
3373 2487 3610 2562 Joseph.

1959 2577 2117 2631 Unde
2153 2576 2294 2631 illud
2329 2582 2418 2632 est
2445 2577 2504 2630 in
2544 2576 2875 2650 Evangelio,
2906 2577 3058 2648 quod
3096 2594 3250 2632 unus
3275 2578 3613 2651 Evangelia-

1954 2671 2148 2720 tarum
2180 2666 2342 2730 dicit,
2388 2666 2791 2722 centurionem
2835 2665 3065 2721 venisse
3099 2666 3169 2720 ad
3203 2667 3520 2721 Dominum
3553 2669 3612 2722 et

1953 2754 2172 2809 dixisse
2223 2754 2328 2825 illi,
2378 2757 2524 2810 Puer
2566 2771 2722 2810 meus
2769 2756 2914 2820 iacet
2963 2757 3020 2810 in
3065 2755 3220 2810 domo
3263 2756 3609 2827 paralyticus

1953 2845 2160 2912 (Matth.
2193 2861 2317 2911 VIII,
2352 2845 2405 2909 5,
2439 2845 2490 2913 6)
2526 2861 2538 2898 :
2574 2843 2726 2898 alius
2774 2850 2968 2898 autem
3019 2849 3208 2898 totum
3261 2843 3603 2915 diligentius

1953 2933 2455 3001 narrans,amicos
2487 2949 2617 2987 eum
2652 2933 2722 2987 ad
2753 2931 3064 2987 Dominum
3090 2932 3318 2988 misisse
3345 2949 3601 2988 comme-

1952 3028 2161 3087 morat,
2198 3023 2294 3093 qui
2339 3023 2446 3077 hoc
2479 3023 2526 3076 ei
2561 3023 2818 3077 dicerent
2848 3023 3002 3094 (Luc.
3034 3039 3134 3089 vII,
3167 3024 3216 3090 3)
3249 3040 3260 3086 ;
3295 3022 3352 3077 in
3384 3023 3602 3094 quibus

1951 3113 2157 3167 amicis
2184 3112 2385 3184 utique
2406 3111 2530 3184 ipse
2556 3113 2731 3180 venit,
2753 3112 2922 3183 cujus
2954 3111 3012 3167 in
3041 3113 3125 3167 eis
3155 3111 3426 3168 voluntas
3458 3129 3603 3184 prte-

1951 3219 2086 3258 sens
2111 3202 2218 3257 fuit
2251 3220 2262 3256 :
2295 3203 2448 3257 unde
2466 3207 2572 3269 est,
2593 3203 2808 3272 Quivos
2840 3203 3158 3274 recipit,me
3175 3203 3410 3272 recipit;
3439 3204 3489 3257 et
3510 3204 3606 3274 qui

1949 3310 2035 3349 me
2065 3295 2280 3365 recipit,
2331 3296 2525 3365 recipit
2555 3307 2682 3348 eum
2728 3296 2826 3363 qui
2853 3307 2940 3348 me
2968 3293 3126 3348 misit
3159 3293 3366 3363 (Matth.
3399 3309 3455 3359 x,
3488 3292 3602 3363 40.)

2020 3384 2126 3455 [Ιῦ.
2165 3383 2274 3456 10.]
2298 3384 2646 3438 Planxerunt
2667 3398 2791 3438 eum
2808 3382 3097 3453 planctum
3118 3398 3377 3452 magnum
3403 3389 3451 3436 et
3473 3380 3604 3437 vali-

1947 3476 2112 3530 dum:
2138 3475 2488 3546 planxerunt
2514 3475 2956 3545 planctum,non
2981 3472 3599 3544 planxeruntplanctu:

1947 3565 2160 3620 locutio
2178 3570 2266 3620 est
2296 3565 2353 3618 in
2384 3564 2566 3620 latina
2587 3564 2784 3637 lingua
2810 3579 2924 3618 non
2947 3561 3164 3632 ignota,
3190 3561 3341 3617 sicut
3362 3561 3598 3630 dicitur,

1946 3655 2287 3710 servitutem
2325 3653 2580 3724 servivit,
2617 3652 2888 3707 militiam
2943 3650 3234 3719 militavit,
3266 3657 3324 3706 et
3353 3651 3594 3707 similia.

2018 3744 2120 3812 [1b.
2159 3744 2346 3813 15.]Et
2375 3741 3062 3798 redditionereddetnobis
3091 3742 3278 3795 omnia
3309 3741 3454 3796 mala
3477 3755 3597 3812 qua

1941 3833 2271 3889 ostendimus
2298 3834 2369 3889 ei.
2425 3833 2502 3887 Ex
2531 3831 2639 3887 hac
2687 3829 2979 3887 locutione
3028 3830 3110 3884 ait
3158 3834 3214 3884 et
3259 3830 3590 3899 Apostolus,

1941 3921 2252 3978 Alexander
2289 3925 2518 3977 zrarius
2566 3920 2742 3976 multa
2768 3921 2918 3974 mala
2961 3917 3104 3973 mihi
3129 3903 3469 3987 ostenditili
3501 3919 3591 3973 7i-

1940 4012 2106 4068 moth.
2144 4029 2218 4079 Iv,
2255 4012 2338 4082 14)
2371 4028 2382 4065 :
2418 4009 2750 4066 ostendimus
2799 4007 2956 4065 enim
2989 4007 3213 4064 dictum
3244 4012 3354 4078 est,
3383 4007 3469 4064 vel
3502 4024 3589 4064 os-

1938 4101 2132 4169 tendit,
2167 4119 2269 4174 pro
2309 4118 2376 4156 eo
2409 4101 2562 4173 quod
2598 4105 2706 4166 est,
2742 4099 3008 4163 iecimus,
3044 4097 3130 4152 vel
3166 4097 3318 4153 fecit.

2011 4192 2118 4264 [lb.
2155 4192 2268 4262 17.]
2318 4191 2510 4262 Accipe
2559 4191 2908 4262 iniquitatem
2949 4204 3237 4244 servorum
3283 4189 3386 4244 Dei
3411 4191 3590 4260 patris

1937 4284 2024 4337 tui
2055 4299 2067 4336 :
2103 4298 2251 4336 nova
2285 4280 2498 4336 locutio
2530 4284 2640 4350 est,
2663 4281 2856 4350 Accipe
2887 4280 3262 4348 iniquitatem,
3297 4294 3400 4348 pro
3431 4275 3590 4348 igno-

1938 4387 2054 4441 sce,
2110 4375 2212 4425 aut
2261 4371 2511 4434 remitte,
2546 4373 2646 4422 aut
2693 4367 3074 4434 obliviscere;
3129 4367 3228 4421 sed
3279 4370 3420 4437 puto
3453 4367 3589 4422 inde

1935 4477 2063 4516 esse
2095 4461 2316 4515 dictum
2367 4459 2580 4529 Accipe,
2615 4473 2680 4512 ac
2730 4457 2777 4512 si
2828 4457 3138 4522 diceretur,
3194 4471 3358 4528 (equo
3391 4455 3587 4511 animo

1936 4551 2152 4621 accipe,
2185 4549 2294 4604 hoc
2324 4553 2430 4613 est,
2465 4547 2581 4601 noli
2614 4547 2854 4617 indigne
2887 4547 3055 4601 ferre.

2006 4641 2113 4709 [1b.
2153 4639 2264 4711 18.]
2295 4639 2356 4693 Et
2405 4639 2674 4692 venientes
2704 4636 2773 4691 ad
2817 4653 2945 4690 eum
2992 4635 3254 4691 dixerunt
3288 4653 3300 4690 :
3335 4653 3448 4691 non
3484 4637 3584 4693 ite-

1936 4747 2064 4783 rum
2088 4733 2396 4793 venerunt,
2421 4727 2520 4782 sed
2547 4727 2700 4798 quod
2730 4726 2948 4780 dictum
2974 4726 3085 4780 fuit
3113 4725 3322 4782 iterum
3355 4725 3579 4782 dictum

1934 4823 2022 4874 est
2056 4835 2067 4872 :
2103 4816 2252 4873 solet
2281 4817 2388 4872 hoc
2423 4817 2608 4872 facere
2639 4815 2958 4886 Scriptura.

1320 5112 1698 5208 LIBER
1778 5111 2437 5208 SECUNDUS

1553 5265 1870 5315 Locutiones
1904 5265 1970 5314 de
2003 5263 2208 5314 Exodo.

229 5491 433 5561 [Εκοῡ.
459 5506 560 5560 cap
599 5505 638 5558 ι,
666 5491 715 5541 s.
735 5490 919 5560 7—12.]
944 5491 1004 5544 Et
1027 5489 1431 5545 invalescebant
1451 5491 1610 5545 valde
1633 5493 1806 5546 valde.

229 5580 337 5648 [1b.
355 5580 467 5647 21.]
486 5577 630 5644 Quid
657 5584 746 5634 cst
767 5579 918 5651 quod
941 5581 1159 5634 dictum
1176 5582 1262 5632 est
1284 5578 1352 5631 de
1375 5579 1808 5635 obstetricibus.

164 5669 220 5724 Et
243 5674 500 5739 fecerunt
520 5670 629 5724 sibi
648 5670 1120 5740 domos.quoniam
1140 5670 1441 5724 timuerunt
1456 5671 1623 5725 Deum
1637 5677 1660 5724 ἰ)
1674 5677 1816 5725 Prai-

163 5758 387 5816 dictum
408 5763 499 5815 est
514 5759 692 5829 enim,
719 5761 1102 5831 Bene/aciebat
1115 5760 1256 5815 Deus
1273 5775 1397 5814 cum
1417 5761 1814 5817 obstetricibus.

1927 5493 1990 5546 Et
2005 5491 2075 5546 ad
2093 5491 2198 5547 hoc
2219 5490 2445 5546 videtur
2468 5490 2816 5562 pertinerc,q
2831 5491 2939 5545 uod
2969 5491 3231 5545 fecerunt
3251 5488 3360 5544 sibi
3379 5489 3588 5547 domos

1926 5581 2184 5636 timendo
2209 5585 2412 5649 Deum,
2440 5585 2718 5651 tanquam
2747 5581 3024 5634 beneﬁcia
3041 5579 3220 5634 liciad
3238 5579 3344 5635 hoc
3358 5579 3440 5636 eis
3457 5597 3586 5652 pro-

1927 5672 2145 5727 fuerint
2165 5677 2229 5726 ut
2257 5672 2510 5725 facerent
2541 5670 2648 5724 sibi
2684 5671 2908 5725 domos.
2935 5671 3232 5742 Numquid
3267 5674 3440 5726 antea
3464 5687 3578 5726 non

1929 5778 2025 5817 eas
2052 5761 2328 5818 habuisse
2342 5762 2546 5818 domos
2572 5761 3013 5831 intelligendum
3030 5765 3245 5817 estPAn
3262 5760 3331 5817 ad
3347 5759 3580 5817 divitias
