  <div class='ocr_page' id='page_1' title='image "/cluster/home/n/w/nwhite01/storage/ocr_20150623/34/umn.31951002477328u/257.png"; bbox 0 0 4066 6342; ppageno 0'>
   <div class='ocr_carea' id='block_1_1' title="bbox 443 333 560 394">
    <p class='ocr_par' dir='ltr' id='par_1_1' title="bbox 443 333 560 394">
     <span class='ocr_line' id='line_1_1' title="bbox 443 333 560 394; baseline -0.017 0"><span class='ocrx_word' id='word_1_1' title='bbox 443 333 560 394; x_wconf 81' lang='grc'>503</span> 
     </span>
    </p>
   </div>
   <div class='ocr_carea' id='block_1_2' title="bbox 447 463 2101 540">
    <p class='ocr_par' dir='ltr' id='par_1_2' title="bbox 447 463 2101 540">
     <span class='ocr_line' id='line_1_2' title="bbox 447 463 2101 540; baseline 0.001 -21"><span class='ocrx_word' id='word_1_2' title='bbox 447 463 558 519; x_wconf 92' lang='lat' dir='ltr'>hoc</span> <span class='ocrx_word' id='word_1_3' title='bbox 587 465 830 521; x_wconf 80' lang='lat' dir='ltr'>verbum</span> <span class='ocrx_word' id='word_1_4' title='bbox 862 465 1135 538; x_wconf 83' lang='lat' dir='ltr'>pertinet,</span> <span class='ocrx_word' id='word_1_5' title='bbox 1171 467 1256 524; x_wconf 84' lang='lat' dir='ltr'>vel</span> <span class='ocrx_word' id='word_1_6' title='bbox 1304 468 1498 540; x_wconf 86' lang='lat' dir='ltr'>potius</span> <span class='ocrx_word' id='word_1_7' title='bbox 1529 469 1600 523; x_wconf 91' lang='lat' dir='ltr'>ad</span> <span class='ocrx_word' id='word_1_8' title='bbox 1636 467 1866 538; x_wconf 86' lang='lat' dir='ltr'>aliquas</span> <span class='ocrx_word' id='word_1_9' title='bbox 1899 466 1982 522; x_wconf 85' lang='lat' dir='ltr'>rei</span> <span class='ocrx_word' id='word_1_10' title='bbox 2014 466 2101 521; x_wconf 81' lang='lat' dir='ltr'>fa-</span> 
     </span>
    </p>
   </div>
   <div class='ocr_carea' id='block_1_3' title="bbox 450 552 2104 614">
    <p class='ocr_par' dir='ltr' id='par_1_3' title="bbox 450 552 2104 614">
     <span class='ocr_line' id='line_1_3' title="bbox 450 552 2104 614; baseline 0.001 -6"><span class='ocrx_word' id='word_1_11' title='bbox 450 552 698 610; x_wconf 86' lang='lat' dir='ltr'>miliaris</span> <span class='ocrx_word' id='word_1_12' title='bbox 730 555 970 612; x_wconf 88' lang='lat' dir='ltr'>idoneas</span> <span class='ocrx_word' id='word_1_13' title='bbox 996 556 1301 613; x_wconf 80' lang='lat' dir='ltr'>facultates</span> <span class='ocrx_word' id='word_1_14' title='bbox 1326 562 1348 613; x_wconf 73' lang='grc' dir='ltr'><strong><em>Ρ</em></strong></span> <span class='ocrx_word' id='word_1_15' title='bbox 1377 557 1523 614; x_wconf 88' lang='lat' dir='ltr'>Huic</span> <span class='ocrx_word' id='word_1_16' title='bbox 1544 557 1697 613; x_wconf 86' lang='lat' dir='ltr'>enim</span> <span class='ocrx_word' id='word_1_17' title='bbox 1723 555 1914 612; x_wconf 79' lang='lat' dir='ltr'>simile</span> <span class='ocrx_word' id='word_1_18' title='bbox 1946 554 2104 610; x_wconf 90' lang='lat' dir='ltr'>vide-</span> 
     </span>
    </p>
   </div>
   <div class='ocr_carea' id='block_1_4' title="bbox 448 644 2106 718">
    <p class='ocr_par' dir='ltr' id='par_1_4' title="bbox 448 644 2106 718">
     <span class='ocr_line' id='line_1_4' title="bbox 448 644 2106 718; baseline 0.001 -21"><span class='ocrx_word' id='word_1_19' title='bbox 448 645 566 710; x_wconf 89' lang='lat' dir='ltr'>tur,</span> <span class='ocrx_word' id='word_1_20' title='bbox 601 644 757 714; x_wconf 89' lang='lat' dir='ltr'>quod</span> <span class='ocrx_word' id='word_1_21' title='bbox 785 644 868 699; x_wconf 90' lang='lat' dir='ltr'>ait</span> <span class='ocrx_word' id='word_1_22' title='bbox 889 645 1064 700; x_wconf 87' lang='lat' dir='ltr'>etiam</span> <span class='ocrx_word' id='word_1_23' title='bbox 1086 645 1263 701; x_wconf 87' lang='lat' dir='ltr'>Jacob</span> <span class='ocrx_word' id='word_1_24' title='bbox 1295 653 1426 718; x_wconf 86' lang='lat' dir='ltr'>post</span> <span class='ocrx_word' id='word_1_25' title='bbox 1455 645 1896 716; x_wconf 77' lang='lat' dir='ltr'>quatuordeclm</span> <span class='ocrx_word' id='word_1_26' title='bbox 1920 658 2106 698; x_wconf 88' lang='lat' dir='ltr'>annos</span> 
     </span>
    </p>
   </div>
   <div class='ocr_carea' id='block_1_5' title="bbox 451 729 2104 801">
    <p class='ocr_par' dir='ltr' id='par_1_5' title="bbox 451 729 2104 801">
     <span class='ocr_line' id='line_1_5' title="bbox 451 729 2104 801; baseline -0.001 -16"><span class='ocrx_word' id='word_1_27' title='bbox 451 729 752 785; x_wconf 86' lang='lat' dir='ltr'>servitutis</span> <span class='ocrx_word' id='word_1_28' title='bbox 785 747 902 786; x_wconf 85' lang='lat' dir='ltr'>suae</span> <span class='ocrx_word' id='word_1_29' title='bbox 935 747 1132 788; x_wconf 86' lang='lat' dir='ltr'>socero</span> <span class='ocrx_word' id='word_1_30' title='bbox 1179 749 1284 788; x_wconf 92' lang='lat' dir='ltr'>suo</span> <span class='ocrx_word' id='word_1_31' title='bbox 1313 733 1528 788; x_wconf 88' lang='lat' dir='ltr'>volenti</span> <span class='ocrx_word' id='word_1_32' title='bbox 1561 749 1694 788; x_wconf 92' lang='lat' dir='ltr'>eum</span> <span class='ocrx_word' id='word_1_33' title='bbox 1727 731 1919 786; x_wconf 90' lang='lat' dir='ltr'>adhuc</span> <span class='ocrx_word' id='word_1_34' title='bbox 1950 730 2104 801; x_wconf 88' lang='lat' dir='ltr'>apud</span> 
     </span>
    </p>
   </div>
   <div class='ocr_carea' id='block_1_6' title="bbox 453 818 2103 894">
    <p class='ocr_par' dir='ltr' id='par_1_6' title="bbox 453 818 2103 894">
     <span class='ocr_line' id='line_1_6' title="bbox 453 818 2103 894; baseline -0.002 -18"><span class='ocrx_word' id='word_1_35' title='bbox 453 835 517 876; x_wconf 85' lang='lat' dir='ltr'>se</span> <span class='ocrx_word' id='word_1_36' title='bbox 546 823 745 874; x_wconf 89' lang='lat' dir='ltr'>tenere</span> <span class='ocrx_word' id='word_1_37' title='bbox 779 835 792 875; x_wconf 89' lang='lat'><strong>:</strong></span> <span class='ocrx_word' id='word_1_38' title='bbox 824 821 979 875; x_wconf 86' lang='lat' dir='ltr'>Nunc</span> <span class='ocrx_word' id='word_1_39' title='bbox 999 837 1134 894; x_wconf 89' lang='lat' dir='ltr'>ergo</span> <span class='ocrx_word' id='word_1_40' title='bbox 1163 823 1381 893; x_wconf 83' lang='lat' dir='ltr'>quando</span> <span class='ocrx_word' id='word_1_41' title='bbox 1401 825 1605 893; x_wconf 79' lang='lat' dir='ltr'>faciam</span> <span class='ocrx_word' id='word_1_42' title='bbox 1636 826 1691 878; x_wconf 90' lang='lat' dir='ltr'>et</span> <span class='ocrx_word' id='word_1_43' title='bbox 1719 837 1812 892; x_wconf 94' lang='lat' dir='ltr'>ego</span> <span class='ocrx_word' id='word_1_44' title='bbox 1843 819 1993 875; x_wconf 85' lang='lat' dir='ltr'>mihi</span> <span class='ocrx_word' id='word_1_45' title='bbox 2012 818 2103 873; x_wconf 90' lang='lat' dir='ltr'>do-</span> 
     </span>
    </p>
   </div>
   <div class='ocr_carea' id='block_1_7' title="bbox 452 908 2104 982">
    <p class='ocr_par' dir='ltr' id='par_1_7' title="bbox 452 908 2104 982">
     <span class='ocr_line' id='line_1_7' title="bbox 452 908 2104 982; baseline -0.001 -19"><span class='ocrx_word' id='word_1_46' title='bbox 452 911 649 963; x_wconf 84' lang='lat' dir='ltr'>mum?</span> <span class='ocrx_word' id='word_1_47' title='bbox 680 908 910 964; x_wconf 80' lang='lat' dir='ltr'>Dixerat</span> <span class='ocrx_word' id='word_1_48' title='bbox 943 909 1094 966; x_wconf 91' lang='lat' dir='ltr'>enim</span> <span class='ocrx_word' id='word_1_49' title='bbox 1152 912 1305 982; x_wconf 90' lang='lat' dir='ltr'>quod</span> <span class='ocrx_word' id='word_1_50' title='bbox 1341 912 1627 966; x_wconf 85' lang='lat' dir='ltr'>creverint</span> <span class='ocrx_word' id='word_1_51' title='bbox 1673 927 1880 982; x_wconf 88' lang='lat' dir='ltr'>pecora</span> <span class='ocrx_word' id='word_1_52' title='bbox 1914 909 2104 964; x_wconf 84' lang='lat' dir='ltr'>Laban</span> 
     </span>
    </p>
   </div>
   <div class='ocr_carea' id='block_1_8' title="bbox 453 996 2104 1073">
    <p class='ocr_par' dir='ltr' id='par_1_8' title="bbox 453 996 2104 1073">
     <span class='ocr_line' id='line_1_8' title="bbox 453 996 2104 1073; baseline -0.002 -20"><span class='ocrx_word' id='word_1_53' title='bbox 453 998 563 1053; x_wconf 87' lang='lat' dir='ltr'>sub</span> <span class='ocrx_word' id='word_1_54' title='bbox 595 996 695 1054; x_wconf 91' lang='lat' dir='ltr'>illo</span> <span class='ocrx_word' id='word_1_55' title='bbox 727 1016 739 1065; x_wconf 89' lang='lat'><strong>;</strong></span> <span class='ocrx_word' id='word_1_56' title='bbox 769 999 922 1054; x_wconf 85' lang='lat' dir='ltr'>sicut</span> <span class='ocrx_word' id='word_1_57' title='bbox 957 1005 1012 1054; x_wconf 91' lang='lat' dir='ltr'>et</span> <span class='ocrx_word' id='word_1_58' title='bbox 1045 1000 1168 1073; x_wconf 90' lang='lat' dir='ltr'>ipse</span> <span class='ocrx_word' id='word_1_59' title='bbox 1221 1001 1413 1056; x_wconf 85' lang='lat' dir='ltr'>Laban</span> <span class='ocrx_word' id='word_1_60' title='bbox 1445 1002 1748 1057; x_wconf 80' lang='lat' dir='ltr'>confessus</span> <span class='ocrx_word' id='word_1_61' title='bbox 1799 1000 1986 1055; x_wconf 78' lang='lat' dir='ltr'>fuerat</span> <span class='ocrx_word' id='word_1_62' title='bbox 2015 997 2104 1050; x_wconf 87' lang='lat' dir='ltr'>di-</span> 
     </span>
    </p>
   </div>
   <div class='ocr_carea' id='block_1_9' title="bbox 453 1088 2103 1159">
    <p class='ocr_par' dir='ltr' id='par_1_9' title="bbox 453 1088 2103 1159">
     <span class='ocr_line' id='line_1_9' title="bbox 453 1088 2103 1159; baseline -0.001 -18"><span class='ocrx_word' id='word_1_63' title='bbox 453 1102 612 1153; x_wconf 89' lang='lat' dir='ltr'>cens,</span> <span class='ocrx_word' id='word_1_64' title='bbox 642 1089 937 1144; x_wconf 84' lang='lat' dir='ltr'>Benedixit</span> <span class='ocrx_word' id='word_1_65' title='bbox 985 1107 1071 1145; x_wconf 90' lang='lat' dir='ltr'>me</span> <span class='ocrx_word' id='word_1_66' title='bbox 1113 1092 1251 1146; x_wconf 88' lang='lat' dir='ltr'>Deus</span> <span class='ocrx_word' id='word_1_67' title='bbox 1292 1093 1350 1145; x_wconf 91' lang='lat' dir='ltr'>in</span> <span class='ocrx_word' id='word_1_68' title='bbox 1384 1093 1617 1147; x_wconf 84' lang='lat' dir='ltr'>intraitu</span> <span class='ocrx_word' id='word_1_69' title='bbox 1658 1095 1752 1145; x_wconf 91' lang='lat' dir='ltr'>tuo</span> <span class='ocrx_word' id='word_1_70' title='bbox 1792 1088 1940 1159; x_wconf 82' lang='lat' dir='ltr'>(Gen.</span> <span class='ocrx_word' id='word_1_71' title='bbox 1972 1103 2103 1152; x_wconf 85' lang='lat' dir='ltr'>xxx,</span> 
     </span>
    </p>
   </div>
   <div class='ocr_carea' id='block_1_10' title="bbox 452 1175 2109 1252">
    <p class='ocr_par' dir='ltr' id='par_1_10' title="bbox 452 1175 2109 1252">
     <span class='ocr_line' id='line_1_10' title="bbox 452 1175 2109 1252; baseline 0.003 -23"><span class='ocrx_word' id='word_1_72' title='bbox 452 1175 642 1246; x_wconf 84' lang='lat'>29-31)</span> <span class='ocrx_word' id='word_1_73' title='bbox 679 1192 691 1230; x_wconf 92' lang='lat'>:</span> <span class='ocrx_word' id='word_1_74' title='bbox 725 1193 858 1232; x_wconf 92' lang='lat' dir='ltr'>cum</span> <span class='ocrx_word' id='word_1_75' title='bbox 891 1195 1028 1252; x_wconf 87' lang='lat' dir='ltr'>ergo</span> <span class='ocrx_word' id='word_1_76' title='bbox 1068 1179 1227 1245; x_wconf 88' lang='lat' dir='ltr'>dicit,</span> <span class='ocrx_word' id='word_1_77' title='bbox 1261 1180 1476 1251; x_wconf 82' lang='lat' dir='ltr'>quando</span> <span class='ocrx_word' id='word_1_78' title='bbox 1523 1181 1736 1252; x_wconf 78' lang='lat' dir='ltr'>faciam</span> <span class='ocrx_word' id='word_1_79' title='bbox 1765 1183 1814 1235; x_wconf 84' lang='lat' dir='ltr'>et</span> <span class='ocrx_word' id='word_1_80' title='bbox 1843 1193 1939 1247; x_wconf 90' lang='lat' dir='ltr'>ego</span> <span class='ocrx_word' id='word_1_81' title='bbox 1968 1175 2109 1234; x_wconf 84' lang='lat' dir='ltr'>mihi</span> 
     </span>
    </p>
   </div>
   <div class='ocr_carea' id='block_1_11' title="bbox 454 1264 2108 1340">
    <p class='ocr_par' dir='ltr' id='par_1_11' title="bbox 454 1264 2108 1340">
     <span class='ocr_line' id='line_1_11' title="bbox 454 1264 2108 1340; baseline -0.001 -20"><span class='ocrx_word' id='word_1_82' title='bbox 454 1264 721 1320; x_wconf 84' lang='lat' dir='ltr'>domum?</span> <span class='ocrx_word' id='word_1_83' title='bbox 771 1266 1258 1340; x_wconf 86' lang='lat' dir='ltr'>subintelligitur,</span> <span class='ocrx_word' id='word_1_84' title='bbox 1309 1269 1462 1324; x_wconf 85' lang='lat' dir='ltr'>sicut</span> <span class='ocrx_word' id='word_1_85' title='bbox 1509 1274 1565 1325; x_wconf 91' lang='lat' dir='ltr'>et</span> <span class='ocrx_word' id='word_1_86' title='bbox 1596 1275 1682 1324; x_wconf 89' lang='lat' dir='ltr'>tu.</span> <span class='ocrx_word' id='word_1_87' title='bbox 1732 1269 1850 1324; x_wconf 85' lang='lat' dir='ltr'>Hoc</span> <span class='ocrx_word' id='word_1_88' title='bbox 1881 1267 2108 1322; x_wconf 87' lang='lat' dir='ltr'>videtur</span> 
     </span>
    </p>
   </div>
   <div class='ocr_carea' id='block_1_12' title="bbox 457 1353 2105 1428">
    <p class='ocr_par' dir='ltr' id='par_1_12' title="bbox 457 1353 2105 1428">
     <span class='ocr_line' id='line_1_12' title="bbox 457 1353 2105 1428; baseline 0 -20"><span class='ocrx_word' id='word_1_89' title='bbox 457 1353 615 1408; x_wconf 89' lang='lat' dir='ltr'>enim</span> <span class='ocrx_word' id='word_1_90' title='bbox 646 1354 840 1412; x_wconf 86' lang='lat' dir='ltr'>valere</span> <span class='ocrx_word' id='word_1_91' title='bbox 871 1357 1025 1426; x_wconf 92' lang='lat' dir='ltr'>quod</span> <span class='ocrx_word' id='word_1_92' title='bbox 1079 1357 1180 1424; x_wconf 86' lang='lat' dir='ltr'>ait,</span> <span class='ocrx_word' id='word_1_93' title='bbox 1209 1363 1261 1413; x_wconf 89' lang='lat' dir='ltr'>et</span> <span class='ocrx_word' id='word_1_94' title='bbox 1291 1374 1410 1427; x_wconf 86' lang='lat' dir='ltr'>ego,</span> <span class='ocrx_word' id='word_1_95' title='bbox 1441 1363 1507 1414; x_wconf 88' lang='lat' dir='ltr'>ut</span> <span class='ocrx_word' id='word_1_96' title='bbox 1537 1359 1605 1413; x_wconf 88' lang='lat' dir='ltr'>ad</span> <span class='ocrx_word' id='word_1_97' title='bbox 1646 1361 1830 1428; x_wconf 82' lang='lat' dir='ltr'>ipsam</span> <span class='ocrx_word' id='word_1_98' title='bbox 1863 1357 2105 1411; x_wconf 90' lang='lat' dir='ltr'>domum</span> 
     </span>
    </p>
   </div>
   <div class='ocr_carea' id='block_1_13' title="bbox 457 1441 2104 1519">
    <p class='ocr_par' dir='ltr' id='par_1_13' title="bbox 457 1441 2104 1519">
     <span class='ocr_line' id='line_1_13' title="bbox 457 1441 2104 1519; baseline 0.002 -23"><span class='ocrx_word' id='word_1_99' title='bbox 457 1441 786 1499; x_wconf 81' lang='lat' dir='ltr'>faciendam</span> <span class='ocrx_word' id='word_1_100' title='bbox 809 1445 1072 1501; x_wconf 90' lang='lat' dir='ltr'>videatur</span> <span class='ocrx_word' id='word_1_101' title='bbox 1093 1447 1381 1518; x_wconf 86' lang='lat' dir='ltr'>pertinere</span> <span class='ocrx_word' id='word_1_102' title='bbox 1401 1449 1556 1519; x_wconf 89' lang='lat' dir='ltr'>quod</span> <span class='ocrx_word' id='word_1_103' title='bbox 1589 1449 2014 1519; x_wconf 85' lang='lat' dir='ltr'>consequenter</span> <span class='ocrx_word' id='word_1_104' title='bbox 2033 1445 2104 1500; x_wconf 80' lang='lat' dir='ltr'>ad</span> 
     </span>
    </p>
   </div>
   <div class='ocr_carea' id='block_1_14' title="bbox 458 1531 1802 1608">
    <p class='ocr_par' dir='ltr' id='par_1_14' title="bbox 458 1531 1802 1608">
     <span class='ocr_line' id='line_1_14' title="bbox 458 1531 1802 1608; baseline 0.003 -22"><span class='ocrx_word' id='word_1_105' title='bbox 458 1531 652 1588; x_wconf 89' lang='lat' dir='ltr'>Laban</span> <span class='ocrx_word' id='word_1_106' title='bbox 684 1550 908 1590; x_wconf 87' lang='lat' dir='ltr'>merces</span> <span class='ocrx_word' id='word_1_107' title='bbox 936 1534 1067 1606; x_wconf 87' lang='lat' dir='ltr'>ipsa</span> <span class='ocrx_word' id='word_1_108' title='bbox 1096 1538 1409 1593; x_wconf 85' lang='lat' dir='ltr'>statuenda</span> <span class='ocrx_word' id='word_1_109' title='bbox 1439 1537 1802 1608; x_wconf 85' lang='lat' dir='ltr'>proponitur.</span> 
     </span>
    </p>
   </div>
   <div class='ocr_carea' id='block_1_15' title="bbox 528 1621 2106 1696">
    <p class='ocr_par' dir='ltr' id='par_1_15' title="bbox 528 1621 2106 1696">
     <span class='ocr_line' id='line_1_15' title="bbox 528 1621 2106 1696; baseline 0.003 -21"><span class='ocrx_word' id='word_1_110' title='bbox 528 1621 636 1692; x_wconf 75' lang='lat' dir='ltr'>[1b.</span> <span class='ocrx_word' id='word_1_111' title='bbox 671 1639 712 1693; x_wconf 83' lang='grc' dir='ltr'>ι,</span> <span class='ocrx_word' id='word_1_112' title='bbox 741 1623 856 1694; x_wconf 84' lang='grc'>22.]</span> <span class='ocrx_word' id='word_1_113' title='bbox 886 1625 950 1680; x_wconf 88' lang='lat' dir='ltr'>Et</span> <span class='ocrx_word' id='word_1_114' title='bbox 967 1640 1126 1680; x_wconf 89' lang='lat' dir='ltr'>omne</span> <span class='ocrx_word' id='word_1_115' title='bbox 1153 1628 1491 1696; x_wconf 73' lang='lat' dir='ltr'>femininum</span> <span class='ocrx_word' id='word_1_116' title='bbox 1520 1627 1794 1692; x_wconf 81' lang='lat' dir='ltr'>vivi/icate</span> <span class='ocrx_word' id='word_1_117' title='bbox 1823 1624 1996 1680; x_wconf 86' lang='lat' dir='ltr'>illud:</span> <span class='ocrx_word' id='word_1_118' title='bbox 2023 1623 2106 1680; x_wconf 89' lang='lat' dir='ltr'>sic</span> 
     </span>
    </p>
   </div>
   <div class='ocr_carea' id='block_1_16' title="bbox 460 1711 1908 1785">
    <p class='ocr_par' dir='ltr' id='par_1_16' title="bbox 460 1711 1908 1785">
     <span class='ocr_line' id='line_1_16' title="bbox 460 1711 1908 1785; baseline 0.003 -20"><span class='ocrx_word' id='word_1_119' title='bbox 460 1711 618 1766; x_wconf 90' lang='lat' dir='ltr'>enim</span> <span class='ocrx_word' id='word_1_120' title='bbox 649 1711 868 1768; x_wconf 87' lang='lat' dir='ltr'>habent</span> <span class='ocrx_word' id='word_1_121' title='bbox 896 1714 1105 1785; x_wconf 82' lang='lat' dir='ltr'>graeci;</span> <span class='ocrx_word' id='word_1_122' title='bbox 1138 1713 1304 1770; x_wconf 89' lang='lat' dir='ltr'>latini</span> <span class='ocrx_word' id='word_1_123' title='bbox 1338 1733 1450 1771; x_wconf 88' lang='lat' dir='ltr'>non</span> <span class='ocrx_word' id='word_1_124' title='bbox 1483 1716 1718 1781; x_wconf 87' lang='lat' dir='ltr'>habent,</span> <span class='ocrx_word' id='word_1_125' title='bbox 1751 1713 1908 1770; x_wconf 87' lang='lat' dir='ltr'>illud.</span> 
     </span>
    </p>
   </div>
   <div class='ocr_carea' id='block_1_17' title="bbox 531 1801 2104 1876">
    <p class='ocr_par' dir='ltr' id='par_1_17' title="bbox 531 1801 2104 1876">
     <span class='ocr_line' id='line_1_17' title="bbox 531 1801 2104 1876; baseline 0 -20"><span class='ocrx_word' id='word_1_126' title='bbox 531 1801 639 1873; x_wconf 83' lang='grc'>[11).</span> <span class='ocrx_word' id='word_1_127' title='bbox 671 1818 732 1867; x_wconf 83' lang='grc' dir='ltr'>ιι,</span> <span class='ocrx_word' id='word_1_128' title='bbox 760 1801 834 1875; x_wconf 92' lang='grc'>1.]</span> <span class='ocrx_word' id='word_1_129' title='bbox 853 1803 991 1859; x_wconf 85' lang='lat' dir='ltr'>Erat</span> <span class='ocrx_word' id='word_1_130' title='bbox 1005 1813 1186 1860; x_wconf 89' lang='lat' dir='ltr'>autem</span> <span class='ocrx_word' id='word_1_131' title='bbox 1203 1805 1427 1876; x_wconf 89' lang='lat' dir='ltr'>quidam</span> <span class='ocrx_word' id='word_1_132' title='bbox 1445 1805 1510 1860; x_wconf 82' lang='lat' dir='ltr'>de</span> <span class='ocrx_word' id='word_1_133' title='bbox 1526 1807 1674 1860; x_wconf 91' lang='lat' dir='ltr'>tribu</span> <span class='ocrx_word' id='word_1_134' title='bbox 1686 1806 1834 1874; x_wconf 88' lang='lat' dir='ltr'>Levi,</span> <span class='ocrx_word' id='word_1_135' title='bbox 1857 1808 1906 1859; x_wconf 88' lang='lat' dir='ltr'>et</span> <span class='ocrx_word' id='word_1_136' title='bbox 1921 1820 2104 1875; x_wconf 87' lang='lat' dir='ltr'>sump-</span> 
     </span>
    </p>
   </div>
   <div class='ocr_carea' id='block_1_18' title="bbox 459 1890 2102 1967">
    <p class='ocr_par' dir='ltr' id='par_1_18' title="bbox 459 1890 2102 1967">
     <span class='ocr_line' id='line_1_18' title="bbox 459 1890 2102 1967; baseline 0.002 -23"><span class='ocrx_word' id='word_1_137' title='bbox 459 1891 532 1945; x_wconf 90' lang='lat' dir='ltr'>sit</span> <span class='ocrx_word' id='word_1_138' title='bbox 565 1891 675 1946; x_wconf 91' lang='lat' dir='ltr'>sibi</span> <span class='ocrx_word' id='word_1_139' title='bbox 719 1890 783 1947; x_wconf 87' lang='lat' dir='ltr'>de</span> <span class='ocrx_word' id='word_1_140' title='bbox 810 1892 1029 1963; x_wconf 81' lang='lat' dir='ltr'>ﬁliabus</span> <span class='ocrx_word' id='word_1_141' title='bbox 1060 1895 1186 1950; x_wconf 84' lang='lat' dir='ltr'>Levi</span> <span class='ocrx_word' id='word_1_142' title='bbox 1213 1912 1231 1948; x_wconf 90' lang='lat'><em>:</em></span> <span class='ocrx_word' id='word_1_143' title='bbox 1263 1894 1611 1967; x_wconf 85' lang='lat' dir='ltr'>intelligitur</span> <span class='ocrx_word' id='word_1_144' title='bbox 1660 1910 1921 1960; x_wconf 84' lang='lat' dir='ltr'>uxorem,</span> <span class='ocrx_word' id='word_1_145' title='bbox 1951 1892 2102 1964; x_wconf 92' lang='lat' dir='ltr'>quod</span> 
     </span>
    </p>
   </div>
   <div class='ocr_carea' id='block_1_19' title="bbox 462 1978 2104 2056">
    <p class='ocr_par' dir='ltr' id='par_1_19' title="bbox 462 1978 2104 2056">
     <span class='ocr_line' id='line_1_19' title="bbox 462 1978 2104 2056; baseline 0.002 -22"><span class='ocrx_word' id='word_1_146' title='bbox 462 1978 698 2050; x_wconf 89' lang='lat' dir='ltr'>quidam</span> <span class='ocrx_word' id='word_1_147' title='bbox 733 1980 897 2037; x_wconf 90' lang='lat' dir='ltr'>latini</span> <span class='ocrx_word' id='word_1_148' title='bbox 920 1983 1266 2055; x_wconf 88' lang='lat' dir='ltr'>interpretes</span> <span class='ocrx_word' id='word_1_149' title='bbox 1290 1985 1466 2040; x_wconf 87' lang='lat' dir='ltr'>etiam</span> <span class='ocrx_word' id='word_1_150' title='bbox 1499 1986 1835 2041; x_wconf 88' lang='lat' dir='ltr'>addendum</span> <span class='ocrx_word' id='word_1_151' title='bbox 1867 1988 2104 2056; x_wconf 89' lang='lat' dir='ltr'>putave-</span> 
     </span>
    </p>
   </div>
   <div class='ocr_carea' id='block_1_20' title="bbox 463 2071 2101 2143">
    <p class='ocr_par' dir='ltr' id='par_1_20' title="bbox 463 2071 2101 2143">
     <span class='ocr_line' id='line_1_20' title="bbox 463 2071 2101 2143; baseline 0.001 -19"><span class='ocrx_word' id='word_1_152' title='bbox 463 2073 638 2137; x_wconf 88' lang='lat' dir='ltr'>runt;</span> <span class='ocrx_word' id='word_1_153' title='bbox 674 2071 962 2142; x_wconf 88' lang='lat' dir='ltr'>sequitur,</span> <span class='ocrx_word' id='word_1_154' title='bbox 1014 2077 1231 2141; x_wconf 88' lang='lat' dir='ltr'>autem,</span> <span class='ocrx_word' id='word_1_155' title='bbox 1263 2083 1314 2130; x_wconf 92' lang='lat' dir='ltr'>et</span> <span class='ocrx_word' id='word_1_156' title='bbox 1357 2075 1551 2130; x_wconf 84' lang='lat' dir='ltr'>habuit</span> <span class='ocrx_word' id='word_1_157' title='bbox 1581 2092 1725 2143; x_wconf 87' lang='lat' dir='ltr'>eam,</span> <span class='ocrx_word' id='word_1_158' title='bbox 1759 2078 1808 2130; x_wconf 91' lang='lat' dir='ltr'>et</span> <span class='ocrx_word' id='word_1_159' title='bbox 1836 2073 2101 2142; x_wconf 66' lang='lat' dir='ltr'>concepit.</span> 
     </span>
    </p>
   </div>
   <div class='ocr_carea' id='block_1_21' title="bbox 531 2157 2105 2233">
    <p class='ocr_par' dir='ltr' id='par_1_21' title="bbox 531 2157 2105 2233">
     <span class='ocr_line' id='line_1_21' title="bbox 531 2157 2105 2233; baseline 0.001 -20"><span class='ocrx_word' id='word_1_160' title='bbox 531 2157 638 2231; x_wconf 85' lang='lat' dir='ltr'>[1b.</span> <span class='ocrx_word' id='word_1_161' title='bbox 655 2160 734 2233; x_wconf 91' lang='lat'>3.]</span> <span class='ocrx_word' id='word_1_162' title='bbox 761 2161 907 2226; x_wconf 92' lang='lat' dir='ltr'>Quid</span> <span class='ocrx_word' id='word_1_163' title='bbox 932 2161 1008 2217; x_wconf 89' lang='lat' dir='ltr'>sit</span> <span class='ocrx_word' id='word_1_164' title='bbox 1025 2162 1370 2230; x_wconf 86' lang='lat' dir='ltr'>thibin,ideo</span> <span class='ocrx_word' id='word_1_165' title='bbox 1396 2163 1633 2220; x_wconf 80' lang='lat' dir='ltr'>difficile</span> <span class='ocrx_word' id='word_1_166' title='bbox 1653 2168 1744 2219; x_wconf 89' lang='lat' dir='ltr'>est</span> <span class='ocrx_word' id='word_1_167' title='bbox 1763 2159 2105 2232; x_wconf 87' lang='lat' dir='ltr'>nosse,quia</span> 
     </span>
    </p>
   </div>
   <div class='ocr_carea' id='block_1_22' title="bbox 457 2250 2101 2323">
    <p class='ocr_par' dir='ltr' id='par_1_22' title="bbox 457 2250 2101 2323">
     <span class='ocr_line' id='line_1_22' title="bbox 457 2250 2101 2323; baseline 0.002 -21"><span class='ocrx_word' id='word_1_168' title='bbox 457 2250 1101 2323; x_wconf 71' lang='lat' dir='ltr'>necgriecusinterpres</span> <span class='ocrx_word' id='word_1_169' title='bbox 1123 2269 1190 2308; x_wconf 84' lang='lat' dir='ltr'>ex</span> <span class='ocrx_word' id='word_1_170' title='bbox 1213 2253 1572 2322; x_wconf 73' lang='lat' dir='ltr'>hebrzso,nec</span> <span class='ocrx_word' id='word_1_171' title='bbox 1594 2253 1813 2309; x_wconf 89' lang='lat' dir='ltr'>latinus</span> <span class='ocrx_word' id='word_1_172' title='bbox 1828 2268 1894 2306; x_wconf 84' lang='lat' dir='ltr'>ex</span> <span class='ocrx_word' id='word_1_173' title='bbox 1915 2268 2101 2323; x_wconf 72' lang='lat' dir='ltr'>graeco</span> 
     </span>
    </p>
   </div>
   <div class='ocr_carea' id='block_1_23' title="bbox 455 2338 1983 2410">
    <p class='ocr_par' dir='ltr' id='par_1_23' title="bbox 455 2338 1983 2410">
     <span class='ocr_line' id='line_1_23' title="bbox 455 2338 1983 2410; baseline 0.003 -19"><span class='ocrx_word' id='word_1_174' title='bbox 455 2339 626 2392; x_wconf 88' lang='lat' dir='ltr'>vertit</span> <span class='ocrx_word' id='word_1_175' title='bbox 654 2338 765 2394; x_wconf 94' lang='lat' dir='ltr'>hoc</span> <span class='ocrx_word' id='word_1_176' title='bbox 794 2356 1030 2410; x_wconf 88' lang='lat' dir='ltr'>nomen,</span> <span class='ocrx_word' id='word_1_177' title='bbox 1062 2342 1164 2396; x_wconf 90' lang='lat' dir='ltr'>sed</span> <span class='ocrx_word' id='word_1_178' title='bbox 1197 2341 1280 2397; x_wconf 90' lang='lat' dir='ltr'>sic</span> <span class='ocrx_word' id='word_1_179' title='bbox 1311 2341 1617 2398; x_wconf 89' lang='lat' dir='ltr'>transtulit</span> <span class='ocrx_word' id='word_1_180' title='bbox 1651 2347 1715 2396; x_wconf 90' lang='lat' dir='ltr'>ut</span> <span class='ocrx_word' id='word_1_181' title='bbox 1742 2341 1983 2397; x_wconf 87' lang='lat' dir='ltr'>invenit.</span> 
     </span>
    </p>
   </div>
   <div class='ocr_carea' id='block_1_24' title="bbox 526 2427 2100 2502">
    <p class='ocr_par' dir='ltr' id='par_1_24' title="bbox 526 2427 2100 2502">
     <span class='ocr_line' id='line_1_24' title="bbox 526 2427 2100 2502; baseline 0.003 -22"><span class='ocrx_word' id='word_1_182' title='bbox 526 2427 631 2497; x_wconf 72' lang='lat' dir='ltr'>[1b.</span> <span class='ocrx_word' id='word_1_183' title='bbox 668 2427 774 2495; x_wconf 66' lang='lat'>111.]</span> <span class='ocrx_word' id='word_1_184' title='bbox 801 2431 1013 2484; x_wconf 79' lang='lat' dir='ltr'>Timuit</span> <span class='ocrx_word' id='word_1_185' title='bbox 1033 2438 1219 2484; x_wconf 89' lang='lat' dir='ltr'>autem</span> <span class='ocrx_word' id='word_1_186' title='bbox 1239 2431 1441 2502; x_wconf 81' lang='lat' dir='ltr'>Moyses</span> <span class='ocrx_word' id='word_1_187' title='bbox 1461 2439 1510 2486; x_wconf 89' lang='lat' dir='ltr'>et</span> <span class='ocrx_word' id='word_1_188' title='bbox 1538 2431 1705 2500; x_wconf 85' lang='lat' dir='ltr'>dixit,</span> <span class='ocrx_word' id='word_1_189' title='bbox 1727 2433 1796 2485; x_wconf 90' lang='lat' dir='ltr'>Si</span> <span class='ocrx_word' id='word_1_190' title='bbox 1825 2434 1902 2485; x_wconf 89' lang='lat' dir='ltr'>sic</span> <span class='ocrx_word' id='word_1_191' title='bbox 1922 2431 2100 2486; x_wconf 86' lang='lat' dir='ltr'>divul-</span> 
     </span>
    </p>
   </div>
   <div class='ocr_carea' id='block_1_25' title="bbox 449 2518 2105 2586">
    <p class='ocr_par' dir='ltr' id='par_1_25' title="bbox 449 2518 2105 2586">
     <span class='ocr_line' id='line_1_25' title="bbox 449 2518 2105 2586; baseline 0.004 -16"><span class='ocrx_word' id='word_1_192' title='bbox 449 2519 639 2586; x_wconf 83' lang='lat' dir='ltr'>gatum</span> <span class='ocrx_word' id='word_1_193' title='bbox 667 2525 747 2572; x_wconf 87' lang='lat' dir='ltr'>est</span> <span class='ocrx_word' id='word_1_194' title='bbox 777 2518 1142 2574; x_wconf 86' lang='lat' dir='ltr'>verbumhoc.</span> <span class='ocrx_word' id='word_1_195' title='bbox 1171 2524 1290 2575; x_wconf 92' lang='lat' dir='ltr'>Duo</span> <span class='ocrx_word' id='word_1_196' title='bbox 1320 2525 1459 2574; x_wconf 89' lang='lat' dir='ltr'>sunt</span> <span class='ocrx_word' id='word_1_197' title='bbox 1489 2521 1548 2576; x_wconf 91' lang='lat' dir='ltr'>in</span> <span class='ocrx_word' id='word_1_198' title='bbox 1576 2520 1682 2576; x_wconf 89' lang='lat' dir='ltr'>hac</span> <span class='ocrx_word' id='word_1_199' title='bbox 1711 2520 2003 2576; x_wconf 88' lang='lat' dir='ltr'>locutione</span> <span class='ocrx_word' id='word_1_200' title='bbox 2025 2526 2105 2576; x_wconf 81' lang='lat' dir='ltr'>at-</span> 
     </span>
    </p>
   </div>
   <div class='ocr_carea' id='block_1_26' title="bbox 449 2605 2102 2681">
    <p class='ocr_par' dir='ltr' id='par_1_26' title="bbox 449 2605 2102 2681">
     <span class='ocr_line' id='line_1_26' title="bbox 449 2605 2102 2681; baseline 0.002 -21"><span class='ocrx_word' id='word_1_201' title='bbox 449 2605 745 2681; x_wconf 86' lang='lat' dir='ltr'>tendenda</span> <span class='ocrx_word' id='word_1_202' title='bbox 779 2625 792 2662; x_wconf 89' lang='lat'>:</span> <span class='ocrx_word' id='word_1_203' title='bbox 826 2608 1036 2679; x_wconf 90' lang='lat' dir='ltr'>primo,</span> <span class='ocrx_word' id='word_1_204' title='bbox 1066 2609 1202 2680; x_wconf 90' lang='lat' dir='ltr'>quia</span> <span class='ocrx_word' id='word_1_205' title='bbox 1235 2611 1447 2681; x_wconf 88' lang='lat' dir='ltr'>pendet</span> <span class='ocrx_word' id='word_1_206' title='bbox 1477 2610 1791 2673; x_wconf 88' lang='lat' dir='ltr'>sententia,</span> <span class='ocrx_word' id='word_1_207' title='bbox 1826 2615 1881 2664; x_wconf 90' lang='lat' dir='ltr'>et</span> <span class='ocrx_word' id='word_1_208' title='bbox 1911 2611 1994 2665; x_wconf 90' lang='lat' dir='ltr'>sic</span> <span class='ocrx_word' id='word_1_209' title='bbox 2017 2610 2102 2664; x_wconf 88' lang='lat' dir='ltr'>di-</span> 
     </span>
    </p>
   </div>
   <div class='ocr_carea' id='block_1_27' title="bbox 445 2679 2100 2770">
    <p class='ocr_par' dir='ltr' id='par_1_27' title="bbox 445 2679 2100 2770">
     <span class='ocr_line' id='line_1_27' title="bbox 445 2679 2100 2770; baseline 0.002 -21"><span class='ocrx_word' id='word_1_210' title='bbox 445 2679 639 2750; x_wconf 62' lang='lat' dir='ltr'>}nissa</span> <span class='ocrx_word' id='word_1_211' title='bbox 666 2699 794 2766; x_wconf 82' lang='lat' dir='ltr'>est;</span> <span class='ocrx_word' id='word_1_212' title='bbox 848 2679 1094 2764; x_wconf 84' lang='lat' dir='ltr'>deinde,</span> <span class='ocrx_word' id='word_1_213' title='bbox 1116 2679 1254 2770; x_wconf 75' lang='lat' dir='ltr'>quia</span> <span class='ocrx_word' id='word_1_214' title='bbox 1300 2699 1540 2754; x_wconf 89' lang='lat' dir='ltr'>verbum</span> <span class='ocrx_word' id='word_1_215' title='bbox 1575 2716 1675 2770; x_wconf 90' lang='lat' dir='ltr'>pro</span> <span class='ocrx_word' id='word_1_216' title='bbox 1709 2700 1855 2754; x_wconf 86' lang='lat' dir='ltr'>facto</span> <span class='ocrx_word' id='word_1_217' title='bbox 1888 2700 2100 2770; x_wconf 90' lang='lat' dir='ltr'>posuit.</span> 
     </span>
    </p>
   </div>
   <div class='ocr_carea' id='block_1_28' title="bbox 524 2783 2101 2858">
    <p class='ocr_par' dir='ltr' id='par_1_28' title="bbox 524 2783 2101 2858">
     <span class='ocr_line' id='line_1_28' title="bbox 524 2783 2101 2858; baseline 0.003 -20"><span class='ocrx_word' id='word_1_218' title='bbox 524 2783 632 2855; x_wconf 91' lang='lat' dir='ltr'>[1b.</span> <span class='ocrx_word' id='word_1_219' title='bbox 664 2786 779 2857; x_wconf 87' lang='lat'>25.]</span> <span class='ocrx_word' id='word_1_220' title='bbox 809 2787 871 2842; x_wconf 86' lang='lat' dir='ltr'>Et</span> <span class='ocrx_word' id='word_1_221' title='bbox 897 2789 1142 2858; x_wconf 76' lang='lat' dir='ltr'>respexit</span> <span class='ocrx_word' id='word_1_222' title='bbox 1183 2788 1330 2857; x_wconf 81' lang='lat' dir='ltr'>ﬁlios</span> <span class='ocrx_word' id='word_1_223' title='bbox 1365 2789 1555 2856; x_wconf 85' lang='lat' dir='ltr'>Israel,</span> <span class='ocrx_word' id='word_1_224' title='bbox 1588 2791 1637 2843; x_wconf 87' lang='lat' dir='ltr'>et</span> <span class='ocrx_word' id='word_1_225' title='bbox 1666 2790 1909 2843; x_wconf 83' lang='lat' dir='ltr'>innotuit</span> <span class='ocrx_word' id='word_1_226' title='bbox 1940 2789 2055 2843; x_wconf 89' lang='lat' dir='ltr'>illis</span> <span class='ocrx_word' id='word_1_227' title='bbox 2084 2807 2101 2842; x_wconf 89' lang='lat'><em>:</em></span> 
     </span>
    </p>
   </div>
   <div class='ocr_carea' id='block_1_29' title="bbox 457 2875 2101 2950">
    <p class='ocr_par' dir='ltr' id='par_1_29' title="bbox 457 2875 2101 2950">
     <span class='ocr_line' id='line_1_29' title="bbox 457 2875 2101 2950; baseline 0.002 -21"><span class='ocrx_word' id='word_1_228' title='bbox 457 2889 562 2946; x_wconf 91' lang='lat' dir='ltr'>pro</span> <span class='ocrx_word' id='word_1_229' title='bbox 595 2890 660 2930; x_wconf 92' lang='lat' dir='ltr'>eo</span> <span class='ocrx_word' id='word_1_230' title='bbox 692 2875 943 2948; x_wconf 88' lang='lat' dir='ltr'>positum</span> <span class='ocrx_word' id='word_1_231' title='bbox 987 2881 1076 2931; x_wconf 91' lang='lat' dir='ltr'>est</span> <span class='ocrx_word' id='word_1_232' title='bbox 1121 2877 1381 2947; x_wconf 74' lang='lat' dir='ltr'>innotuit,</span> <span class='ocrx_word' id='word_1_233' title='bbox 1416 2879 1569 2949; x_wconf 90' lang='lat' dir='ltr'>quod</span> <span class='ocrx_word' id='word_1_234' title='bbox 1598 2878 1715 2950; x_wconf 87' lang='lat' dir='ltr'>egit</span> <span class='ocrx_word' id='word_1_235' title='bbox 1746 2878 1804 2932; x_wconf 88' lang='lat' dir='ltr'>in</span> <span class='ocrx_word' id='word_1_236' title='bbox 1837 2879 1943 2944; x_wconf 85' lang='lat' dir='ltr'>eis,</span> <span class='ocrx_word' id='word_1_237' title='bbox 1977 2878 2101 2950; x_wconf 90' lang='lat' dir='ltr'>qui-</span> 
     </span>
    </p>
   </div>
   <div class='ocr_carea' id='block_1_30' title="bbox 457 2963 1638 3039">
    <p class='ocr_par' dir='ltr' id='par_1_30' title="bbox 457 2963 1638 3039">
     <span class='ocr_line' id='line_1_30' title="bbox 457 2963 1638 3039; baseline 0.002 -19"><span class='ocrx_word' id='word_1_238' title='bbox 457 2963 571 3020; x_wconf 85' lang='lat' dir='ltr'>bus</span> <span class='ocrx_word' id='word_1_239' title='bbox 612 2964 709 3020; x_wconf 89' lang='lat' dir='ltr'>Dei</span> <span class='ocrx_word' id='word_1_240' title='bbox 739 2982 940 3021; x_wconf 91' lang='lat' dir='ltr'>curam</span> <span class='ocrx_word' id='word_1_241' title='bbox 972 2982 1106 3037; x_wconf 84' lang='lat' dir='ltr'>erga</span> <span class='ocrx_word' id='word_1_242' title='bbox 1135 2984 1197 3022; x_wconf 88' lang='lat' dir='ltr'>se</span> <span class='ocrx_word' id='word_1_243' title='bbox 1228 2966 1638 3039; x_wconf 83' lang='lat' dir='ltr'>intelligerent.</span> 
     </span>
    </p>
   </div>
   <div class='ocr_carea' id='block_1_31' title="bbox 523 3053 2106 3129">
    <p class='ocr_par' dir='ltr' id='par_1_31' title="bbox 523 3053 2106 3129">
     <span class='ocr_line' id='line_1_31' title="bbox 523 3053 2106 3129; baseline 0.001 -19"><span class='ocrx_word' id='word_1_244' title='bbox 523 3055 542 3124; x_wconf 69' lang='lat' dir='ltr'>l</span> <span class='ocrx_word' id='word_1_245' title='bbox 550 3053 632 3110; x_wconf 91' lang='lat' dir='ltr'>Ib.</span> <span class='ocrx_word' id='word_1_246' title='bbox 665 3072 750 3121; x_wconf 81' lang='grc' dir='ltr'><strong>ιιι,</strong></span> <span class='ocrx_word' id='word_1_247' title='bbox 782 3057 862 3127; x_wconf 87' lang='grc'>7.]</span> <span class='ocrx_word' id='word_1_248' title='bbox 901 3057 1101 3112; x_wconf 85' lang='lat' dir='ltr'>Videns</span> <span class='ocrx_word' id='word_1_249' title='bbox 1127 3057 1246 3112; x_wconf 87' lang='lat' dir='ltr'>vidi</span> <span class='ocrx_word' id='word_1_250' title='bbox 1272 3058 1616 3112; x_wconf 70' lang='lat' dir='ltr'>vexationem</span> <span class='ocrx_word' id='word_1_251' title='bbox 1644 3058 1834 3129; x_wconf 87' lang='lat' dir='ltr'>populi</span> <span class='ocrx_word' id='word_1_252' title='bbox 1863 3061 1988 3124; x_wconf 88' lang='lat' dir='ltr'>mei,</span> <span class='ocrx_word' id='word_1_253' title='bbox 2010 3059 2106 3128; x_wconf 87' lang='lat' dir='ltr'>qui</span> 
     </span>
    </p>
   </div>
   <div class='ocr_carea' id='block_1_32' title="bbox 449 3143 893 3215">
    <p class='ocr_par' dir='ltr' id='par_1_32' title="bbox 449 3143 893 3215">
     <span class='ocr_line' id='line_1_32' title="bbox 449 3143 893 3215; baseline 0.007 -18"><span class='ocrx_word' id='word_1_254' title='bbox 449 3148 529 3198; x_wconf 87' lang='lat' dir='ltr'>est</span> <span class='ocrx_word' id='word_1_255' title='bbox 557 3143 617 3197; x_wconf 89' lang='lat' dir='ltr'>in</span> <span class='ocrx_word' id='word_1_256' title='bbox 644 3144 893 3215; x_wconf 62' lang='lat' dir='ltr'>Egypto.</span> 
     </span>
    </p>
   </div>
   <div class='ocr_carea' id='block_1_33' title="bbox 522 3231 2100 3306">
    <p class='ocr_par' dir='ltr' id='par_1_33' title="bbox 522 3231 2100 3306">
     <span class='ocr_line' id='line_1_33' title="bbox 522 3231 2100 3306; baseline 0.003 -20"><span class='ocrx_word' id='word_1_257' title='bbox 522 3231 628 3302; x_wconf 87' lang='lat' dir='ltr'>[1b.</span> <span class='ocrx_word' id='word_1_258' title='bbox 664 3233 750 3298; x_wconf 91' lang='lat'>11,</span> <span class='ocrx_word' id='word_1_259' title='bbox 786 3233 897 3303; x_wconf 83' lang='lat'>12.]</span> <span class='ocrx_word' id='word_1_260' title='bbox 941 3239 1012 3290; x_wconf 86' lang='lat' dir='ltr'>Et</span> <span class='ocrx_word' id='word_1_261' title='bbox 1042 3234 1190 3289; x_wconf 80' lang='lat' dir='ltr'>dixit</span> <span class='ocrx_word' id='word_1_262' title='bbox 1236 3235 1440 3306; x_wconf 82' lang='lat' dir='ltr'>Moyses</span> <span class='ocrx_word' id='word_1_263' title='bbox 1470 3236 1540 3291; x_wconf 91' lang='lat' dir='ltr'>ad</span> <span class='ocrx_word' id='word_1_264' title='bbox 1575 3237 1764 3306; x_wconf 85' lang='lat' dir='ltr'>Deum,</span> <span class='ocrx_word' id='word_1_265' title='bbox 1793 3237 1931 3306; x_wconf 87' lang='lat' dir='ltr'>Quis</span> <span class='ocrx_word' id='word_1_266' title='bbox 1958 3253 2100 3302; x_wconf 90' lang='lat' dir='ltr'>sum,</span> 
     </span>
    </p>
   </div>
   <div class='ocr_carea' id='block_1_34' title="bbox 449 3324 2103 3399">
    <p class='ocr_par' dir='ltr' id='par_1_34' title="bbox 449 3324 2103 3399">
     <span class='ocr_line' id='line_1_34' title="bbox 449 3324 2103 3399; baseline 0.002 -20"><span class='ocrx_word' id='word_1_267' title='bbox 449 3325 582 3396; x_wconf 87' lang='lat' dir='ltr'>quia</span> <span class='ocrx_word' id='word_1_268' title='bbox 604 3324 690 3380; x_wconf 92' lang='lat' dir='ltr'>ibo</span> <span class='ocrx_word' id='word_1_269' title='bbox 710 3325 780 3380; x_wconf 87' lang='lat' dir='ltr'>ad</span> <span class='ocrx_word' id='word_1_270' title='bbox 805 3327 1146 3382; x_wconf 85' lang='lat' dir='ltr'>Pharaonem</span> <span class='ocrx_word' id='word_1_271' title='bbox 1173 3343 1354 3397; x_wconf 85' lang='lat' dir='ltr'>regem</span> <span class='ocrx_word' id='word_1_272' title='bbox 1379 3327 1617 3399; x_wconf 51' lang='lat' dir='ltr'>[Egi/pii,</span> <span class='ocrx_word' id='word_1_273' title='bbox 1651 3335 1700 3382; x_wconf 92' lang='lat' dir='ltr'>et</span> <span class='ocrx_word' id='word_1_274' title='bbox 1719 3329 1850 3398; x_wconf 85' lang='lat' dir='ltr'>quia</span> <span class='ocrx_word' id='word_1_275' title='bbox 1876 3327 2103 3382; x_wconf 85' lang='lat' dir='ltr'>educam</span> 
     </span>
    </p>
   </div>
   <div class='ocr_carea' id='block_1_35' title="bbox 451 3412 2102 3488">
    <p class='ocr_par' dir='ltr' id='par_1_35' title="bbox 451 3412 2102 3488">
     <span class='ocr_line' id='line_1_35' title="bbox 451 3412 2102 3488; baseline 0.002 -20"><span class='ocrx_word' id='word_1_276' title='bbox 451 3412 597 3483; x_wconf 82' lang='lat' dir='ltr'>ﬁlios</span> <span class='ocrx_word' id='word_1_277' title='bbox 614 3415 785 3470; x_wconf 88' lang='lat' dir='ltr'>Israel</span> <span class='ocrx_word' id='word_1_278' title='bbox 800 3414 864 3470; x_wconf 90' lang='lat' dir='ltr'>de</span> <span class='ocrx_word' id='word_1_279' title='bbox 877 3419 1028 3470; x_wconf 87' lang='lat' dir='ltr'>terra</span> <span class='ocrx_word' id='word_1_280' title='bbox 1043 3418 1268 3488; x_wconf 61' lang='lat' dir='ltr'>ngypti</span> <span class='ocrx_word' id='word_1_281' title='bbox 1279 3420 1303 3469; x_wconf 73' lang='lat'>.9</span> <span class='ocrx_word' id='word_1_282' title='bbox 1318 3418 1475 3471; x_wconf 87' lang='lat' dir='ltr'>Dixit</span> <span class='ocrx_word' id='word_1_283' title='bbox 1499 3424 1706 3484; x_wconf 87' lang='lat' dir='ltr'>autem,</span> <span class='ocrx_word' id='word_1_284' title='bbox 1721 3417 1996 3484; x_wconf 82' lang='lat' dir='ltr'>Quoniam</span> <span class='ocrx_word' id='word_1_285' title='bbox 2012 3433 2102 3472; x_wconf 90' lang='lat' dir='ltr'>ero</span> 
     </span>
    </p>
   </div>
   <div class='ocr_carea' id='block_1_36' title="bbox 449 3503 2101 3577">
    <p class='ocr_par' dir='ltr' id='par_1_36' title="bbox 449 3503 2101 3577">
     <span class='ocr_line' id='line_1_36' title="bbox 449 3503 2101 3577; baseline 0.003 -20"><span class='ocrx_word' id='word_1_286' title='bbox 449 3511 661 3558; x_wconf 89' lang='lat' dir='ltr'>tecum:</span> <span class='ocrx_word' id='word_1_287' title='bbox 687 3503 770 3558; x_wconf 89' lang='lat' dir='ltr'>sic</span> <span class='ocrx_word' id='word_1_288' title='bbox 786 3503 959 3559; x_wconf 84' lang='lat' dir='ltr'>habet</span> <span class='ocrx_word' id='word_1_289' title='bbox 977 3521 1200 3577; x_wconf 71' lang='lat' dir='ltr'>graecus</span> <span class='ocrx_word' id='word_1_290' title='bbox 1224 3522 1238 3572; x_wconf 89' lang='lat'><strong>;</strong></span> <span class='ocrx_word' id='word_1_291' title='bbox 1273 3504 1491 3560; x_wconf 87' lang='lat' dir='ltr'>latinus</span> <span class='ocrx_word' id='word_1_292' title='bbox 1509 3511 1728 3573; x_wconf 88' lang='lat' dir='ltr'>autem,</span> <span class='ocrx_word' id='word_1_293' title='bbox 1754 3507 1816 3560; x_wconf 83' lang='lat' dir='ltr'>Et</span> <span class='ocrx_word' id='word_1_294' title='bbox 1839 3508 1960 3576; x_wconf 84' lang='lat' dir='ltr'>quis</span> <span class='ocrx_word' id='word_1_295' title='bbox 1985 3523 2101 3576; x_wconf 85' lang='lat' dir='ltr'>ego,</span> 
     </span>
    </p>
   </div>
   <div class='ocr_carea' id='block_1_37' title="bbox 451 3591 2103 3666">
    <p class='ocr_par' dir='ltr' id='par_1_37' title="bbox 451 3591 2103 3666">
     <span class='ocr_line' id='line_1_37' title="bbox 451 3591 2103 3666; baseline 0.003 -20"><span class='ocrx_word' id='word_1_296' title='bbox 451 3591 634 3648; x_wconf 84' lang='lat' dir='ltr'>dixit:</span> <span class='ocrx_word' id='word_1_297' title='bbox 662 3596 719 3648; x_wconf 91' lang='lat' dir='ltr'>et</span> <span class='ocrx_word' id='word_1_298' title='bbox 750 3609 864 3648; x_wconf 90' lang='lat' dir='ltr'>non</span> <span class='ocrx_word' id='word_1_299' title='bbox 895 3593 1059 3661; x_wconf 84' lang='lat' dir='ltr'>dixit,</span> <span class='ocrx_word' id='word_1_300' title='bbox 1080 3596 1217 3665; x_wconf 87' lang='lat' dir='ltr'>quia</span> <span class='ocrx_word' id='word_1_301' title='bbox 1246 3595 1358 3660; x_wconf 89' lang='lat' dir='ltr'>ibo,</span> <span class='ocrx_word' id='word_1_302' title='bbox 1379 3603 1428 3650; x_wconf 89' lang='lat' dir='ltr'>et</span> <span class='ocrx_word' id='word_1_303' title='bbox 1459 3597 1587 3666; x_wconf 90' lang='lat' dir='ltr'>quia</span> <span class='ocrx_word' id='word_1_304' title='bbox 1616 3595 1876 3656; x_wconf 85' lang='lat' dir='ltr'>educam;</span> <span class='ocrx_word' id='word_1_305' title='bbox 1902 3596 2023 3665; x_wconf 89' lang='lat' dir='ltr'>sed,</span> <span class='ocrx_word' id='word_1_306' title='bbox 2044 3604 2103 3651; x_wconf 85' lang='lat' dir='ltr'>ut</span> 
     </span>
    </p>
   </div>
   <div class='ocr_carea' id='block_1_38' title="bbox 449 3681 2100 3756">
    <p class='ocr_par' dir='ltr' id='par_1_38' title="bbox 449 3681 2100 3756">
     <span class='ocr_line' id='line_1_38' title="bbox 449 3681 2100 3756; baseline 0.001 -18"><span class='ocrx_word' id='word_1_307' title='bbox 449 3690 662 3750; x_wconf 89' lang='lat' dir='ltr'>eam,et</span> <span class='ocrx_word' id='word_1_308' title='bbox 693 3681 938 3738; x_wconf 82' lang='lat' dir='ltr'>educam.</span> <span class='ocrx_word' id='word_1_309' title='bbox 960 3687 1028 3739; x_wconf 88' lang='lat' dir='ltr'>Et</span> <span class='ocrx_word' id='word_1_310' title='bbox 1046 3685 1201 3756; x_wconf 91' lang='lat' dir='ltr'>quod</span> <span class='ocrx_word' id='word_1_311' title='bbox 1236 3684 1292 3738; x_wconf 90' lang='lat' dir='ltr'>in</span> <span class='ocrx_word' id='word_1_312' title='bbox 1315 3701 1502 3756; x_wconf 65' lang='lat' dir='ltr'>graeco</span> <span class='ocrx_word' id='word_1_313' title='bbox 1524 3684 1883 3750; x_wconf 73' lang='lat' dir='ltr'>habet,Dixit</span> <span class='ocrx_word' id='word_1_314' title='bbox 1901 3689 2100 3754; x_wconf 66' lang='lat' dir='ltr'>mrtem,</span> 
     </span>
    </p>
   </div>
   <div class='ocr_carea' id='block_1_39' title="bbox 450 3773 2099 3847">
    <p class='ocr_par' dir='ltr' id='par_1_39' title="bbox 450 3773 2099 3847">
     <span class='ocr_line' id='line_1_39' title="bbox 450 3773 2099 3847; baseline 0.001 -20"><span class='ocrx_word' id='word_1_315' title='bbox 450 3775 590 3844; x_wconf 78' lang='lat' dir='ltr'>quia</span> <span class='ocrx_word' id='word_1_316' title='bbox 622 3787 716 3829; x_wconf 90' lang='lat' dir='ltr'>ero</span> <span class='ocrx_word' id='word_1_317' title='bbox 759 3775 956 3843; x_wconf 82' lang='lat' dir='ltr'>tecum,</span> <span class='ocrx_word' id='word_1_318' title='bbox 992 3773 1341 3847; x_wconf 84' lang='lat' dir='ltr'>intelligitur</span> <span class='ocrx_word' id='word_1_319' title='bbox 1375 3774 1572 3846; x_wconf 88' lang='lat' dir='ltr'>utique</span> <span class='ocrx_word' id='word_1_320' title='bbox 1605 3775 1759 3845; x_wconf 90' lang='lat' dir='ltr'>quod</span> <span class='ocrx_word' id='word_1_321' title='bbox 1791 3775 1999 3829; x_wconf 87' lang='lat' dir='ltr'>dixerit</span> <span class='ocrx_word' id='word_1_322' title='bbox 2030 3775 2099 3829; x_wconf 88' lang='lat' dir='ltr'>ad</span> 
     </span>
    </p>
   </div>
   <div class='ocr_carea' id='block_1_40' title="bbox 451 3861 2100 3934">
    <p class='ocr_par' dir='ltr' id='par_1_40' title="bbox 451 3861 2100 3934">
     <span class='ocr_line' id='line_1_40' title="bbox 451 3861 2100 3934; baseline 0 -17"><span class='ocrx_word' id='word_1_323' title='bbox 451 3861 687 3934; x_wconf 81' lang='lat' dir='ltr'>Moysen</span> <span class='ocrx_word' id='word_1_324' title='bbox 724 3879 736 3917; x_wconf 92' lang='lat'>:</span> <span class='ocrx_word' id='word_1_325' title='bbox 775 3867 963 3917; x_wconf 88' lang='lat' dir='ltr'>totum</span> <span class='ocrx_word' id='word_1_326' title='bbox 1011 3868 1207 3918; x_wconf 87' lang='lat' dir='ltr'>autem</span> <span class='ocrx_word' id='word_1_327' title='bbox 1251 3863 1359 3919; x_wconf 91' lang='lat' dir='ltr'>hoc</span> <span class='ocrx_word' id='word_1_328' title='bbox 1389 3863 1608 3919; x_wconf 87' lang='lat' dir='ltr'>latinus</span> <span class='ocrx_word' id='word_1_329' title='bbox 1637 3863 1881 3932; x_wconf 88' lang='lat' dir='ltr'>addidit,</span> <span class='ocrx_word' id='word_1_330' title='bbox 1915 3869 1971 3919; x_wconf 88' lang='lat' dir='ltr'>et</span> <span class='ocrx_word' id='word_1_331' title='bbox 2000 3865 2100 3929; x_wconf 89' lang='lat' dir='ltr'>ait,</span> 
     </span>
    </p>
   </div>
   <div class='ocr_carea' id='block_1_41' title="bbox 452 3951 1348 4024">
    <p class='ocr_par' dir='ltr' id='par_1_41' title="bbox 452 3951 1348 4024">
     <span class='ocr_line' id='line_1_41' title="bbox 452 3951 1348 4024; baseline 0.003 -19"><span class='ocrx_word' id='word_1_332' title='bbox 452 3951 606 4006; x_wconf 85' lang='lat' dir='ltr'>Dixit</span> <span class='ocrx_word' id='word_1_333' title='bbox 630 3954 812 4007; x_wconf 86' lang='lat' dir='ltr'>autem</span> <span class='ocrx_word' id='word_1_334' title='bbox 843 3953 984 4006; x_wconf 89' lang='lat' dir='ltr'>Deus</span> <span class='ocrx_word' id='word_1_335' title='bbox 1016 3952 1086 4006; x_wconf 92' lang='lat' dir='ltr'>ad</span> <span class='ocrx_word' id='word_1_336' title='bbox 1118 3953 1348 4024; x_wconf 81' lang='lat' dir='ltr'>Moysen.</span> 
     </span>
    </p>
   </div>
   <div class='ocr_carea' id='block_1_42' title="bbox 523 4040 2102 4115">
    <p class='ocr_par' dir='ltr' id='par_1_42' title="bbox 523 4040 2102 4115">
     <span class='ocr_line' id='line_1_42' title="bbox 523 4040 2102 4115; baseline 0 -20"><span class='ocrx_word' id='word_1_337' title='bbox 523 4040 631 4110; x_wconf 88' lang='lat' dir='ltr'>[1b.</span> <span class='ocrx_word' id='word_1_338' title='bbox 666 4041 778 4112; x_wconf 89' lang='lat'>16.]</span> <span class='ocrx_word' id='word_1_339' title='bbox 804 4047 956 4096; x_wconf 89' lang='lat' dir='ltr'>Deus</span> <span class='ocrx_word' id='word_1_340' title='bbox 981 4041 1121 4097; x_wconf 92' lang='lat' dir='ltr'>dicit</span> <span class='ocrx_word' id='word_1_341' title='bbox 1153 4044 1304 4114; x_wconf 89' lang='lat' dir='ltr'>quod</span> <span class='ocrx_word' id='word_1_342' title='bbox 1327 4043 1714 4115; x_wconf 82' lang='lat' dir='ltr'>dicatMoyses</span> <span class='ocrx_word' id='word_1_343' title='bbox 1746 4041 1882 4098; x_wconf 84' lang='lat' dir='ltr'>ﬁliis</span> <span class='ocrx_word' id='word_1_344' title='bbox 1904 4041 2102 4109; x_wconf 86' lang='lat' dir='ltr'>lsrael,</span> 
     </span>
    </p>
   </div>
   <div class='ocr_carea' id='block_1_43' title="bbox 457 4130 2102 4203">
    <p class='ocr_par' dir='ltr' id='par_1_43' title="bbox 457 4130 2102 4203">
     <span class='ocr_line' id='line_1_43' title="bbox 457 4130 2102 4203; baseline 0 -17"><span class='ocrx_word' id='word_1_345' title='bbox 457 4130 696 4186; x_wconf 84' lang='lat' dir='ltr'>Visitans</span> <span class='ocrx_word' id='word_1_346' title='bbox 726 4131 950 4185; x_wconf 87' lang='lat' dir='ltr'>visitavi</span> <span class='ocrx_word' id='word_1_347' title='bbox 978 4147 1087 4196; x_wconf 85' lang='lat' dir='ltr'>vos,</span> <span class='ocrx_word' id='word_1_348' title='bbox 1112 4137 1162 4187; x_wconf 89' lang='lat' dir='ltr'>et</span> <span class='ocrx_word' id='word_1_349' title='bbox 1193 4147 1552 4202; x_wconf 66' lang='lat' dir='ltr'>quaecumque</span> <span class='ocrx_word' id='word_1_350' title='bbox 1578 4133 1923 4203; x_wconf 88' lang='lat' dir='ltr'>contigerunt</span> <span class='ocrx_word' id='word_1_351' title='bbox 1952 4132 2102 4186; x_wconf 90' lang='lat' dir='ltr'>vobis</span> 
     </span>
    </p>
   </div>
   <div class='ocr_carea' id='block_1_44' title="bbox 449 4221 2100 4293">
    <p class='ocr_par' dir='ltr' id='par_1_44' title="bbox 449 4221 2100 4293">
     <span class='ocr_line' id='line_1_44' title="bbox 449 4221 2100 4293; baseline 0.002 -19"><span class='ocrx_word' id='word_1_352' title='bbox 449 4221 511 4274; x_wconf 92' lang='lat' dir='ltr'>in</span> <span class='ocrx_word' id='word_1_353' title='bbox 543 4221 774 4293; x_wconf 57' lang='lat' dir='ltr'>Egypto</span> <span class='ocrx_word' id='word_1_354' title='bbox 806 4237 824 4274; x_wconf 88' lang='lat'><em>:</em></span> <span class='ocrx_word' id='word_1_355' title='bbox 857 4237 1080 4291; x_wconf 68' lang='lat' dir='ltr'>graecus</span> <span class='ocrx_word' id='word_1_356' title='bbox 1131 4221 1324 4291; x_wconf 85' lang='lat' dir='ltr'>habet,</span> <span class='ocrx_word' id='word_1_357' title='bbox 1364 4222 1694 4278; x_wconf 83' lang='lat' dir='ltr'>Visitatione</span> <span class='ocrx_word' id='word_1_358' title='bbox 1739 4223 1961 4276; x_wconf 84' lang='lat' dir='ltr'>visitavi</span> <span class='ocrx_word' id='word_1_359' title='bbox 1993 4237 2100 4277; x_wconf 89' lang='lat' dir='ltr'>vos.</span> 
     </span>
    </p>
   </div>
   <div class='ocr_carea' id='block_1_45' title="bbox 519 4310 2103 4382">
    <p class='ocr_par' dir='ltr' id='par_1_45' title="bbox 519 4310 2103 4382">
     <span class='ocr_line' id='line_1_45' title="bbox 519 4310 2103 4382; baseline 0.001 -18"><span class='ocrx_word' id='word_1_360' title='bbox 519 4310 629 4382; x_wconf 90' lang='lat' dir='ltr'>[1b.</span> <span class='ocrx_word' id='word_1_361' title='bbox 669 4311 780 4381; x_wconf 90' lang='lat'>18.]</span> <span class='ocrx_word' id='word_1_362' title='bbox 815 4314 964 4366; x_wconf 90' lang='lat' dir='ltr'>Deus</span> <span class='ocrx_word' id='word_1_363' title='bbox 998 4311 1138 4366; x_wconf 89' lang='lat' dir='ltr'>dicit</span> <span class='ocrx_word' id='word_1_364' title='bbox 1171 4311 1239 4366; x_wconf 87' lang='lat' dir='ltr'>ad</span> <span class='ocrx_word' id='word_1_365' title='bbox 1275 4311 1508 4382; x_wconf 81' lang='lat' dir='ltr'>Moysen</span> <span class='ocrx_word' id='word_1_366' title='bbox 1545 4311 1612 4366; x_wconf 91' lang='lat' dir='ltr'>de</span> <span class='ocrx_word' id='word_1_367' title='bbox 1647 4310 1780 4365; x_wconf 80' lang='lat' dir='ltr'>ﬁliis</span> <span class='ocrx_word' id='word_1_368' title='bbox 1808 4310 2001 4378; x_wconf 87' lang='lat' dir='ltr'>lsrael,</span> <span class='ocrx_word' id='word_1_369' title='bbox 2043 4313 2103 4365; x_wconf 89' lang='lat' dir='ltr'>Et</span> 
     </span>
    </p>
   </div>
   <div class='ocr_carea' id='block_1_46' title="bbox 450 4398 2105 4473">
    <p class='ocr_par' dir='ltr' id='par_1_46' title="bbox 450 4398 2105 4473">
     <span class='ocr_line' id='line_1_46' title="bbox 450 4398 2105 4473; baseline 0.001 -19"><span class='ocrx_word' id='word_1_370' title='bbox 450 4398 682 4454; x_wconf 88' lang='lat' dir='ltr'>audient</span> <span class='ocrx_word' id='word_1_371' title='bbox 711 4415 893 4455; x_wconf 90' lang='lat' dir='ltr'>vocem</span> <span class='ocrx_word' id='word_1_372' title='bbox 947 4409 1141 4456; x_wconf 86' lang='lat' dir='ltr'>tuam:</span> <span class='ocrx_word' id='word_1_373' title='bbox 1174 4417 1398 4473; x_wconf 77' lang='lat' dir='ltr'>graecus</span> <span class='ocrx_word' id='word_1_374' title='bbox 1448 4400 1643 4465; x_wconf 90' lang='lat' dir='ltr'>habet,</span> <span class='ocrx_word' id='word_1_375' title='bbox 1694 4402 1757 4454; x_wconf 86' lang='lat' dir='ltr'>Et</span> <span class='ocrx_word' id='word_1_376' title='bbox 1805 4400 2105 4457; x_wconf 84' lang='lat' dir='ltr'>exaudient</span> 
     </span>
    </p>
   </div>
   <div class='ocr_carea' id='block_1_47' title="bbox 449 4488 1968 4561">
    <p class='ocr_par' dir='ltr' id='par_1_47' title="bbox 449 4488 1968 4561">
     <span class='ocr_line' id='line_1_47' title="bbox 449 4488 1968 4561; baseline -0.002 -17"><span class='ocrx_word' id='word_1_377' title='bbox 449 4503 631 4546; x_wconf 88' lang='lat' dir='ltr'>vocem</span> <span class='ocrx_word' id='word_1_378' title='bbox 660 4497 833 4559; x_wconf 85' lang='lat' dir='ltr'>tuam,</span> <span class='ocrx_word' id='word_1_379' title='bbox 870 4489 1010 4561; x_wconf 86' lang='lat' dir='ltr'>quia</span> <span class='ocrx_word' id='word_1_380' title='bbox 1039 4494 1095 4544; x_wconf 88' lang='lat' dir='ltr'>et</span> <span class='ocrx_word' id='word_1_381' title='bbox 1123 4489 1417 4544; x_wconf 85' lang='lat' dir='ltr'>exauditio</span> <span class='ocrx_word' id='word_1_382' title='bbox 1448 4488 1662 4543; x_wconf 89' lang='lat' dir='ltr'>dicitur</span> <span class='ocrx_word' id='word_1_383' title='bbox 1697 4488 1968 4543; x_wconf 89' lang='lat' dir='ltr'>hominis.</span> 
     </span>
    </p>
   </div>
   <div class='ocr_carea' id='block_1_48' title="bbox 527 4577 2103 4648">
    <p class='ocr_par' dir='ltr' id='par_1_48' title="bbox 527 4577 2103 4648">
     <span class='ocr_line' id='line_1_48' title="bbox 527 4577 2103 4648; baseline 0 -17"><span class='ocrx_word' id='word_1_384' title='bbox 527 4577 630 4642; x_wconf 76' lang='lat' dir='ltr'>lib.</span> <span class='ocrx_word' id='word_1_385' title='bbox 657 4578 772 4648; x_wconf 85' lang='lat'>22.]</span> <span class='ocrx_word' id='word_1_386' title='bbox 792 4579 950 4641; x_wconf 87' lang='lat' dir='ltr'>Quod</span> <span class='ocrx_word' id='word_1_387' title='bbox 973 4577 1150 4633; x_wconf 86' lang='lat' dir='ltr'>habet</span> <span class='ocrx_word' id='word_1_388' title='bbox 1173 4578 1825 4643; x_wconf 85' lang='lat' dir='ltr'>latinus,Poscetmulier</span> <span class='ocrx_word' id='word_1_389' title='bbox 1849 4595 1881 4632; x_wconf 88' lang='lat' dir='ltr'>a</span> <span class='ocrx_word' id='word_1_390' title='bbox 1903 4579 2103 4642; x_wconf 86' lang='lat' dir='ltr'>vicina,</span> 
     </span>
    </p>
   </div>
   <div class='ocr_carea' id='block_1_49' title="bbox 453 4665 2104 4738">
    <p class='ocr_par' dir='ltr' id='par_1_49' title="bbox 453 4665 2104 4738">
     <span class='ocr_line' id='line_1_49' title="bbox 453 4665 2104 4738; baseline -0.002 -15"><span class='ocrx_word' id='word_1_391' title='bbox 453 4674 508 4723; x_wconf 87' lang='lat' dir='ltr'>et</span> <span class='ocrx_word' id='word_1_392' title='bbox 536 4665 606 4721; x_wconf 86' lang='lat' dir='ltr'>ab</span> <span class='ocrx_word' id='word_1_393' title='bbox 639 4667 920 4738; x_wconf 86' lang='lat' dir='ltr'>inquilina</span> <span class='ocrx_word' id='word_1_394' title='bbox 949 4684 1048 4723; x_wconf 90' lang='lat' dir='ltr'>sua</span> <span class='ocrx_word' id='word_1_395' title='bbox 1081 4685 1210 4724; x_wconf 88' lang='lat' dir='ltr'>vasa</span> <span class='ocrx_word' id='word_1_396' title='bbox 1241 4672 1510 4738; x_wconf 88' lang='lat' dir='ltr'>argentea</span> <span class='ocrx_word' id='word_1_397' title='bbox 1539 4671 1590 4721; x_wconf 87' lang='lat' dir='ltr'>et</span> <span class='ocrx_word' id='word_1_398' title='bbox 1614 4683 1783 4722; x_wconf 87' lang='lat' dir='ltr'>aurea</span> <span class='ocrx_word' id='word_1_399' title='bbox 1805 4671 1854 4721; x_wconf 87' lang='lat' dir='ltr'>et</span> <span class='ocrx_word' id='word_1_400' title='bbox 1877 4671 2104 4733; x_wconf 84' lang='lat' dir='ltr'>vestem,-</span> 
     </span>
    </p>
   </div>
   <div class='ocr_carea' id='block_1_50' title="bbox 454 4755 2101 4828">
    <p class='ocr_par' dir='ltr' id='par_1_50' title="bbox 454 4755 2101 4828">
     <span class='ocr_line' id='line_1_50' title="bbox 454 4755 2101 4828; baseline -0.002 -18"><span class='ocrx_word' id='word_1_401' title='bbox 454 4770 679 4828; x_wconf 68' lang='lat' dir='ltr'>grmcus</span> <span class='ocrx_word' id='word_1_402' title='bbox 706 4756 880 4812; x_wconf 89' lang='lat' dir='ltr'>habet</span> <span class='ocrx_word' id='word_1_403' title='bbox 909 4775 938 4812; x_wconf 93' lang='lat' dir='ltr'>a</span> <span class='ocrx_word' id='word_1_404' title='bbox 969 4758 1355 4812; x_wconf 76' lang='lat' dir='ltr'>cohabitatrice</span> <span class='ocrx_word' id='word_1_405' title='bbox 1373 4773 1491 4822; x_wconf 87' lang='lat' dir='ltr'>sua,</span> <span class='ocrx_word' id='word_1_406' title='bbox 1524 4755 1632 4812; x_wconf 90' lang='lat' dir='ltr'>hoc</span> <span class='ocrx_word' id='word_1_407' title='bbox 1664 4762 1752 4811; x_wconf 90' lang='lat' dir='ltr'>est</span> <span class='ocrx_word' id='word_1_408' title='bbox 1773 4757 2038 4824; x_wconf 72' lang='grc' dir='ltr'>συσκήνου</span> <span class='ocrx_word' id='word_1_409' title='bbox 2063 4759 2101 4823; x_wconf 87' lang='grc'>¹,</span> 
     </span>
    </p>
   </div>
   <div class='ocr_carea' id='block_1_51' title="bbox 457 4845 2102 4918">
    <p class='ocr_par' dir='ltr' id='par_1_51' title="bbox 457 4845 2102 4918">
     <span class='ocr_line' id='line_1_51' title="bbox 457 4845 2102 4918; baseline 0 -18"><span class='ocrx_word' id='word_1_410' title='bbox 457 4845 610 4917; x_wconf 90' lang='lat' dir='ltr'>quod</span> <span class='ocrx_word' id='word_1_411' title='bbox 629 4845 798 4901; x_wconf 89' lang='lat' dir='ltr'>latini</span> <span class='ocrx_word' id='word_1_412' title='bbox 822 4846 1002 4918; x_wconf 88' lang='lat' dir='ltr'>aliqui</span> <span class='ocrx_word' id='word_1_413' title='bbox 1019 4845 1381 4917; x_wconf 88' lang='lat' dir='ltr'>interpretati</span> <span class='ocrx_word' id='word_1_414' title='bbox 1409 4850 1605 4912; x_wconf 90' lang='lat' dir='ltr'>sunt,a</span> <span class='ocrx_word' id='word_1_415' title='bbox 1625 4846 1957 4902; x_wconf 88' lang='lat' dir='ltr'>concellaria</span> <span class='ocrx_word' id='word_1_416' title='bbox 1981 4863 2102 4901; x_wconf 90' lang='lat' dir='ltr'>sua.</span> 
     </span>
    </p>
   </div>
   <div class='ocr_carea' id='block_1_52' title="bbox 526 4933 2108 5004">
    <p class='ocr_par' dir='ltr' id='par_1_52' title="bbox 526 4933 2108 5004">
     <span class='ocr_line' id='line_1_52' title="bbox 526 4933 2108 5004; baseline 0.002 -17"><span class='ocrx_word' id='word_1_417' title='bbox 526 4934 628 5003; x_wconf 85' lang='lat' dir='ltr'>[1b.</span> <span class='ocrx_word' id='word_1_418' title='bbox 663 4950 739 5004; x_wconf 82' lang='grc' dir='ltr'>ιν,</span> <span class='ocrx_word' id='word_1_419' title='bbox 774 4934 849 5004; x_wconf 89' lang='grc'>1.]</span> <span class='ocrx_word' id='word_1_420' title='bbox 900 4936 1124 5004; x_wconf 84' lang='lat' dir='ltr'>Moyses</span> <span class='ocrx_word' id='word_1_421' title='bbox 1155 4933 1317 4998; x_wconf 87' lang='lat' dir='ltr'>dicit,</span> <span class='ocrx_word' id='word_1_422' title='bbox 1353 4933 1493 5001; x_wconf 86' lang='lat' dir='ltr'>Quid</span> <span class='ocrx_word' id='word_1_423' title='bbox 1545 4936 1594 4988; x_wconf 86' lang='lat' dir='ltr'>si</span> <span class='ocrx_word' id='word_1_424' title='bbox 1619 4951 1730 4989; x_wconf 87' lang='lat' dir='ltr'>non</span> <span class='ocrx_word' id='word_1_425' title='bbox 1774 4935 2108 4990; x_wconf 81' lang='lat' dir='ltr'>crediderint</span> 
     </span>
    </p>
   </div>
   <div class='ocr_carea' id='block_1_53' title="bbox 455 5021 2102 5095">
    <p class='ocr_par' dir='ltr' id='par_1_53' title="bbox 455 5021 2102 5095">
     <span class='ocr_line' id='line_1_53' title="bbox 455 5021 2102 5095; baseline 0.003 -20"><span class='ocrx_word' id='word_1_426' title='bbox 455 5021 618 5093; x_wconf 86' lang='lat' dir='ltr'>mihi,</span> <span class='ocrx_word' id='word_1_427' title='bbox 651 5037 824 5093; x_wconf 89' lang='lat' dir='ltr'>neque</span> <span class='ocrx_word' id='word_1_428' title='bbox 853 5022 1209 5077; x_wconf 70' lang='lat' dir='ltr'>exemdierint</span> <span class='ocrx_word' id='word_1_429' title='bbox 1240 5039 1416 5078; x_wconf 88' lang='lat' dir='ltr'>vocem</span> <span class='ocrx_word' id='word_1_430' title='bbox 1447 5039 1625 5078; x_wconf 87' lang='lat' dir='ltr'>meum</span> <span class='ocrx_word' id='word_1_431' title='bbox 1644 5041 1663 5080; x_wconf 88' lang='lat'><em>:</em></span> <span class='ocrx_word' id='word_1_432' title='bbox 1682 5025 1834 5095; x_wconf 89' lang='lat' dir='ltr'>quod</span> <span class='ocrx_word' id='word_1_433' title='bbox 1863 5024 2102 5092; x_wconf 83' lang='lat' dir='ltr'>latinus,</span> 
     </span>
    </p>
   </div>
   <div class='ocr_carea' id='block_1_54' title="bbox 455 5110 1324 5182">
    <p class='ocr_par' dir='ltr' id='par_1_54' title="bbox 455 5110 1324 5182">
     <span class='ocr_line' id='line_1_54' title="bbox 455 5110 1324 5182; baseline -0.001 -16"><span class='ocrx_word' id='word_1_434' title='bbox 455 5111 740 5167; x_wconf 86' lang='lat' dir='ltr'>audierint</span> <span class='ocrx_word' id='word_1_435' title='bbox 771 5110 1192 5182; x_wconf 84' lang='lat' dir='ltr'>interpretatus</span> <span class='ocrx_word' id='word_1_436' title='bbox 1219 5117 1324 5167; x_wconf 89' lang='lat' dir='ltr'>est.</span> 
     </span>
    </p>
   </div>
   <div class='ocr_carea' id='block_1_55' title="bbox 521 5200 2102 5274">
    <p class='ocr_par' dir='ltr' id='par_1_55' title="bbox 521 5200 2102 5274">
     <span class='ocr_line' id='line_1_55' title="bbox 521 5200 2102 5274; baseline 0.003 -20"><span class='ocrx_word' id='word_1_437' title='bbox 521 5201 626 5272; x_wconf 87' lang='lat' dir='ltr'>[[h.</span> <span class='ocrx_word' id='word_1_438' title='bbox 664 5200 739 5270; x_wconf 85' lang='grc'>4.]</span> <span class='ocrx_word' id='word_1_439' title='bbox 793 5200 1037 5256; x_wconf 75' lang='lat' dir='ltr'>Extende</span> <span class='ocrx_word' id='word_1_440' title='bbox 1088 5218 1333 5272; x_wconf 86' lang='lat' dir='ltr'>manum,</span> <span class='ocrx_word' id='word_1_441' title='bbox 1367 5209 1418 5257; x_wconf 89' lang='lat' dir='ltr'>et</span> <span class='ocrx_word' id='word_1_442' title='bbox 1465 5202 1816 5274; x_wconf 82' lang='lat' dir='ltr'>apprehende</span> <span class='ocrx_word' id='word_1_443' title='bbox 1852 5203 2102 5274; x_wconf 88' lang='lat' dir='ltr'>caudam,</span> 
     </span>
    </p>
   </div>
   <div class='ocr_carea' id='block_1_56' title="bbox 451 5288 2104 5360">
    <p class='ocr_par' dir='ltr' id='par_1_56' title="bbox 451 5288 2104 5360">
     <span class='ocr_line' id='line_1_56' title="bbox 451 5288 2104 5360; baseline 0.001 -16"><span class='ocrx_word' id='word_1_444' title='bbox 451 5305 675 5360; x_wconf 73' lang='lat' dir='ltr'>graecus</span> <span class='ocrx_word' id='word_1_445' title='bbox 708 5288 884 5343; x_wconf 90' lang='lat' dir='ltr'>habet</span> <span class='ocrx_word' id='word_1_446' title='bbox 918 5305 930 5342; x_wconf 89' lang='lat'><strong><em>:</em></strong></span> <span class='ocrx_word' id='word_1_447' title='bbox 966 5289 1184 5344; x_wconf 87' lang='lat' dir='ltr'>latinus</span> <span class='ocrx_word' id='word_1_448' title='bbox 1218 5296 1432 5358; x_wconf 89' lang='lat' dir='ltr'>autem,</span> <span class='ocrx_word' id='word_1_449' title='bbox 1469 5308 1690 5348; x_wconf 90' lang='lat' dir='ltr'>manum</span> <span class='ocrx_word' id='word_1_450' title='bbox 1722 5301 1873 5347; x_wconf 86' lang='lat' dir='ltr'>tuam</span> <span class='ocrx_word' id='word_1_451' title='bbox 1902 5296 1953 5347; x_wconf 82' lang='lat' dir='ltr'>el</span> <span class='ocrx_word' id='word_1_452' title='bbox 1975 5310 2104 5347; x_wconf 87' lang='lat' dir='ltr'>cau-</span> 
     </span>
    </p>
   </div>
   <div class='ocr_carea' id='block_1_57' title="bbox 451 5376 2107 5448">
    <p class='ocr_par' dir='ltr' id='par_1_57' title="bbox 451 5376 2107 5448">
     <span class='ocr_line' id='line_1_57' title="bbox 451 5376 2107 5448; baseline 0.001 -15"><span class='ocrx_word' id='word_1_453' title='bbox 451 5378 585 5433; x_wconf 88' lang='lat' dir='ltr'>dam</span> <span class='ocrx_word' id='word_1_454' title='bbox 631 5378 769 5447; x_wconf 86' lang='lat' dir='ltr'>ejus,</span> <span class='ocrx_word' id='word_1_455' title='bbox 820 5376 1240 5448; x_wconf 85' lang='lat' dir='ltr'>interpretatus</span> <span class='ocrx_word' id='word_1_456' title='bbox 1271 5386 1379 5434; x_wconf 90' lang='lat' dir='ltr'>est.</span> <span class='ocrx_word' id='word_1_457' title='bbox 1435 5383 1495 5435; x_wconf 87' lang='lat' dir='ltr'>Et</span> <span class='ocrx_word' id='word_1_458' title='bbox 1549 5382 1850 5436; x_wconf 71' lang='lat' dir='ltr'>extendens</span> <span class='ocrx_word' id='word_1_459' title='bbox 1881 5397 2107 5435; x_wconf 89' lang='lat' dir='ltr'>manum</span> 
     </span>
    </p>
   </div>
   <div class='ocr_carea' id='block_1_58' title="bbox 455 5465 2101 5541">
    <p class='ocr_par' dir='ltr' id='par_1_58' title="bbox 455 5465 2101 5541">
     <span class='ocr_line' id='line_1_58' title="bbox 455 5465 2101 5541; baseline 0.001 -19"><span class='ocrx_word' id='word_1_460' title='bbox 455 5465 826 5538; x_wconf 79' lang='lat' dir='ltr'>apprehendit</span> <span class='ocrx_word' id='word_1_461' title='bbox 854 5466 1110 5537; x_wconf 86' lang='lat' dir='ltr'>caudam,</span> <span class='ocrx_word' id='word_1_462' title='bbox 1132 5472 1182 5522; x_wconf 89' lang='lat' dir='ltr'>et</span> <span class='ocrx_word' id='word_1_463' title='bbox 1211 5472 1357 5540; x_wconf 81' lang='lat' dir='ltr'>[acta</span> <span class='ocrx_word' id='word_1_464' title='bbox 1387 5477 1467 5524; x_wconf 84' lang='lat' dir='ltr'>est</span> <span class='ocrx_word' id='word_1_465' title='bbox 1495 5471 1658 5541; x_wconf 86' lang='lat' dir='ltr'>virga</span> <span class='ocrx_word' id='word_1_466' title='bbox 1691 5471 1746 5524; x_wconf 89' lang='lat' dir='ltr'>in</span> <span class='ocrx_word' id='word_1_467' title='bbox 1771 5485 1940 5523; x_wconf 89' lang='lat' dir='ltr'>manu</span> <span class='ocrx_word' id='word_1_468' title='bbox 1969 5470 2101 5539; x_wconf 88' lang='lat' dir='ltr'>ejus.</span> 
     </span>
    </p>
   </div>
   <div class='ocr_carea' id='block_1_59' title="bbox 530 5555 2102 5631">
    <p class='ocr_par' dir='ltr' id='par_1_59' title="bbox 530 5555 2102 5631">
     <span class='ocr_line' id='line_1_59' title="bbox 530 5555 2102 5631; baseline 0.001 -21"><span class='ocrx_word' id='word_1_469' title='bbox 530 5556 637 5626; x_wconf 86' lang='lat' dir='ltr'>[1b.</span> <span class='ocrx_word' id='word_1_470' title='bbox 669 5556 744 5622; x_wconf 92' lang='grc'>5.]</span> <span class='ocrx_word' id='word_1_471' title='bbox 772 5558 840 5609; x_wconf 82' lang='lat' dir='ltr'>Et</span> <span class='ocrx_word' id='word_1_472' title='bbox 855 5555 998 5611; x_wconf 87' lang='lat' dir='ltr'>dixit</span> <span class='ocrx_word' id='word_1_473' title='bbox 1016 5559 1104 5611; x_wconf 83' lang='lat' dir='ltr'>illi</span> <span class='ocrx_word' id='word_1_474' title='bbox 1131 5576 1150 5612; x_wconf 90' lang='grc'>.·</span> <span class='ocrx_word' id='word_1_475' title='bbox 1181 5561 1242 5615; x_wconf 88' lang='lat' dir='ltr'>Ut</span> <span class='ocrx_word' id='word_1_476' title='bbox 1269 5560 1499 5614; x_wconf 86' lang='lat' dir='ltr'>credant</span> <span class='ocrx_word' id='word_1_477' title='bbox 1518 5561 1620 5615; x_wconf 83' lang='lat' dir='ltr'>tibi</span> <span class='ocrx_word' id='word_1_478' title='bbox 1646 5561 1910 5631; x_wconf 88' lang='lat' dir='ltr'>quoniam</span> <span class='ocrx_word' id='word_1_479' title='bbox 1929 5574 2102 5628; x_wconf 83' lang='lat' dir='ltr'>appa-</span> 
     </span>
    </p>
   </div>
   <div class='ocr_carea' id='block_1_60' title="bbox 528 5746 2039 5812">
    <p class='ocr_par' dir='ltr' id='par_1_60' title="bbox 528 5746 2039 5812">
     <span class='ocr_line' id='line_1_60' title="bbox 528 5746 2039 5812; baseline 0.002 -15"><span class='ocrx_word' id='word_1_480' title='bbox 528 5750 542 5783; x_wconf 78' lang='grc' dir='ltr'>ί</span> <span class='ocrx_word' id='word_1_481' title='bbox 576 5746 729 5809; x_wconf 89' lang='lat' dir='ltr'>Editi,</span> <span class='ocrx_word' id='word_1_482' title='bbox 760 5747 1026 5800; x_wconf 80' lang='lat' dir='ltr'>sunoikou.</span> <span class='ocrx_word' id='word_1_483' title='bbox 1056 5750 1121 5800; x_wconf 84' lang='lat' dir='ltr'>At</span> <span class='ocrx_word' id='word_1_484' title='bbox 1155 5751 1278 5799; x_wconf 86' lang='lat' dir='ltr'>Mss.</span> <span class='ocrx_word' id='word_1_485' title='bbox 1311 5750 1388 5800; x_wconf 90' lang='lat' dir='ltr'>uti</span> <span class='ocrx_word' id='word_1_486' title='bbox 1418 5750 1560 5812; x_wconf 80' lang='lat' dir='ltr'>apud</span> <span class='ocrx_word' id='word_1_487' title='bbox 1594 5750 1736 5801; x_wconf 86' lang='lat' dir='ltr'>LXX.</span> <span class='ocrx_word' id='word_1_488' title='bbox 1772 5748 2039 5800; x_wconf 84' lang='lat' dir='ltr'>suskenou.</span> 
     </span>
    </p>
   </div>
   <div class='ocr_carea' id='block_1_61' title="bbox 1195 331 3103 398">
    <p class='ocr_par' dir='ltr' id='par_1_61' title="bbox 1195 331 3103 398">
     <span class='ocr_line' id='line_1_61' title="bbox 1195 331 3103 398; baseline -0.001 -2"><span class='ocrx_word' id='word_1_489' title='bbox 1195 336 1705 398; x_wconf 89' lang='lat' dir='ltr'>LOCUTIONUM</span> <span class='ocrx_word' id='word_1_490' title='bbox 1754 335 1822 395; x_wconf 88' lang='lat' dir='ltr'>S.</span> <span class='ocrx_word' id='word_1_491' title='bbox 1867 333 2289 397; x_wconf 83' lang='lat' dir='ltr'>AUGUSTINI</span> <span class='ocrx_word' id='word_1_492' title='bbox 2339 335 2416 393; x_wconf 83' lang='grc' dir='ltr'><strong>ΙΝ</strong></span> <span class='ocrx_word' id='word_1_493' title='bbox 2462 331 3103 395; x_wconf 81' lang='lat' dir='ltr'>HEPTA&#39;I‘EUCHUM</span> 
     </span>
    </p>
   </div>
   <div class='ocr_carea' id='block_1_62' title="bbox 3754 337 3870 396">
    <p class='ocr_par' dir='ltr' id='par_1_62' title="bbox 3754 337 3870 396">
     <span class='ocr_line' id='line_1_62' title="bbox 3754 337 3870 396; baseline 0 -1"><span class='ocrx_word' id='word_1_494' title='bbox 3754 337 3870 396; x_wconf 72' lang='grc'>504</span> 
     </span>
    </p>
   </div>
   <div class='ocr_carea' id='block_1_63' title="bbox 2212 466 3869 539">
    <p class='ocr_par' dir='ltr' id='par_1_63' title="bbox 2212 466 3869 539">
     <span class='ocr_line' id='line_1_63' title="bbox 2212 466 3869 539; baseline 0.003 -20"><span class='ocrx_word' id='word_1_495' title='bbox 2212 467 2329 520; x_wconf 86' lang='lat' dir='ltr'>ruit</span> <span class='ocrx_word' id='word_1_496' title='bbox 2356 466 2466 520; x_wconf 83' lang='lat' dir='ltr'>tibi</span> <span class='ocrx_word' id='word_1_497' title='bbox 2483 467 2749 522; x_wconf 87' lang='lat' dir='ltr'>Dominus</span> <span class='ocrx_word' id='word_1_498' title='bbox 2771 467 2908 521; x_wconf 88' lang='lat' dir='ltr'>Deus</span> <span class='ocrx_word' id='word_1_499' title='bbox 2933 473 3159 537; x_wconf 86' lang='lat' dir='ltr'>patrum</span> <span class='ocrx_word' id='word_1_500' title='bbox 3180 467 3423 538; x_wconf 85' lang='lat' dir='ltr'>ipsorum</span> <span class='ocrx_word' id='word_1_501' title='bbox 3453 484 3472 522; x_wconf 89' lang='lat'><strong><em>:</em></strong></span> <span class='ocrx_word' id='word_1_502' title='bbox 3500 482 3729 539; x_wconf 65' lang='lat' dir='ltr'>graecus</span> <span class='ocrx_word' id='word_1_503' title='bbox 3753 484 3869 525; x_wconf 91' lang='lat' dir='ltr'>non</span> 
     </span>
    </p>
   </div>
   <div class='ocr_carea' id='block_1_64' title="bbox 2217 553 3870 627">
    <p class='ocr_par' dir='ltr' id='par_1_64' title="bbox 2217 553 3870 627">
     <span class='ocr_line' id='line_1_64' title="bbox 2217 553 3870 627; baseline 0.004 -18"><span class='ocrx_word' id='word_1_504' title='bbox 2217 553 2406 622; x_wconf 89' lang='lat' dir='ltr'>habet,</span> <span class='ocrx_word' id='word_1_505' title='bbox 2439 556 2506 610; x_wconf 87' lang='lat' dir='ltr'>Et</span> <span class='ocrx_word' id='word_1_506' title='bbox 2533 555 2678 610; x_wconf 84' lang='lat' dir='ltr'>dixit</span> <span class='ocrx_word' id='word_1_507' title='bbox 2707 556 2834 618; x_wconf 82' lang='lat' dir='ltr'>illi;</span> <span class='ocrx_word' id='word_1_508' title='bbox 2883 555 2983 610; x_wconf 89' lang='lat' dir='ltr'>sed</span> <span class='ocrx_word' id='word_1_509' title='bbox 3016 555 3291 612; x_wconf 88' lang='lat' dir='ltr'>continuo</span> <span class='ocrx_word' id='word_1_510' title='bbox 3333 556 3621 627; x_wconf 86' lang='lat' dir='ltr'>adjunxit,</span> <span class='ocrx_word' id='word_1_511' title='bbox 3650 566 3713 613; x_wconf 91' lang='lat' dir='ltr'>ut</span> <span class='ocrx_word' id='word_1_512' title='bbox 3748 574 3870 615; x_wconf 86' lang='lat' dir='ltr'>cre-</span> 
     </span>
    </p>
   </div>
   <div class='ocr_carea' id='block_1_65' title="bbox 2213 642 3868 717">
    <p class='ocr_par' dir='ltr' id='par_1_65' title="bbox 2213 642 3868 717">
     <span class='ocr_line' id='line_1_65' title="bbox 2213 642 3868 717; baseline 0.003 -19"><span class='ocrx_word' id='word_1_513' title='bbox 2213 642 2346 698; x_wconf 88' lang='lat' dir='ltr'>dant</span> <span class='ocrx_word' id='word_1_514' title='bbox 2376 645 2514 706; x_wconf 82' lang='lat' dir='ltr'>tibi;</span> <span class='ocrx_word' id='word_1_515' title='bbox 2546 645 2602 698; x_wconf 91' lang='lat' dir='ltr'>id</span> <span class='ocrx_word' id='word_1_516' title='bbox 2636 650 2744 708; x_wconf 90' lang='lat' dir='ltr'>est,</span> <span class='ocrx_word' id='word_1_517' title='bbox 2778 646 2952 700; x_wconf 88' lang='lat' dir='ltr'>verba</span> <span class='ocrx_word' id='word_1_518' title='bbox 3001 644 3120 715; x_wconf 90' lang='lat' dir='ltr'>Dei,</span> <span class='ocrx_word' id='word_1_519' title='bbox 3154 649 3285 717; x_wconf 88' lang='lat' dir='ltr'>post</span> <span class='ocrx_word' id='word_1_520' title='bbox 3316 644 3460 701; x_wconf 90' lang='lat' dir='ltr'>illud</span> <span class='ocrx_word' id='word_1_521' title='bbox 3507 647 3724 702; x_wconf 83' lang='lat' dir='ltr'>factum</span> <span class='ocrx_word' id='word_1_522' title='bbox 3758 649 3868 703; x_wconf 93' lang='lat' dir='ltr'>mi-</span> 
     </span>
    </p>
   </div>
   <div class='ocr_carea' id='block_1_66' title="bbox 2216 733 3870 808">
    <p class='ocr_par' dir='ltr' id='par_1_66' title="bbox 2216 733 3870 808">
     <span class='ocr_line' id='line_1_66' title="bbox 2216 733 3870 808; baseline 0.005 -22"><span class='ocrx_word' id='word_1_523' title='bbox 2216 733 2479 787; x_wconf 74' lang='lat' dir='ltr'>raculum</span> <span class='ocrx_word' id='word_1_524' title='bbox 2540 751 2551 789; x_wconf 92' lang='lat'>:</span> <span class='ocrx_word' id='word_1_525' title='bbox 2605 738 2886 806; x_wconf 83' lang='lat' dir='ltr'>tanquam</span> <span class='ocrx_word' id='word_1_526' title='bbox 2938 733 3129 790; x_wconf 92' lang='lat' dir='ltr'>adhuc</span> <span class='ocrx_word' id='word_1_527' title='bbox 3179 733 3536 808; x_wconf 89' lang='lat' dir='ltr'>loqueretur,</span> <span class='ocrx_word' id='word_1_528' title='bbox 3585 740 3642 792; x_wconf 89' lang='lat' dir='ltr'>et</span> <span class='ocrx_word' id='word_1_529' title='bbox 3695 738 3870 794; x_wconf 91' lang='lat' dir='ltr'>modo</span> 
     </span>
    </p>
   </div>
   <div class='ocr_carea' id='block_1_67' title="bbox 2210 823 3873 895">
    <p class='ocr_par' dir='ltr' id='par_1_67' title="bbox 2210 823 3873 895">
     <span class='ocr_line' id='line_1_67' title="bbox 2210 823 3873 895; baseline 0.003 -18"><span class='ocrx_word' id='word_1_530' title='bbox 2210 823 2565 878; x_wconf 86' lang='lat' dir='ltr'>sententiam</span> <span class='ocrx_word' id='word_1_531' title='bbox 2619 825 2926 880; x_wconf 89' lang='lat' dir='ltr'>verborum</span> <span class='ocrx_word' id='word_1_532' title='bbox 2983 823 3331 895; x_wconf 90' lang='lat' dir='ltr'>impleverit.</span> <span class='ocrx_word' id='word_1_533' title='bbox 3384 825 3528 880; x_wconf 87' lang='lat' dir='ltr'>Nam</span> <span class='ocrx_word' id='word_1_534' title='bbox 3583 827 3724 882; x_wconf 90' lang='lat' dir='ltr'>ordo</span> <span class='ocrx_word' id='word_1_535' title='bbox 3781 831 3873 882; x_wconf 89' lang='lat' dir='ltr'>est</span> 
     </span>
    </p>
   </div>
   <div class='ocr_carea' id='block_1_68' title="bbox 2215 911 3868 986">
    <p class='ocr_par' dir='ltr' id='par_1_68' title="bbox 2215 911 3868 986">
     <span class='ocr_line' id='line_1_68' title="bbox 2215 911 3868 986; baseline 0.004 -20"><span class='ocrx_word' id='word_1_536' title='bbox 2215 911 2546 983; x_wconf 86' lang='lat' dir='ltr'>verborum,</span> <span class='ocrx_word' id='word_1_537' title='bbox 2567 913 2822 968; x_wconf 83' lang='lat' dir='ltr'>Extende</span> <span class='ocrx_word' id='word_1_538' title='bbox 2853 929 3090 968; x_wconf 91' lang='lat' dir='ltr'>manum</span> <span class='ocrx_word' id='word_1_539' title='bbox 3116 918 3171 968; x_wconf 90' lang='lat' dir='ltr'>et</span> <span class='ocrx_word' id='word_1_540' title='bbox 3199 914 3571 986; x_wconf 84' lang='lat' dir='ltr'>apprehende</span> <span class='ocrx_word' id='word_1_541' title='bbox 3593 915 3868 986; x_wconf 86' lang='lat' dir='ltr'>caudam,</span> 
     </span>
    </p>
   </div>
   <div class='ocr_carea' id='block_1_69' title="bbox 2219 1001 3868 1074">
    <p class='ocr_par' dir='ltr' id='par_1_69' title="bbox 2219 1001 3868 1074">
     <span class='ocr_line' id='line_1_69' title="bbox 2219 1001 3868 1074; baseline 0.004 -19"><span class='ocrx_word' id='word_1_542' title='bbox 2219 1005 2285 1055; x_wconf 88' lang='lat' dir='ltr'>ut</span> <span class='ocrx_word' id='word_1_543' title='bbox 2314 1003 2554 1056; x_wconf 89' lang='lat' dir='ltr'>credant</span> <span class='ocrx_word' id='word_1_544' title='bbox 2582 1002 2686 1057; x_wconf 88' lang='lat' dir='ltr'>tibi</span> <span class='ocrx_word' id='word_1_545' title='bbox 2725 1019 2736 1057; x_wconf 87' lang='lat'><strong>:</strong></span> <span class='ocrx_word' id='word_1_546' title='bbox 2773 1003 2871 1058; x_wconf 87' lang='lat' dir='ltr'>sed</span> <span class='ocrx_word' id='word_1_547' title='bbox 2907 1001 3248 1074; x_wconf 89' lang='lat' dir='ltr'>interposita</span> <span class='ocrx_word' id='word_1_548' title='bbox 3277 1008 3367 1059; x_wconf 91' lang='lat' dir='ltr'>est</span> <span class='ocrx_word' id='word_1_549' title='bbox 3399 1003 3534 1060; x_wconf 81' lang='lat' dir='ltr'>facti</span> <span class='ocrx_word' id='word_1_550' title='bbox 3582 1006 3868 1073; x_wconf 88' lang='lat' dir='ltr'>narratio,</span> 
     </span>
    </p>
   </div>
   <div class='ocr_carea' id='block_1_70' title="bbox 2216 1092 3355 1163">
    <p class='ocr_par' dir='ltr' id='par_1_70' title="bbox 2216 1092 3355 1163">
     <span class='ocr_line' id='line_1_70' title="bbox 2216 1092 3355 1163; baseline 0 -18"><span class='ocrx_word' id='word_1_551' title='bbox 2216 1094 2273 1145; x_wconf 90' lang='lat' dir='ltr'>et</span> <span class='ocrx_word' id='word_1_552' title='bbox 2305 1094 2504 1162; x_wconf 90' lang='lat' dir='ltr'>postea</span> <span class='ocrx_word' id='word_1_553' title='bbox 2535 1092 2856 1163; x_wconf 90' lang='lat' dir='ltr'>redditum,</span> <span class='ocrx_word' id='word_1_554' title='bbox 2885 1096 2944 1147; x_wconf 89' lang='lat' dir='ltr'>ut</span> <span class='ocrx_word' id='word_1_555' title='bbox 2975 1092 3201 1148; x_wconf 84' lang='lat' dir='ltr'>credant</span> <span class='ocrx_word' id='word_1_556' title='bbox 3231 1094 3355 1148; x_wconf 86' lang='lat' dir='ltr'>tibi.</span> 
     </span>
    </p>
   </div>
   <div class='ocr_carea' id='block_1_71' title="bbox 2294 1198 3870 1271">
    <p class='ocr_par' dir='ltr' id='par_1_71' title="bbox 2294 1198 3870 1271">
     <span class='ocr_line' id='line_1_71' title="bbox 2294 1198 3870 1271; baseline 0.004 -19"><span class='ocrx_word' id='word_1_557' title='bbox 2294 1198 2396 1269; x_wconf 86' lang='lat' dir='ltr'>[1b.</span> <span class='ocrx_word' id='word_1_558' title='bbox 2435 1200 2604 1270; x_wconf 82' lang='lat' dir='ltr'>1v,6.]</span> <span class='ocrx_word' id='word_1_559' title='bbox 2633 1201 2794 1265; x_wconf 91' lang='lat' dir='ltr'>Quod</span> <span class='ocrx_word' id='word_1_560' title='bbox 2814 1198 3032 1255; x_wconf 86' lang='lat' dir='ltr'>latinus</span> <span class='ocrx_word' id='word_1_561' title='bbox 3058 1199 3254 1266; x_wconf 86' lang='lat' dir='ltr'>habet,</span> <span class='ocrx_word' id='word_1_562' title='bbox 3289 1205 3352 1257; x_wconf 83' lang='lat' dir='ltr'>Et</span> <span class='ocrx_word' id='word_1_563' title='bbox 3373 1203 3532 1271; x_wconf 80' lang='lat' dir='ltr'>facta</span> <span class='ocrx_word' id='word_1_564' title='bbox 3561 1209 3642 1256; x_wconf 88' lang='lat' dir='ltr'>est</span> <span class='ocrx_word' id='word_1_565' title='bbox 3660 1219 3870 1258; x_wconf 85' lang='lat' dir='ltr'>manus</span> 
     </span>
    </p>
   </div>
   <div class='ocr_carea' id='block_1_72' title="bbox 2216 1288 3871 1363">
    <p class='ocr_par' dir='ltr' id='par_1_72' title="bbox 2216 1288 3871 1363">
     <span class='ocr_line' id='line_1_72' title="bbox 2216 1288 3871 1363; baseline 0.002 -20"><span class='ocrx_word' id='word_1_566' title='bbox 2216 1288 2334 1354; x_wconf 85' lang='lat' dir='ltr'>eius</span> <span class='ocrx_word' id='word_1_567' title='bbox 2367 1289 2576 1358; x_wconf 87' lang='lat' dir='ltr'>leprosa</span> <span class='ocrx_word' id='word_1_568' title='bbox 2597 1298 2858 1360; x_wconf 87' lang='lat' dir='ltr'>tanquam</span> <span class='ocrx_word' id='word_1_569' title='bbox 2875 1291 2978 1344; x_wconf 87' lang='lat' dir='ltr'>nix</span> <span class='ocrx_word' id='word_1_570' title='bbox 2995 1307 3016 1351; x_wconf 86' lang='lat'><em>;</em></span> <span class='ocrx_word' id='word_1_571' title='bbox 3047 1306 3269 1361; x_wconf 69' lang='lat' dir='ltr'>graecus</span> <span class='ocrx_word' id='word_1_572' title='bbox 3292 1308 3406 1345; x_wconf 91' lang='lat' dir='ltr'>non</span> <span class='ocrx_word' id='word_1_573' title='bbox 3426 1289 3601 1346; x_wconf 89' lang='lat' dir='ltr'>habet</span> <span class='ocrx_word' id='word_1_574' title='bbox 3628 1292 3871 1363; x_wconf 82' lang='lat' dir='ltr'>leprusa,</span> 
     </span>
    </p>
   </div>
   <div class='ocr_carea' id='block_1_73' title="bbox 2219 1377 3356 1450">
    <p class='ocr_par' dir='ltr' id='par_1_73' title="bbox 2219 1377 3356 1450">
     <span class='ocr_line' id='line_1_73' title="bbox 2219 1377 3356 1450; baseline 0.003 -19"><span class='ocrx_word' id='word_1_575' title='bbox 2219 1377 2318 1432; x_wconf 89' lang='lat' dir='ltr'>sed</span> <span class='ocrx_word' id='word_1_576' title='bbox 2352 1382 2603 1446; x_wconf 87' lang='lat' dir='ltr'>tantum,</span> <span class='ocrx_word' id='word_1_577' title='bbox 2635 1381 2788 1449; x_wconf 80' lang='lat' dir='ltr'>facta</span> <span class='ocrx_word' id='word_1_578' title='bbox 2817 1383 2896 1433; x_wconf 87' lang='lat' dir='ltr'>est</span> <span class='ocrx_word' id='word_1_579' title='bbox 2927 1383 3202 1450; x_wconf 86' lang='lat' dir='ltr'>tanquam</span> <span class='ocrx_word' id='word_1_580' title='bbox 3234 1381 3356 1434; x_wconf 81' lang='lat' dir='ltr'>nix.</span> 
     </span>
    </p>
   </div>
   <div class='ocr_carea' id='block_1_74' title="bbox 2290 1484 3874 1558">
    <p class='ocr_par' dir='ltr' id='par_1_74' title="bbox 2290 1484 3874 1558">
     <span class='ocr_line' id='line_1_74' title="bbox 2290 1484 3874 1558; baseline 0.005 -20"><span class='ocrx_word' id='word_1_581' title='bbox 2290 1484 2394 1554; x_wconf 89' lang='lat' dir='ltr'>[1b.</span> <span class='ocrx_word' id='word_1_582' title='bbox 2428 1485 2506 1554; x_wconf 88' lang='lat'>8.]</span> <span class='ocrx_word' id='word_1_583' title='bbox 2541 1485 2688 1553; x_wconf 85' lang='lat' dir='ltr'>Quod</span> <span class='ocrx_word' id='word_1_584' title='bbox 2717 1492 2767 1540; x_wconf 84' lang='lat' dir='ltr'>st</span> <span class='ocrx_word' id='word_1_585' title='bbox 2803 1502 2913 1541; x_wconf 88' lang='lat' dir='ltr'>non</span> <span class='ocrx_word' id='word_1_586' title='bbox 2942 1485 3229 1542; x_wconf 87' lang='lat' dir='ltr'>audierint</span> <span class='ocrx_word' id='word_1_587' title='bbox 3261 1502 3439 1542; x_wconf 89' lang='lat' dir='ltr'>vocem</span> <span class='ocrx_word' id='word_1_588' title='bbox 3467 1488 3626 1558; x_wconf 89' lang='lat' dir='ltr'>signi</span> <span class='ocrx_word' id='word_1_589' title='bbox 3653 1490 3874 1556; x_wconf 85' lang='lat' dir='ltr'>primi;</span> 
     </span>
    </p>
   </div>
   <div class='ocr_carea' id='block_1_75' title="bbox 2217 1573 3875 1648">
    <p class='ocr_par' dir='ltr' id='par_1_75' title="bbox 2217 1573 3875 1648">
     <span class='ocr_line' id='line_1_75' title="bbox 2217 1573 3875 1648; baseline 0.004 -21"><span class='ocrx_word' id='word_1_590' title='bbox 2217 1589 2438 1644; x_wconf 76' lang='lat' dir='ltr'>graecus</span> <span class='ocrx_word' id='word_1_591' title='bbox 2471 1575 2554 1628; x_wconf 87' lang='lat' dir='ltr'>sic</span> <span class='ocrx_word' id='word_1_592' title='bbox 2586 1574 2763 1629; x_wconf 88' lang='lat' dir='ltr'>habet</span> <span class='ocrx_word' id='word_1_593' title='bbox 2794 1592 2806 1630; x_wconf 90' lang='lat'>:</span> <span class='ocrx_word' id='word_1_594' title='bbox 2841 1573 3060 1630; x_wconf 87' lang='lat' dir='ltr'>latinus</span> <span class='ocrx_word' id='word_1_595' title='bbox 3081 1581 3298 1646; x_wconf 88' lang='lat' dir='ltr'>autem,</span> <span class='ocrx_word' id='word_1_596' title='bbox 3328 1592 3510 1632; x_wconf 88' lang='lat' dir='ltr'>vocem</span> <span class='ocrx_word' id='word_1_597' title='bbox 3534 1583 3691 1632; x_wconf 87' lang='lat' dir='ltr'>tuam</span> <span class='ocrx_word' id='word_1_598' title='bbox 3719 1581 3875 1648; x_wconf 85' lang='lat' dir='ltr'>signi</span> 
     </span>
    </p>
   </div>
   <div class='ocr_carea' id='block_1_76' title="bbox 2213 1663 3873 1736">
    <p class='ocr_par' dir='ltr' id='par_1_76' title="bbox 2213 1663 3873 1736">
     <span class='ocr_line' id='line_1_76' title="bbox 2213 1663 3873 1736; baseline 0.004 -20"><span class='ocrx_word' id='word_1_599' title='bbox 2213 1663 2384 1732; x_wconf 88' lang='lat' dir='ltr'>primi</span> <span class='ocrx_word' id='word_1_600' title='bbox 2402 1679 2422 1724; x_wconf 89' lang='grc'><em>;</em></span> <span class='ocrx_word' id='word_1_601' title='bbox 2455 1663 2538 1718; x_wconf 91' lang='lat' dir='ltr'>sic</span> <span class='ocrx_word' id='word_1_602' title='bbox 2568 1668 2622 1718; x_wconf 89' lang='lat' dir='ltr'>et</span> <span class='ocrx_word' id='word_1_603' title='bbox 2655 1663 2944 1734; x_wconf 90' lang='lat' dir='ltr'>sequitur,</span> <span class='ocrx_word' id='word_1_604' title='bbox 2974 1663 3188 1720; x_wconf 87' lang='lat' dir='ltr'>credent</span> <span class='ocrx_word' id='word_1_605' title='bbox 3216 1666 3320 1720; x_wconf 89' lang='lat' dir='ltr'>tibi</span> <span class='ocrx_word' id='word_1_606' title='bbox 3347 1667 3408 1720; x_wconf 89' lang='lat' dir='ltr'>in</span> <span class='ocrx_word' id='word_1_607' title='bbox 3440 1681 3562 1722; x_wconf 91' lang='lat' dir='ltr'>voce</span> <span class='ocrx_word' id='word_1_608' title='bbox 3601 1668 3759 1736; x_wconf 83' lang='lat' dir='ltr'>signi</span> <span class='ocrx_word' id='word_1_609' title='bbox 3785 1683 3873 1722; x_wconf 88' lang='lat' dir='ltr'>se-</span> 
     </span>
    </p>
   </div>
   <div class='ocr_carea' id='block_1_77' title="bbox 2217 1752 2451 1823">
    <p class='ocr_par' dir='ltr' id='par_1_77' title="bbox 2217 1752 2451 1823">
     <span class='ocr_line' id='line_1_77' title="bbox 2217 1752 2451 1823; baseline 0.004 -17"><span class='ocrx_word' id='word_1_610' title='bbox 2217 1752 2451 1823; x_wconf 86' lang='lat' dir='ltr'>quentis.</span> 
     </span>
    </p>
   </div>
   <div class='ocr_carea' id='block_1_78' title="bbox 2287 1842 3867 1916">
    <p class='ocr_par' dir='ltr' id='par_1_78' title="bbox 2287 1842 3867 1916">
     <span class='ocr_line' id='line_1_78' title="bbox 2287 1842 3867 1916; baseline 0.003 -20"><span class='ocrx_word' id='word_1_611' title='bbox 2287 1842 2392 1912; x_wconf 85' lang='lat' dir='ltr'>[1b.</span> <span class='ocrx_word' id='word_1_612' title='bbox 2424 1842 2504 1911; x_wconf 87' lang='lat'>9.]</span> <span class='ocrx_word' id='word_1_613' title='bbox 2536 1845 2600 1896; x_wconf 85' lang='lat' dir='ltr'>Et</span> <span class='ocrx_word' id='word_1_614' title='bbox 2631 1845 2738 1898; x_wconf 84' lang='lat' dir='ltr'>crit</span> <span class='ocrx_word' id='word_1_615' title='bbox 2765 1860 2933 1914; x_wconf 87' lang='lat' dir='ltr'>aqua,</span> <span class='ocrx_word' id='word_1_616' title='bbox 2958 1859 3124 1916; x_wconf 85' lang='lat' dir='ltr'>quam</span> <span class='ocrx_word' id='word_1_617' title='bbox 3155 1859 3331 1899; x_wconf 88' lang='lat' dir='ltr'>sumes</span> <span class='ocrx_word' id='word_1_618' title='bbox 3360 1845 3428 1899; x_wconf 86' lang='lat' dir='ltr'>de</span> <span class='ocrx_word' id='word_1_619' title='bbox 3456 1845 3867 1914; x_wconf 86' lang='lat' dir='ltr'>ﬂumine,san-</span> 
     </span>
    </p>
   </div>
   <div class='ocr_carea' id='block_1_79' title="bbox 2214 1932 3865 2004">
    <p class='ocr_par' dir='ltr' id='par_1_79' title="bbox 2214 1932 3865 2004">
     <span class='ocr_line' id='line_1_79' title="bbox 2214 1932 3865 2004; baseline 0.002 -18"><span class='ocrx_word' id='word_1_620' title='bbox 2214 1933 2338 2002; x_wconf 90' lang='lat' dir='ltr'>guis</span> <span class='ocrx_word' id='word_1_621' title='bbox 2365 1947 2529 2003; x_wconf 86' lang='lat' dir='ltr'>super</span> <span class='ocrx_word' id='word_1_622' title='bbox 2556 1932 2779 1987; x_wconf 89' lang='lat' dir='ltr'>aridam</span> <span class='ocrx_word' id='word_1_623' title='bbox 2808 1951 2826 1987; x_wconf 92' lang='lat'><strong><em>:</em></strong></span> <span class='ocrx_word' id='word_1_624' title='bbox 2857 1933 2944 1988; x_wconf 92' lang='lat' dir='ltr'>vel</span> <span class='ocrx_word' id='word_1_625' title='bbox 2967 1933 3158 2004; x_wconf 80' lang='lat' dir='ltr'>potius</span> <span class='ocrx_word' id='word_1_626' title='bbox 3187 1949 3354 2004; x_wconf 86' lang='lat' dir='ltr'>super</span> <span class='ocrx_word' id='word_1_627' title='bbox 3384 1934 3630 2000; x_wconf 86' lang='lat' dir='ltr'>aridum,</span> <span class='ocrx_word' id='word_1_628' title='bbox 3657 1935 3714 1989; x_wconf 91' lang='lat' dir='ltr'>id</span> <span class='ocrx_word' id='word_1_629' title='bbox 3749 1941 3865 2002; x_wconf 88' lang='lat' dir='ltr'>est,</span> 
     </span>
    </p>
   </div>
   <div class='ocr_carea' id='block_1_80' title="bbox 2214 2009 3866 2094">
    <p class='ocr_par' dir='ltr' id='par_1_80' title="bbox 2214 2009 3866 2094">
     <span class='ocr_line' id='line_1_80' title="bbox 2214 2009 3866 2094; baseline 0.002 -18"><span class='ocrx_word' id='word_1_630' title='bbox 2214 2036 2392 2092; x_wconf 87' lang='lat' dir='ltr'>super</span> <span class='ocrx_word' id='word_1_631' title='bbox 2423 2022 2476 2076; x_wconf 90' lang='lat' dir='ltr'>id</span> <span class='ocrx_word' id='word_1_632' title='bbox 2513 2022 2666 2092; x_wconf 90' lang='lat' dir='ltr'>quod</span> <span class='ocrx_word' id='word_1_633' title='bbox 2700 2021 2929 2077; x_wconf 89' lang='lat' dir='ltr'>aridum</span> <span class='ocrx_word' id='word_1_634' title='bbox 2955 2027 3043 2078; x_wconf 90' lang='lat' dir='ltr'>est</span> <span class='ocrx_word' id='word_1_635' title='bbox 3065 2009 3267 2094; x_wconf 56' lang='lat' dir='ltr'>{quod</span> <span class='ocrx_word' id='word_1_636' title='bbox 3298 2021 3518 2079; x_wconf 88' lang='lat' dir='ltr'>latinus</span> <span class='ocrx_word' id='word_1_637' title='bbox 3547 2023 3712 2094; x_wconf 82' lang='lat' dir='ltr'>dixit,</span> <span class='ocrx_word' id='word_1_638' title='bbox 3735 2041 3866 2080; x_wconf 88' lang='lat' dir='ltr'>san-</span> 
     </span>
    </p>
   </div>
   <div class='ocr_carea' id='block_1_81' title="bbox 2209 2113 2756 2182">
    <p class='ocr_par' dir='ltr' id='par_1_81' title="bbox 2209 2113 2756 2182">
     <span class='ocr_line' id='line_1_81' title="bbox 2209 2113 2756 2182; baseline 0.002 -18"><span class='ocrx_word' id='word_1_639' title='bbox 2209 2113 2332 2180; x_wconf 88' lang='lat' dir='ltr'>guis</span> <span class='ocrx_word' id='word_1_640' title='bbox 2361 2126 2526 2182; x_wconf 87' lang='lat' dir='ltr'>super</span> <span class='ocrx_word' id='word_1_641' title='bbox 2551 2115 2756 2167; x_wconf 88' lang='lat' dir='ltr'>terram</span> 
     </span>
    </p>
   </div>
   <div class='ocr_carea' id='block_1_82' title="bbox 2284 2200 3865 2272">
    <p class='ocr_par' dir='ltr' id='par_1_82' title="bbox 2284 2200 3865 2272">
     <span class='ocr_line' id='line_1_82' title="bbox 2284 2200 3865 2272; baseline 0.002 -18"><span class='ocrx_word' id='word_1_642' title='bbox 2284 2200 2388 2269; x_wconf 87' lang='lat' dir='ltr'>[1b.</span> <span class='ocrx_word' id='word_1_643' title='bbox 2425 2201 2536 2271; x_wconf 91' lang='lat'>10.]</span> <span class='ocrx_word' id='word_1_644' title='bbox 2567 2204 2789 2272; x_wconf 79' lang='lat' dir='ltr'>Moyses</span> <span class='ocrx_word' id='word_1_645' title='bbox 2820 2201 2964 2256; x_wconf 90' lang='lat' dir='ltr'>dicit</span> <span class='ocrx_word' id='word_1_646' title='bbox 2997 2219 3008 2256; x_wconf 94' lang='lat'>:</span> <span class='ocrx_word' id='word_1_647' title='bbox 3042 2207 3264 2270; x_wconf 83' lang='lat' dir='ltr'>Precor,</span> <span class='ocrx_word' id='word_1_648' title='bbox 3315 2203 3557 2268; x_wconf 89' lang='lat' dir='ltr'>Domine,</span> <span class='ocrx_word' id='word_1_649' title='bbox 3599 2219 3712 2260; x_wconf 87' lang='lat' dir='ltr'>non</span> <span class='ocrx_word' id='word_1_650' title='bbox 3738 2219 3865 2258; x_wconf 87' lang='lat' dir='ltr'>sum</span> 
     </span>
    </p>
   </div>
   <div class='ocr_carea' id='block_1_83' title="bbox 2213 2288 3790 2360">
    <p class='ocr_par' dir='ltr' id='par_1_83' title="bbox 2213 2288 3790 2360">
     <span class='ocr_line' id='line_1_83' title="bbox 2213 2288 3790 2360; baseline 0.001 -16"><span class='ocrx_word' id='word_1_651' title='bbox 2213 2288 2465 2360; x_wconf 85' lang='lat' dir='ltr'>eloquens</span> <span class='ocrx_word' id='word_1_652' title='bbox 2494 2299 2621 2345; x_wconf 90' lang='lat' dir='ltr'>ante</span> <span class='ocrx_word' id='word_1_653' title='bbox 2649 2291 2954 2345; x_wconf 87' lang='lat' dir='ltr'>hesternam</span> <span class='ocrx_word' id='word_1_654' title='bbox 2985 2300 3035 2346; x_wconf 91' lang='lat' dir='ltr'>et</span> <span class='ocrx_word' id='word_1_655' title='bbox 3064 2292 3571 2347; x_wconf 89' lang='lat' dir='ltr'>nudiustertianam</span> <span class='ocrx_word' id='word_1_656' title='bbox 3607 2293 3790 2348; x_wconf 85' lang='lat' dir='ltr'>diem.</span> 
     </span>
    </p>
   </div>
   <div class='ocr_carea' id='block_1_84' title="bbox 2287 2379 3868 2452">
    <p class='ocr_par' dir='ltr' id='par_1_84' title="bbox 2287 2379 3868 2452">
     <span class='ocr_line' id='line_1_84' title="bbox 2287 2379 3868 2452; baseline 0.003 -20"><span class='ocrx_word' id='word_1_657' title='bbox 2287 2379 2303 2448; x_wconf 80' lang='lat'>[</span> <span class='ocrx_word' id='word_1_658' title='bbox 2313 2379 2392 2433; x_wconf 92' lang='lat' dir='ltr'>Ib.</span> <span class='ocrx_word' id='word_1_659' title='bbox 2429 2381 2539 2449; x_wconf 90' lang='lat'>17.]</span> <span class='ocrx_word' id='word_1_660' title='bbox 2563 2380 2626 2433; x_wconf 88' lang='lat' dir='ltr'>Et</span> <span class='ocrx_word' id='word_1_661' title='bbox 2653 2381 2869 2448; x_wconf 84' lang='lat' dir='ltr'>virgam</span> <span class='ocrx_word' id='word_1_662' title='bbox 2891 2379 3032 2435; x_wconf 87' lang='lat' dir='ltr'>hanc</span> <span class='ocrx_word' id='word_1_663' title='bbox 3059 2397 3238 2436; x_wconf 87' lang='lat' dir='ltr'>sumes</span> <span class='ocrx_word' id='word_1_664' title='bbox 3262 2383 3320 2436; x_wconf 81' lang='lat' dir='ltr'>in</span> <span class='ocrx_word' id='word_1_665' title='bbox 3345 2398 3571 2436; x_wconf 87' lang='lat' dir='ltr'>manum</span> <span class='ocrx_word' id='word_1_666' title='bbox 3603 2391 3779 2452; x_wconf 88' lang='lat' dir='ltr'>tuam,</span> <span class='ocrx_word' id='word_1_667' title='bbox 3805 2383 3868 2437; x_wconf 86' lang='lat' dir='ltr'>in</span> 
     </span>
    </p>
   </div>
   <div class='ocr_carea' id='block_1_85' title="bbox 2212 2469 3867 2542">
    <p class='ocr_par' dir='ltr' id='par_1_85' title="bbox 2212 2469 3867 2542">
     <span class='ocr_line' id='line_1_85' title="bbox 2212 2469 3867 2542; baseline 0.003 -21"><span class='ocrx_word' id='word_1_668' title='bbox 2212 2485 2321 2540; x_wconf 90' lang='lat' dir='ltr'>qua</span> <span class='ocrx_word' id='word_1_669' title='bbox 2335 2470 2509 2538; x_wconf 82' lang='lat' dir='ltr'>facies</span> <span class='ocrx_word' id='word_1_670' title='bbox 2530 2470 2585 2522; x_wconf 87' lang='lat' dir='ltr'>in</span> <span class='ocrx_word' id='word_1_671' title='bbox 2611 2485 2676 2523; x_wconf 89' lang='lat' dir='ltr'>ea</span> <span class='ocrx_word' id='word_1_672' title='bbox 2691 2470 2851 2537; x_wconf 89' lang='lat' dir='ltr'>signa</span> <span class='ocrx_word' id='word_1_673' title='bbox 2867 2485 2886 2530; x_wconf 89' lang='grc'><strong>,·</strong></span> <span class='ocrx_word' id='word_1_674' title='bbox 2919 2485 3051 2523; x_wconf 92' lang='lat' dir='ltr'>cum</span> <span class='ocrx_word' id='word_1_675' title='bbox 3075 2469 3189 2524; x_wconf 88' lang='lat' dir='ltr'>dici</span> <span class='ocrx_word' id='word_1_676' title='bbox 3214 2476 3431 2541; x_wconf 88' lang='lat' dir='ltr'>posset,</span> <span class='ocrx_word' id='word_1_677' title='bbox 3456 2471 3513 2525; x_wconf 91' lang='lat' dir='ltr'>in</span> <span class='ocrx_word' id='word_1_678' title='bbox 3543 2487 3660 2542; x_wconf 88' lang='lat' dir='ltr'>qua</span> <span class='ocrx_word' id='word_1_679' title='bbox 3683 2471 3867 2526; x_wconf 83' lang='lat' dir='ltr'>facies</span> 
     </span>
    </p>
   </div>
   <div class='ocr_carea' id='block_1_86' title="bbox 2214 2557 3866 2630">
    <p class='ocr_par' dir='ltr' id='par_1_86' title="bbox 2214 2557 3866 2630">
     <span class='ocr_line' id='line_1_86' title="bbox 2214 2557 3866 2630; baseline 0.001 -16"><span class='ocrx_word' id='word_1_680' title='bbox 2214 2557 2419 2627; x_wconf 86' lang='lat' dir='ltr'>signa;</span> <span class='ocrx_word' id='word_1_681' title='bbox 2453 2563 2555 2612; x_wconf 91' lang='lat' dir='ltr'>aut</span> <span class='ocrx_word' id='word_1_682' title='bbox 2599 2563 2772 2623; x_wconf 88' lang='lat' dir='ltr'>certe,</span> <span class='ocrx_word' id='word_1_683' title='bbox 2823 2558 3062 2630; x_wconf 87' lang='lat' dir='ltr'>Virgam</span> <span class='ocrx_word' id='word_1_684' title='bbox 3093 2558 3245 2614; x_wconf 86' lang='lat' dir='ltr'>hanc</span> <span class='ocrx_word' id='word_1_685' title='bbox 3297 2576 3494 2616; x_wconf 89' lang='lat' dir='ltr'>sumes</span> <span class='ocrx_word' id='word_1_686' title='bbox 3526 2559 3584 2615; x_wconf 90' lang='lat' dir='ltr'>in</span> <span class='ocrx_word' id='word_1_687' title='bbox 3618 2576 3866 2616; x_wconf 90' lang='lat' dir='ltr'>manum</span> 
     </span>
    </p>
   </div>
   <div class='ocr_carea' id='block_1_87' title="bbox 2213 2648 3866 2721">
    <p class='ocr_par' dir='ltr' id='par_1_87' title="bbox 2213 2648 3866 2721">
     <span class='ocr_line' id='line_1_87' title="bbox 2213 2648 3866 2721; baseline 0.002 -20"><span class='ocrx_word' id='word_1_688' title='bbox 2213 2651 2397 2716; x_wconf 89' lang='lat' dir='ltr'>tuam,</span> <span class='ocrx_word' id='word_1_689' title='bbox 2433 2653 2489 2701; x_wconf 88' lang='lat' dir='ltr'>et</span> <span class='ocrx_word' id='word_1_690' title='bbox 2523 2648 2699 2702; x_wconf 81' lang='lat' dir='ltr'>facies</span> <span class='ocrx_word' id='word_1_691' title='bbox 2731 2648 2789 2702; x_wconf 88' lang='lat' dir='ltr'>in</span> <span class='ocrx_word' id='word_1_692' title='bbox 2842 2665 2909 2702; x_wconf 88' lang='lat' dir='ltr'>ea</span> <span class='ocrx_word' id='word_1_693' title='bbox 2939 2648 3109 2719; x_wconf 87' lang='lat' dir='ltr'>signa</span> <span class='ocrx_word' id='word_1_694' title='bbox 3141 2666 3153 2704; x_wconf 88' lang='lat'><strong>:</strong></span> <span class='ocrx_word' id='word_1_695' title='bbox 3189 2665 3346 2704; x_wconf 91' lang='lat' dir='ltr'>nunc</span> <span class='ocrx_word' id='word_1_696' title='bbox 3378 2666 3508 2705; x_wconf 88' lang='lat' dir='ltr'>vero</span> <span class='ocrx_word' id='word_1_697' title='bbox 3543 2659 3866 2721; x_wconf 86' lang='lat' dir='ltr'>ulrumque</span> 
     </span>
    </p>
   </div>
   <div class='ocr_carea' id='block_1_88' title="bbox 2215 2735 3556 2809">
    <p class='ocr_par' dir='ltr' id='par_1_88' title="bbox 2215 2735 3556 2809">
     <span class='ocr_line' id='line_1_88' title="bbox 2215 2735 3556 2809; baseline 0.002 -18"><span class='ocrx_word' id='word_1_698' title='bbox 2215 2736 2436 2791; x_wconf 90' lang='lat' dir='ltr'>dictum</span> <span class='ocrx_word' id='word_1_699' title='bbox 2463 2741 2551 2791; x_wconf 88' lang='lat' dir='ltr'>est</span> <span class='ocrx_word' id='word_1_700' title='bbox 2581 2735 2756 2791; x_wconf 90' lang='lat' dir='ltr'>solita</span> <span class='ocrx_word' id='word_1_701' title='bbox 2781 2736 3072 2792; x_wconf 90' lang='lat' dir='ltr'>locutione</span> <span class='ocrx_word' id='word_1_702' title='bbox 3101 2737 3556 2809; x_wconf 88' lang='lat' dir='ltr'>Scripturarum.</span> 
     </span>
    </p>
   </div>
   <div class='ocr_carea' id='block_1_89' title="bbox 2287 2843 3868 2914">
    <p class='ocr_par' dir='ltr' id='par_1_89' title="bbox 2287 2843 3868 2914">
     <span class='ocr_line' id='line_1_89' title="bbox 2287 2843 3868 2914; baseline 0.003 -17"><span class='ocrx_word' id='word_1_703' title='bbox 2287 2843 2395 2914; x_wconf 78' lang='lat' dir='ltr'>[1b.</span> <span class='ocrx_word' id='word_1_704' title='bbox 2431 2845 2518 2909; x_wconf 86' lang='lat'>18,</span> <span class='ocrx_word' id='word_1_705' title='bbox 2549 2844 2657 2913; x_wconf 89' lang='lat'>19.]</span> <span class='ocrx_word' id='word_1_706' title='bbox 2681 2844 2806 2898; x_wconf 69' lang='grc' dir='ltr'>Ροδί</span> <span class='ocrx_word' id='word_1_707' title='bbox 2845 2844 2958 2898; x_wconf 90' lang='lat' dir='ltr'>dies</span> <span class='ocrx_word' id='word_1_708' title='bbox 2986 2849 3172 2899; x_wconf 88' lang='lat' dir='ltr'>autem</span> <span class='ocrx_word' id='word_1_709' title='bbox 3201 2845 3326 2899; x_wconf 90' lang='lat' dir='ltr'>illos</span> <span class='ocrx_word' id='word_1_710' title='bbox 3353 2846 3574 2913; x_wconf 86' lang='lat' dir='ltr'>multos,</span> <span class='ocrx_word' id='word_1_711' title='bbox 3610 2852 3868 2902; x_wconf 88' lang='lat' dir='ltr'>mortuus</span> 
     </span>
    </p>
   </div>
   <div class='ocr_carea' id='block_1_90' title="bbox 2212 2933 3866 3007">
    <p class='ocr_par' dir='ltr' id='par_1_90' title="bbox 2212 2933 3866 3007">
     <span class='ocr_line' id='line_1_90' title="bbox 2212 2933 3866 3007; baseline 0.002 -19"><span class='ocrx_word' id='word_1_712' title='bbox 2212 2941 2290 2988; x_wconf 80' lang='lat' dir='ltr'>est</span> <span class='ocrx_word' id='word_1_713' title='bbox 2318 2949 2418 2987; x_wconf 79' lang='lat' dir='ltr'>rex</span> <span class='ocrx_word' id='word_1_714' title='bbox 2447 2935 2668 3004; x_wconf 57' lang='lat' dir='ltr'>rEgypti</span> <span class='ocrx_word' id='word_1_715' title='bbox 2696 2951 2713 2986; x_wconf 92' lang='lat'><em>:</em></span> <span class='ocrx_word' id='word_1_716' title='bbox 2745 2933 2894 2988; x_wconf 84' lang='lat' dir='ltr'>dixit</span> <span class='ocrx_word' id='word_1_717' title='bbox 2935 2937 3118 2990; x_wconf 82' lang='lat' dir='ltr'>autem</span> <span class='ocrx_word' id='word_1_718' title='bbox 3160 2935 3425 2990; x_wconf 84' lang='lat' dir='ltr'>Dominus</span> <span class='ocrx_word' id='word_1_719' title='bbox 3454 2935 3525 2990; x_wconf 89' lang='lat' dir='ltr'>ad</span> <span class='ocrx_word' id='word_1_720' title='bbox 3552 2935 3771 3007; x_wconf 81' lang='lat' dir='ltr'>Moysen</span> <span class='ocrx_word' id='word_1_721' title='bbox 3805 2939 3866 2992; x_wconf 85' lang='lat' dir='ltr'>in</span> 
     </span>
    </p>
   </div>
   <div class='ocr_carea' id='block_1_91' title="bbox 2220 3021 3866 3094">
    <p class='ocr_par' dir='ltr' id='par_1_91' title="bbox 2220 3021 3866 3094">
     <span class='ocr_line' id='line_1_91' title="bbox 2220 3021 3866 3094; baseline 0.002 -18"><span class='ocrx_word' id='word_1_722' title='bbox 2220 3021 2471 3088; x_wconf 79' lang='lat' dir='ltr'>Madian,</span> <span class='ocrx_word' id='word_1_723' title='bbox 2506 3021 2664 3089; x_wconf 86' lang='lat' dir='ltr'>Vade,</span> <span class='ocrx_word' id='word_1_724' title='bbox 2693 3039 2859 3092; x_wconf 87' lang='lat' dir='ltr'>perge</span> <span class='ocrx_word' id='word_1_725' title='bbox 2887 3025 2947 3076; x_wconf 88' lang='lat' dir='ltr'>in</span> <span class='ocrx_word' id='word_1_726' title='bbox 2977 3025 3294 3094; x_wconf 75' lang='lat' dir='ltr'>/Egyptum,</span> <span class='ocrx_word' id='word_1_727' title='bbox 3317 3028 3531 3080; x_wconf 86' lang='lat' dir='ltr'>mortui</span> <span class='ocrx_word' id='word_1_728' title='bbox 3559 3029 3684 3080; x_wconf 87' lang='lat' dir='ltr'>sunt</span> <span class='ocrx_word' id='word_1_729' title='bbox 3714 3028 3866 3081; x_wconf 88' lang='lat' dir='ltr'>enim</span> 
     </span>
    </p>
   </div>
   <div class='ocr_carea' id='block_1_92' title="bbox 2213 3112 3864 3183">
    <p class='ocr_par' dir='ltr' id='par_1_92' title="bbox 2213 3112 3864 3183">
     <span class='ocr_line' id='line_1_92' title="bbox 2213 3112 3864 3183; baseline 0.002 -17"><span class='ocrx_word' id='word_1_730' title='bbox 2213 3128 2398 3167; x_wconf 88' lang='lat' dir='ltr'>omnes</span> <span class='ocrx_word' id='word_1_731' title='bbox 2419 3114 2514 3183; x_wconf 91' lang='lat' dir='ltr'>qui</span> <span class='ocrx_word' id='word_1_732' title='bbox 2526 3112 2836 3182; x_wconf 71' lang='lat' dir='ltr'>quaerebant</span> <span class='ocrx_word' id='word_1_733' title='bbox 2857 3114 3103 3167; x_wconf 89' lang='lat' dir='ltr'>animam</span> <span class='ocrx_word' id='word_1_734' title='bbox 3117 3113 3546 3170; x_wconf 85' lang='lat' dir='ltr'>tuam.Multain</span> <span class='ocrx_word' id='word_1_735' title='bbox 3565 3115 3656 3170; x_wconf 89' lang='lat' dir='ltr'>his</span> <span class='ocrx_word' id='word_1_736' title='bbox 3669 3115 3864 3170; x_wconf 87' lang='lat' dir='ltr'>verbis</span> 
     </span>
    </p>
   </div>
   <div class='ocr_carea' id='block_1_93' title="bbox 2212 3202 3867 3276">
    <p class='ocr_par' dir='ltr' id='par_1_93' title="bbox 2212 3202 3867 3276">
     <span class='ocr_line' id='line_1_93' title="bbox 2212 3202 3867 3276; baseline 0.003 -21"><span class='ocrx_word' id='word_1_737' title='bbox 2212 3218 2427 3273; x_wconf 85' lang='lat' dir='ltr'>genera</span> <span class='ocrx_word' id='word_1_738' title='bbox 2446 3202 2808 3257; x_wconf 89' lang='lat' dir='ltr'>locutionum</span> <span class='ocrx_word' id='word_1_739' title='bbox 2836 3203 3091 3258; x_wconf 88' lang='lat' dir='ltr'>notanda</span> <span class='ocrx_word' id='word_1_740' title='bbox 3116 3207 3291 3258; x_wconf 86' lang='lat' dir='ltr'>sunt:</span> <span class='ocrx_word' id='word_1_741' title='bbox 3318 3204 3867 3276; x_wconf 81' lang='lat' dir='ltr'>primo,Vade,perge</span> 
     </span>
    </p>
   </div>
   <div class='ocr_carea' id='block_1_94' title="bbox 2213 3293 3866 3363">
    <p class='ocr_par' dir='ltr' id='par_1_94' title="bbox 2213 3293 3866 3363">
     <span class='ocr_line' id='line_1_94' title="bbox 2213 3293 3866 3363; baseline 0.002 -17"><span class='ocrx_word' id='word_1_742' title='bbox 2213 3294 2273 3346; x_wconf 85' lang='lat' dir='ltr'>in</span> <span class='ocrx_word' id='word_1_743' title='bbox 2305 3294 2615 3362; x_wconf 79' lang='lat' dir='ltr'>/Egyptum,</span> <span class='ocrx_word' id='word_1_744' title='bbox 2645 3297 2925 3363; x_wconf 88' lang='lat' dir='ltr'>tanquam</span> <span class='ocrx_word' id='word_1_745' title='bbox 2959 3309 3073 3346; x_wconf 91' lang='lat' dir='ltr'>non</span> <span class='ocrx_word' id='word_1_746' title='bbox 3105 3293 3403 3348; x_wconf 82' lang='lat' dir='ltr'>sufficeret</span> <span class='ocrx_word' id='word_1_747' title='bbox 3435 3297 3663 3348; x_wconf 87' lang='lat' dir='ltr'>tantum</span> <span class='ocrx_word' id='word_1_748' title='bbox 3699 3295 3866 3362; x_wconf 82' lang='lat' dir='ltr'>Vade,</span> 
     </span>
    </p>
   </div>
   <div class='ocr_carea' id='block_1_95' title="bbox 2211 3379 3868 3454">
    <p class='ocr_par' dir='ltr' id='par_1_95' title="bbox 2211 3379 3868 3454">
     <span class='ocr_line' id='line_1_95' title="bbox 2211 3379 3868 3454; baseline 0.003 -19"><span class='ocrx_word' id='word_1_749' title='bbox 2211 3379 2298 3436; x_wconf 89' lang='lat' dir='ltr'>vel</span> <span class='ocrx_word' id='word_1_750' title='bbox 2321 3385 2548 3436; x_wconf 86' lang='lat' dir='ltr'>tantum</span> <span class='ocrx_word' id='word_1_751' title='bbox 2563 3395 2754 3451; x_wconf 86' lang='lat' dir='ltr'>perge;</span> <span class='ocrx_word' id='word_1_752' title='bbox 2770 3381 3219 3447; x_wconf 85' lang='lat' dir='ltr'>deinde,mortui</span> <span class='ocrx_word' id='word_1_753' title='bbox 3235 3391 3365 3437; x_wconf 87' lang='lat' dir='ltr'>sunt</span> <span class='ocrx_word' id='word_1_754' title='bbox 3385 3399 3570 3437; x_wconf 89' lang='lat' dir='ltr'>omnes</span> <span class='ocrx_word' id='word_1_755' title='bbox 3590 3385 3686 3454; x_wconf 91' lang='lat' dir='ltr'>qui</span> <span class='ocrx_word' id='word_1_756' title='bbox 3706 3399 3868 3454; x_wconf 71' lang='lat' dir='ltr'>quae-</span> 
     </span>
    </p>
   </div>
   <div class='ocr_carea' id='block_1_96' title="bbox 2214 3470 3871 3544">
    <p class='ocr_par' dir='ltr' id='par_1_96' title="bbox 2214 3470 3871 3544">
     <span class='ocr_line' id='line_1_96' title="bbox 2214 3470 3871 3544; baseline 0.001 -19"><span class='ocrx_word' id='word_1_757' title='bbox 2214 3471 2668 3527; x_wconf 87' lang='lat' dir='ltr'>rebantanimam</span> <span class='ocrx_word' id='word_1_758' title='bbox 2687 3473 2859 3536; x_wconf 89' lang='lat' dir='ltr'>tuam,</span> <span class='ocrx_word' id='word_1_759' title='bbox 2883 3487 3016 3524; x_wconf 93' lang='lat' dir='ltr'>cum</span> <span class='ocrx_word' id='word_1_760' title='bbox 3040 3470 3231 3526; x_wconf 79' lang='lat' dir='ltr'>solum</span> <span class='ocrx_word' id='word_1_761' title='bbox 3254 3487 3443 3543; x_wconf 90' lang='lat' dir='ltr'>regem</span> <span class='ocrx_word' id='word_1_762' title='bbox 3474 3472 3697 3544; x_wconf 62' lang='lat' dir='ltr'>[Egypti</span> <span class='ocrx_word' id='word_1_763' title='bbox 3722 3473 3871 3529; x_wconf 88' lang='lat' dir='ltr'>Scri-</span> 
     </span>
    </p>
   </div>
   <div class='ocr_carea' id='block_1_97' title="bbox 2213 3558 3870 3632">
    <p class='ocr_par' dir='ltr' id='par_1_97' title="bbox 2213 3558 3870 3632">
     <span class='ocr_line' id='line_1_97' title="bbox 2213 3558 3870 3632; baseline 0.003 -20"><span class='ocrx_word' id='word_1_764' title='bbox 2213 3565 2386 3632; x_wconf 86' lang='lat' dir='ltr'>ptura</span> <span class='ocrx_word' id='word_1_765' title='bbox 2402 3559 3096 3623; x_wconf 86' lang='lat' dir='ltr'>dixeritmortuum,etde</span> <span class='ocrx_word' id='word_1_766' title='bbox 3119 3558 3242 3616; x_wconf 91' lang='lat' dir='ltr'>solo</span> <span class='ocrx_word' id='word_1_767' title='bbox 3265 3566 3435 3616; x_wconf 89' lang='lat' dir='ltr'>antea</span> <span class='ocrx_word' id='word_1_768' title='bbox 3454 3561 3674 3616; x_wconf 91' lang='lat' dir='ltr'>dictum</span> <span class='ocrx_word' id='word_1_769' title='bbox 3692 3562 3870 3618; x_wconf 84' lang='lat' dir='ltr'>fuerit</span> 
     </span>
    </p>
   </div>
   <div class='ocr_carea' id='block_1_98' title="bbox 2213 3649 3868 3722">
    <p class='ocr_par' dir='ltr' id='par_1_98' title="bbox 2213 3649 3868 3722">
     <span class='ocr_line' id='line_1_98' title="bbox 2213 3649 3868 3722; baseline 0.002 -18"><span class='ocrx_word' id='word_1_770' title='bbox 2213 3652 2363 3722; x_wconf 91' lang='lat' dir='ltr'>quod</span> <span class='ocrx_word' id='word_1_771' title='bbox 2402 3654 2627 3721; x_wconf 84' lang='lat' dir='ltr'>Moysen</span> <span class='ocrx_word' id='word_1_772' title='bbox 2661 3649 2958 3720; x_wconf 65' lang='lat' dir='ltr'>quaerebat</span> <span class='ocrx_word' id='word_1_773' title='bbox 2986 3649 3270 3704; x_wconf 91' lang='lat' dir='ltr'>occidere.</span> <span class='ocrx_word' id='word_1_774' title='bbox 3294 3655 3381 3704; x_wconf 81' lang='lat' dir='ltr'>An</span> <span class='ocrx_word' id='word_1_775' title='bbox 3416 3651 3541 3721; x_wconf 87' lang='lat' dir='ltr'>ipse</span> <span class='ocrx_word' id='word_1_776' title='bbox 3565 3656 3701 3721; x_wconf 85' lang='lat' dir='ltr'>post</span> <span class='ocrx_word' id='word_1_777' title='bbox 3717 3650 3868 3707; x_wconf 87' lang='lat' dir='ltr'>alios</span> 
     </span>
    </p>
   </div>
   <div class='ocr_carea' id='block_1_99' title="bbox 2210 3737 3866 3805">
    <p class='ocr_par' dir='ltr' id='par_1_99' title="bbox 2210 3737 3866 3805">
     <span class='ocr_line' id='line_1_99' title="bbox 2210 3737 3866 3805; baseline 0.001 -11"><span class='ocrx_word' id='word_1_778' title='bbox 2210 3739 2479 3794; x_wconf 79' lang='lat' dir='ltr'>inimicos</span> <span class='ocrx_word' id='word_1_779' title='bbox 2511 3738 2754 3793; x_wconf 88' lang='lat' dir='ltr'>ultimus</span> <span class='ocrx_word' id='word_1_780' title='bbox 2779 3743 3049 3792; x_wconf 87' lang='lat' dir='ltr'>mortuus</span> <span class='ocrx_word' id='word_1_781' title='bbox 3071 3737 3205 3793; x_wconf 86' lang='lat' dir='ltr'>est?</span> <span class='ocrx_word' id='word_1_782' title='bbox 3237 3739 3398 3804; x_wconf 86' lang='lat' dir='ltr'>Quod</span> <span class='ocrx_word' id='word_1_783' title='bbox 3429 3739 3473 3793; x_wconf 89' lang='lat' dir='ltr'>si</span> <span class='ocrx_word' id='word_1_784' title='bbox 3506 3739 3586 3794; x_wconf 84' lang='lat' dir='ltr'>ita</span> <span class='ocrx_word' id='word_1_785' title='bbox 3607 3746 3716 3805; x_wconf 88' lang='lat' dir='ltr'>est,</span> <span class='ocrx_word' id='word_1_786' title='bbox 3748 3757 3866 3795; x_wconf 91' lang='lat' dir='ltr'>non</span> 
     </span>
    </p>
   </div>
   <div class='ocr_carea' id='block_1_100' title="bbox 2213 3828 3867 3900">
    <p class='ocr_par' dir='ltr' id='par_1_100' title="bbox 2213 3828 3867 3900">
     <span class='ocr_line' id='line_1_100' title="bbox 2213 3828 3867 3900; baseline 0 -16"><span class='ocrx_word' id='word_1_787' title='bbox 2213 3829 2450 3891; x_wconf 86' lang='lat' dir='ltr'>locutio,</span> <span class='ocrx_word' id='word_1_788' title='bbox 2469 3828 2568 3882; x_wconf 85' lang='lat' dir='ltr'>sed</span> <span class='ocrx_word' id='word_1_789' title='bbox 2595 3845 2806 3883; x_wconf 88' lang='lat' dir='ltr'>sensus</span> <span class='ocrx_word' id='word_1_790' title='bbox 2825 3832 2933 3882; x_wconf 86' lang='lat' dir='ltr'>est.</span> <span class='ocrx_word' id='word_1_791' title='bbox 2960 3828 3124 3893; x_wconf 85' lang='lat' dir='ltr'>Item,</span> <span class='ocrx_word' id='word_1_792' title='bbox 3149 3830 3253 3899; x_wconf 88' lang='lat' dir='ltr'>qui</span> <span class='ocrx_word' id='word_1_793' title='bbox 3272 3829 3596 3900; x_wconf 66' lang='lat' dir='ltr'>quaerebant</span> <span class='ocrx_word' id='word_1_794' title='bbox 3613 3831 3867 3884; x_wconf 89' lang='lat' dir='ltr'>animam</span> 
     </span>
    </p>
   </div>
   <div class='ocr_carea' id='block_1_101' title="bbox 2212 3916 3866 3982">
    <p class='ocr_par' dir='ltr' id='par_1_101' title="bbox 2212 3916 3866 3982">
     <span class='ocr_line' id='line_1_101' title="bbox 2212 3916 3866 3982; baseline -0.001 -8"><span class='ocrx_word' id='word_1_795' title='bbox 2212 3927 2505 3982; x_wconf 90' lang='lat' dir='ltr'>tuam,non</span> <span class='ocrx_word' id='word_1_796' title='bbox 2532 3917 2588 3971; x_wconf 92' lang='lat' dir='ltr'>in</span> <span class='ocrx_word' id='word_1_797' title='bbox 2614 3916 2764 3971; x_wconf 87' lang='lat' dir='ltr'>malo</span> <span class='ocrx_word' id='word_1_798' title='bbox 2788 3918 3146 3982; x_wconf 88' lang='lat' dir='ltr'>tantum,sed</span> <span class='ocrx_word' id='word_1_799' title='bbox 3173 3917 3348 3972; x_wconf 89' lang='lat' dir='ltr'>etiam</span> <span class='ocrx_word' id='word_1_800' title='bbox 3373 3920 3427 3972; x_wconf 87' lang='lat' dir='ltr'>in</span> <span class='ocrx_word' id='word_1_801' title='bbox 3455 3919 3604 3973; x_wconf 93' lang='lat' dir='ltr'>bono</span> <span class='ocrx_word' id='word_1_802' title='bbox 3627 3919 3740 3973; x_wconf 90' lang='lat' dir='ltr'>dici</span> <span class='ocrx_word' id='word_1_803' title='bbox 3766 3935 3866 3974; x_wconf 89' lang='lat' dir='ltr'>so-</span> 
     </span>
    </p>
   </div>
   <div class='ocr_carea' id='block_1_102' title="bbox 2212 4005 3868 4078">
    <p class='ocr_par' dir='ltr' id='par_1_102' title="bbox 2212 4005 3868 4078">
     <span class='ocr_line' id='line_1_102' title="bbox 2212 4005 3868 4078; baseline 0.001 -17"><span class='ocrx_word' id='word_1_804' title='bbox 2212 4007 2290 4063; x_wconf 91' lang='lat' dir='ltr'>let</span> <span class='ocrx_word' id='word_1_805' title='bbox 2320 4007 2378 4062; x_wconf 91' lang='lat' dir='ltr'>in</span> <span class='ocrx_word' id='word_1_806' title='bbox 2402 4005 2750 4078; x_wconf 82' lang='lat' dir='ltr'>Scripturis:</span> <span class='ocrx_word' id='word_1_807' title='bbox 2780 4023 2912 4060; x_wconf 88' lang='lat' dir='ltr'>nam</span> <span class='ocrx_word' id='word_1_808' title='bbox 2937 4005 3089 4061; x_wconf 90' lang='lat' dir='ltr'>sicut</span> <span class='ocrx_word' id='word_1_809' title='bbox 3118 4006 3231 4072; x_wconf 90' lang='lat' dir='ltr'>hic,</span> <span class='ocrx_word' id='word_1_810' title='bbox 3251 4007 3308 4061; x_wconf 91' lang='lat' dir='ltr'>in</span> <span class='ocrx_word' id='word_1_811' title='bbox 3343 4006 3496 4062; x_wconf 88' lang='lat' dir='ltr'>malo</span> <span class='ocrx_word' id='word_1_812' title='bbox 3527 4007 3752 4063; x_wconf 88' lang='lat' dir='ltr'>dictum</span> <span class='ocrx_word' id='word_1_813' title='bbox 3777 4014 3868 4064; x_wconf 88' lang='lat' dir='ltr'>est</span> 
     </span>
    </p>
   </div>
   <div class='ocr_carea' id='block_1_103' title="bbox 2210 4095 3872 4170">
    <p class='ocr_par' dir='ltr' id='par_1_103' title="bbox 2210 4095 3872 4170">
     <span class='ocr_line' id='line_1_103' title="bbox 2210 4095 3872 4170; baseline 0 -18"><span class='ocrx_word' id='word_1_814' title='bbox 2210 4097 2385 4152; x_wconf 89' lang='lat' dir='ltr'>etiam</span> <span class='ocrx_word' id='word_1_815' title='bbox 2417 4097 2476 4151; x_wconf 93' lang='lat' dir='ltr'>in</span> <span class='ocrx_word' id='word_1_816' title='bbox 2529 4095 2793 4159; x_wconf 88' lang='lat' dir='ltr'>Psalmis,</span> <span class='ocrx_word' id='word_1_817' title='bbox 2829 4096 3265 4165; x_wconf 81' lang='lat' dir='ltr'>Confundantur</span> <span class='ocrx_word' id='word_1_818' title='bbox 3293 4100 3345 4152; x_wconf 89' lang='lat' dir='ltr'>et</span> <span class='ocrx_word' id='word_1_819' title='bbox 3389 4107 3746 4152; x_wconf 85' lang='lat' dir='ltr'>revereantur</span> <span class='ocrx_word' id='word_1_820' title='bbox 3777 4101 3872 4170; x_wconf 87' lang='lat' dir='ltr'>qui</span> 
     </span>
    </p>
   </div>
   <div class='ocr_carea' id='block_1_104' title="bbox 2211 4186 3870 4259">
    <p class='ocr_par' dir='ltr' id='par_1_104' title="bbox 2211 4186 3870 4259">
     <span class='ocr_line' id='line_1_104' title="bbox 2211 4186 3870 4259; baseline 0.001 -18"><span class='ocrx_word' id='word_1_821' title='bbox 2211 4190 2469 4259; x_wconf 72' lang='lat' dir='ltr'>quaerunt</span> <span class='ocrx_word' id='word_1_822' title='bbox 2498 4188 2746 4240; x_wconf 87' lang='lat' dir='ltr'>animam</span> <span class='ocrx_word' id='word_1_823' title='bbox 2798 4201 2977 4241; x_wconf 89' lang='lat' dir='ltr'>meam</span> <span class='ocrx_word' id='word_1_824' title='bbox 3008 4186 3184 4256; x_wconf 89' lang='lat' dir='ltr'>(Psal.</span> <span class='ocrx_word' id='word_1_825' title='bbox 3217 4203 3410 4251; x_wconf 70' lang='lat' dir='ltr'><strong>xxxxx,</strong></span> <span class='ocrx_word' id='word_1_826' title='bbox 3444 4187 3523 4249; x_wconf 79' lang='lat'>15)</span> <span class='ocrx_word' id='word_1_827' title='bbox 3551 4204 3564 4251; x_wconf 87' lang='lat'><strong>;</strong></span> <span class='ocrx_word' id='word_1_828' title='bbox 3599 4187 3656 4240; x_wconf 90' lang='lat' dir='ltr'>in</span> <span class='ocrx_word' id='word_1_829' title='bbox 3692 4187 3870 4253; x_wconf 90' lang='lat' dir='ltr'>bono,</span> 
     </span>
    </p>
   </div>
   <div class='ocr_carea' id='block_1_105' title="bbox 2213 4277 3868 4346">
    <p class='ocr_par' dir='ltr' id='par_1_105' title="bbox 2213 4277 3868 4346">
     <span class='ocr_line' id='line_1_105' title="bbox 2213 4277 3868 4346; baseline 0.001 -15"><span class='ocrx_word' id='word_1_830' title='bbox 2213 4279 2386 4332; x_wconf 88' lang='lat' dir='ltr'>Periit</span> <span class='ocrx_word' id='word_1_831' title='bbox 2414 4281 2542 4346; x_wconf 76' lang='lat' dir='ltr'>fuga</span> <span class='ocrx_word' id='word_1_832' title='bbox 2591 4294 2624 4330; x_wconf 82' lang='grc' dir='ltr'><em>α</em></span> <span class='ocrx_word' id='word_1_833' title='bbox 2671 4291 2774 4339; x_wconf 89' lang='lat' dir='ltr'>me,</span> <span class='ocrx_word' id='word_1_834' title='bbox 2823 4280 3012 4330; x_wconf 85' lang='lat' dir='ltr'>etnon</span> <span class='ocrx_word' id='word_1_835' title='bbox 3055 4279 3131 4330; x_wconf 91' lang='lat' dir='ltr'>est</span> <span class='ocrx_word' id='word_1_836' title='bbox 3175 4278 3274 4345; x_wconf 91' lang='lat' dir='ltr'>qui</span> <span class='ocrx_word' id='word_1_837' title='bbox 3325 4277 3573 4346; x_wconf 85' lang='lat' dir='ltr'>requirat</span> <span class='ocrx_word' id='word_1_838' title='bbox 3617 4280 3868 4332; x_wconf 86' lang='lat' dir='ltr'>animam</span> 
     </span>
    </p>
   </div>
   <div class='ocr_carea' id='block_1_106' title="bbox 2211 4362 3874 4434">
    <p class='ocr_par' dir='ltr' id='par_1_106' title="bbox 2211 4362 3874 4434">
     <span class='ocr_line' id='line_1_106' title="bbox 2211 4362 3874 4434; baseline 0.001 -16"><span class='ocrx_word' id='word_1_839' title='bbox 2211 4380 2388 4419; x_wconf 72' lang='lat' dir='ltr'>meam</span> <span class='ocrx_word' id='word_1_840' title='bbox 2422 4364 2596 4433; x_wconf 87' lang='lat' dir='ltr'>(Psal.</span> <span class='ocrx_word' id='word_1_841' title='bbox 2630 4380 2778 4429; x_wconf 74' lang='lat' dir='ltr'>cm,</span> <span class='ocrx_word' id='word_1_842' title='bbox 2806 4364 2858 4434; x_wconf 83' lang='lat'>5)</span> <span class='ocrx_word' id='word_1_843' title='bbox 2893 4379 2904 4416; x_wconf 93' lang='lat'>:</span> <span class='ocrx_word' id='word_1_844' title='bbox 2941 4362 3051 4417; x_wconf 89' lang='lat' dir='ltr'>nisi</span> <span class='ocrx_word' id='word_1_845' title='bbox 3103 4363 3248 4417; x_wconf 86' lang='lat' dir='ltr'>forte</span> <span class='ocrx_word' id='word_1_846' title='bbox 3281 4362 3502 4434; x_wconf 90' lang='lat' dir='ltr'>aliquid</span> <span class='ocrx_word' id='word_1_847' title='bbox 3536 4363 3753 4419; x_wconf 86' lang='lat' dir='ltr'>distare</span> <span class='ocrx_word' id='word_1_848' title='bbox 3782 4365 3874 4419; x_wconf 92' lang='lat' dir='ltr'>di-</span> 
     </span>
    </p>
   </div>
   <div class='ocr_carea' id='block_1_107' title="bbox 2215 4449 3868 4523">
    <p class='ocr_par' dir='ltr' id='par_1_107' title="bbox 2215 4449 3868 4523">
     <span class='ocr_line' id='line_1_107' title="bbox 2215 4449 3868 4523; baseline 0.001 -14"><span class='ocrx_word' id='word_1_849' title='bbox 2215 4454 2367 4510; x_wconf 89' lang='lat' dir='ltr'>citur</span> <span class='ocrx_word' id='word_1_850' title='bbox 2415 4453 2568 4508; x_wconf 89' lang='lat' dir='ltr'>inter</span> <span class='ocrx_word' id='word_1_851' title='bbox 2613 4457 2940 4521; x_wconf 65' lang='lat' dir='ltr'>quaerentes</span> <span class='ocrx_word' id='word_1_852' title='bbox 2989 4457 3044 4506; x_wconf 93' lang='lat' dir='ltr'>et</span> <span class='ocrx_word' id='word_1_853' title='bbox 3097 4449 3482 4523; x_wconf 88' lang='lat' dir='ltr'>requirentes,</span> <span class='ocrx_word' id='word_1_854' title='bbox 3519 4458 3582 4507; x_wconf 94' lang='lat' dir='ltr'>ut</span> <span class='ocrx_word' id='word_1_855' title='bbox 3628 4452 3775 4509; x_wconf 90' lang='lat' dir='ltr'>illud</span> <span class='ocrx_word' id='word_1_856' title='bbox 3809 4455 3868 4509; x_wconf 90' lang='lat' dir='ltr'>in</span> 
     </span>
    </p>
   </div>
   <div class='ocr_carea' id='block_1_108' title="bbox 2218 4540 3424 4612">
    <p class='ocr_par' dir='ltr' id='par_1_108' title="bbox 2218 4540 3424 4612">
     <span class='ocr_line' id='line_1_108' title="bbox 2218 4540 3424 4612; baseline -0.002 -14"><span class='ocrx_word' id='word_1_857' title='bbox 2218 4543 2392 4604; x_wconf 88' lang='lat' dir='ltr'>malo,</span> <span class='ocrx_word' id='word_1_858' title='bbox 2430 4543 2542 4597; x_wconf 86' lang='lat' dir='ltr'>hoc</span> <span class='ocrx_word' id='word_1_859' title='bbox 2573 4543 2630 4596; x_wconf 88' lang='lat' dir='ltr'>in</span> <span class='ocrx_word' id='word_1_860' title='bbox 2668 4543 2819 4596; x_wconf 89' lang='lat' dir='ltr'>bono</span> <span class='ocrx_word' id='word_1_861' title='bbox 2850 4540 3296 4612; x_wconf 90' lang='lat' dir='ltr'>intelligendum</span> <span class='ocrx_word' id='word_1_862' title='bbox 3329 4541 3424 4596; x_wconf 89' lang='lat' dir='ltr'>sit.</span> 
     </span>
    </p>
   </div>
   <div class='ocr_carea' id='block_1_109' title="bbox 2289 4648 3874 4721">
    <p class='ocr_par' dir='ltr' id='par_1_109' title="bbox 2289 4648 3874 4721">
     <span class='ocr_line' id='line_1_109' title="bbox 2289 4648 3874 4721; baseline 0.002 -18"><span class='ocrx_word' id='word_1_863' title='bbox 2289 4651 2396 4720; x_wconf 75' lang='lat' dir='ltr'>[1b.</span> <span class='ocrx_word' id='word_1_864' title='bbox 2431 4667 2482 4715; x_wconf 78' lang='grc' dir='ltr'>ν,</span> <span class='ocrx_word' id='word_1_865' title='bbox 2518 4649 2624 4721; x_wconf 86' lang='lat'>10.]</span> <span class='ocrx_word' id='word_1_866' title='bbox 2659 4652 2727 4702; x_wconf 65' lang='lat' dir='ltr'>lit</span> <span class='ocrx_word' id='word_1_867' title='bbox 2759 4648 3012 4703; x_wconf 84' lang='lat' dir='ltr'>dicebant</span> <span class='ocrx_word' id='word_1_868' title='bbox 3036 4649 3110 4702; x_wconf 89' lang='lat' dir='ltr'>ad</span> <span class='ocrx_word' id='word_1_869' title='bbox 3136 4648 3410 4719; x_wconf 75' lang='lat' dir='ltr'>populum</span> <span class='ocrx_word' id='word_1_870' title='bbox 3441 4649 3702 4715; x_wconf 80' lang='lat' dir='ltr'>dicentes,</span> <span class='ocrx_word' id='word_1_871' title='bbox 3748 4653 3874 4706; x_wconf 62' lang='lat' dir='ltr'>Herc</span> 
     </span>
    </p>
   </div>
   <div class='ocr_carea' id='block_1_110' title="bbox 2215 4736 3871 4812">
    <p class='ocr_par' dir='ltr' id='par_1_110' title="bbox 2215 4736 3871 4812">
     <span class='ocr_line' id='line_1_110' title="bbox 2215 4736 3871 4812; baseline -0.001 -17"><span class='ocrx_word' id='word_1_872' title='bbox 2215 4739 2347 4795; x_wconf 85' lang='lat' dir='ltr'>dicit</span> <span class='ocrx_word' id='word_1_873' title='bbox 2381 4740 2599 4794; x_wconf 88' lang='lat' dir='ltr'>Pharao</span> <span class='ocrx_word' id='word_1_874' title='bbox 2628 4755 2644 4792; x_wconf 91' lang='lat'><em>:</em></span> <span class='ocrx_word' id='word_1_875' title='bbox 2680 4754 2855 4809; x_wconf 73' lang='lat' dir='ltr'>quam</span> <span class='ocrx_word' id='word_1_876' title='bbox 2891 4736 3241 4792; x_wconf 83' lang='lat' dir='ltr'>locutionem</span> <span class='ocrx_word' id='word_1_877' title='bbox 3277 4737 3465 4812; x_wconf 89' lang='lat' dir='ltr'>piguit</span> <span class='ocrx_word' id='word_1_878' title='bbox 3493 4738 3746 4793; x_wconf 88' lang='lat' dir='ltr'>latinum</span> <span class='ocrx_word' id='word_1_879' title='bbox 3781 4740 3871 4795; x_wconf 89' lang='lat' dir='ltr'>in-</span> 
     </span>
    </p>
   </div>
   <div class='ocr_carea' id='block_1_111' title="bbox 2215 4828 2543 4900">
    <p class='ocr_par' dir='ltr' id='par_1_111' title="bbox 2215 4828 2543 4900">
     <span class='ocr_line' id='line_1_111' title="bbox 2215 4828 2543 4900; baseline -0.012 -16"><span class='ocrx_word' id='word_1_880' title='bbox 2215 4828 2543 4900; x_wconf 85' lang='lat' dir='ltr'>terpretari.</span> 
     </span>
    </p>
   </div>
   <div class='ocr_carea' id='block_1_112' title="bbox 2286 4917 3874 4990">
    <p class='ocr_par' dir='ltr' id='par_1_112' title="bbox 2286 4917 3874 4990">
     <span class='ocr_line' id='line_1_112' title="bbox 2286 4917 3874 4990; baseline 0 -18"><span class='ocrx_word' id='word_1_881' title='bbox 2286 4919 2393 4987; x_wconf 87' lang='lat' dir='ltr'>[1b.</span> <span class='ocrx_word' id='word_1_882' title='bbox 2409 4920 2472 4972; x_wconf 85' lang='lat'>21</span> <span class='ocrx_word' id='word_1_883' title='bbox 2489 4919 2526 4988; x_wconf 92' lang='lat'>.]</span> <span class='ocrx_word' id='word_1_884' title='bbox 2557 4918 2735 4971; x_wconf 86' lang='lat' dir='ltr'>Videat</span> <span class='ocrx_word' id='word_1_885' title='bbox 2758 4918 2894 4970; x_wconf 89' lang='lat' dir='ltr'>Deus</span> <span class='ocrx_word' id='word_1_886' title='bbox 2911 4932 3001 4971; x_wconf 87' lang='lat' dir='ltr'>vos</span> <span class='ocrx_word' id='word_1_887' title='bbox 3016 4923 3068 4972; x_wconf 89' lang='lat' dir='ltr'>et</span> <span class='ocrx_word' id='word_1_888' title='bbox 3081 4917 3314 4987; x_wconf 90' lang='lat' dir='ltr'>judicet,</span> <span class='ocrx_word' id='word_1_889' title='bbox 3339 4919 3603 4990; x_wconf 88' lang='lat' dir='ltr'>quoniam</span> <span class='ocrx_word' id='word_1_890' title='bbox 3623 4934 3874 4974; x_wconf 83' lang='lat' dir='ltr'>exsecra-</span> 
     </span>
    </p>
   </div>
   <div class='ocr_carea' id='block_1_113' title="bbox 2217 5005 3874 5078">
    <p class='ocr_par' dir='ltr' id='par_1_113' title="bbox 2217 5005 3874 5078">
     <span class='ocr_line' id='line_1_113' title="bbox 2217 5005 3874 5078; baseline -0.001 -15"><span class='ocrx_word' id='word_1_891' title='bbox 2217 5008 2380 5063; x_wconf 88' lang='lat' dir='ltr'>bilem</span> <span class='ocrx_word' id='word_1_892' title='bbox 2408 5007 2614 5077; x_wconf 74' lang='lat' dir='ltr'>fecistis</span> <span class='ocrx_word' id='word_1_893' title='bbox 2643 5005 2857 5060; x_wconf 88' lang='lat' dir='ltr'>odorem</span> <span class='ocrx_word' id='word_1_894' title='bbox 2878 5014 3124 5062; x_wconf 85' lang='lat' dir='ltr'>nostrum</span> <span class='ocrx_word' id='word_1_895' title='bbox 3158 5008 3342 5078; x_wconf 91' lang='lat' dir='ltr'>palam</span> <span class='ocrx_word' id='word_1_896' title='bbox 3362 5008 3678 5073; x_wconf 79' lang='lat' dir='ltr'>Pharaone,</span> <span class='ocrx_word' id='word_1_897' title='bbox 3703 5016 3755 5063; x_wconf 89' lang='lat' dir='ltr'>et</span> <span class='ocrx_word' id='word_1_898' title='bbox 3772 5025 3874 5078; x_wconf 85' lang='lat' dir='ltr'>pa-</span> 
     </span>
    </p>
   </div>
   <div class='ocr_carea' id='block_1_114' title="bbox 2217 5086 3880 5167">
    <p class='ocr_par' dir='ltr' id='par_1_114' title="bbox 2217 5086 3880 5167">
     <span class='ocr_line' id='line_1_114' title="bbox 2217 5086 3880 5167; baseline 0 -15"><span class='ocrx_word' id='word_1_899' title='bbox 2217 5099 2330 5152; x_wconf 89' lang='lat' dir='ltr'>lam</span> <span class='ocrx_word' id='word_1_900' title='bbox 2357 5086 2523 5152; x_wconf 73' lang='lat' dir='ltr'>servis</span> <span class='ocrx_word' id='word_1_901' title='bbox 2553 5097 2690 5167; x_wconf 87' lang='lat' dir='ltr'>ejus,</span> <span class='ocrx_word' id='word_1_902' title='bbox 2713 5095 2844 5151; x_wconf 89' lang='lat' dir='ltr'>dare</span> <span class='ocrx_word' id='word_1_903' title='bbox 2865 5096 3108 5166; x_wconf 86' lang='lat' dir='ltr'>gladium</span> <span class='ocrx_word' id='word_1_904' title='bbox 3140 5098 3195 5151; x_wconf 85' lang='lat' dir='ltr'>in</span> <span class='ocrx_word' id='word_1_905' title='bbox 3230 5114 3398 5152; x_wconf 86' lang='lat' dir='ltr'>manu</span> <span class='ocrx_word' id='word_1_906' title='bbox 3427 5098 3562 5165; x_wconf 81' lang='lat' dir='ltr'>eius,</span> <span class='ocrx_word' id='word_1_907' title='bbox 3584 5101 3644 5152; x_wconf 88' lang='lat' dir='ltr'>ut</span> <span class='ocrx_word' id='word_1_908' title='bbox 3665 5098 3880 5153; x_wconf 87' lang='lat' dir='ltr'>occidat</span> 
     </span>
    </p>
   </div>
   <div class='ocr_carea' id='block_1_115' title="bbox 2215 5184 3876 5257">
    <p class='ocr_par' dir='ltr' id='par_1_115' title="bbox 2215 5184 3876 5257">
     <span class='ocr_line' id='line_1_115' title="bbox 2215 5184 3876 5257; baseline -0.001 -15"><span class='ocrx_word' id='word_1_909' title='bbox 2215 5204 2313 5242; x_wconf 88' lang='lat' dir='ltr'>nos</span> <span class='ocrx_word' id='word_1_910' title='bbox 2331 5204 2352 5249; x_wconf 90' lang='lat'><em>;</em></span> <span class='ocrx_word' id='word_1_911' title='bbox 2383 5184 3092 5256; x_wconf 70' lang='lat' dir='ltr'>sicenimhabetgrzecus:</span> <span class='ocrx_word' id='word_1_912' title='bbox 3124 5185 3344 5240; x_wconf 84' lang='lat' dir='ltr'>latinus</span> <span class='ocrx_word' id='word_1_913' title='bbox 3367 5190 3562 5241; x_wconf 88' lang='lat' dir='ltr'>autem</span> <span class='ocrx_word' id='word_1_914' title='bbox 3586 5185 3876 5257; x_wconf 89' lang='lat' dir='ltr'>ait,quem</span> 
     </span>
    </p>
   </div>
   <div class='ocr_carea' id='block_1_116' title="bbox 2217 5273 3878 5348">
    <p class='ocr_par' dir='ltr' id='par_1_116' title="bbox 2217 5273 3878 5348">
     <span class='ocr_line' id='line_1_116' title="bbox 2217 5273 3878 5348; baseline 0 -17"><span class='ocrx_word' id='word_1_915' title='bbox 2217 5294 2319 5348; x_wconf 94' lang='lat' dir='ltr'>pro</span> <span class='ocrx_word' id='word_1_916' title='bbox 2340 5275 2560 5347; x_wconf 84' lang='lat' dir='ltr'>optimo</span> <span class='ocrx_word' id='word_1_917' title='bbox 2577 5273 2835 5343; x_wconf 72' lang='lat' dir='ltr'>legebam</span> <span class='ocrx_word' id='word_1_918' title='bbox 2849 5291 2937 5339; x_wconf 91' lang='lat' dir='ltr'>us,</span> <span class='ocrx_word' id='word_1_919' title='bbox 2952 5279 3011 5329; x_wconf 85' lang='lat' dir='ltr'>ut</span> <span class='ocrx_word' id='word_1_920' title='bbox 3039 5274 3242 5330; x_wconf 88' lang='lat' dir='ltr'>daretis</span> <span class='ocrx_word' id='word_1_921' title='bbox 3267 5275 3516 5344; x_wconf 87' lang='lat' dir='ltr'>gladium</span> <span class='ocrx_word' id='word_1_922' title='bbox 3537 5277 3597 5330; x_wconf 84' lang='lat' dir='ltr'>in</span> <span class='ocrx_word' id='word_1_923' title='bbox 3615 5277 3878 5331; x_wconf 84' lang='lat' dir='ltr'>manibus</span> 
     </span>
    </p>
   </div>
   <div class='ocr_carea' id='block_1_117' title="bbox 2213 5364 3877 5438">
    <p class='ocr_par' dir='ltr' id='par_1_117' title="bbox 2213 5364 3877 5438">
     <span class='ocr_line' id='line_1_117' title="bbox 2213 5364 3877 5438; baseline 0.001 -16"><span class='ocrx_word' id='word_1_924' title='bbox 2213 5369 2370 5436; x_wconf 79' lang='lat' dir='ltr'>eius;</span> <span class='ocrx_word' id='word_1_925' title='bbox 2402 5365 2499 5437; x_wconf 88' lang='lat' dir='ltr'>qui</span> <span class='ocrx_word' id='word_1_926' title='bbox 2535 5364 2921 5431; x_wconf 85' lang='lat' dir='ltr'>solcecismus,</span> <span class='ocrx_word' id='word_1_927' title='bbox 2956 5365 3117 5422; x_wconf 82' lang='lat' dir='ltr'>nulla</span> <span class='ocrx_word' id='word_1_928' title='bbox 3147 5365 3645 5438; x_wconf 87' lang='lat' dir='ltr'>interpretationis</span> <span class='ocrx_word' id='word_1_929' title='bbox 3675 5382 3877 5423; x_wconf 88' lang='lat' dir='ltr'>neces-</span> 
     </span>
    </p>
   </div>
   <div class='ocr_carea' id='block_1_118' title="bbox 2217 5454 3519 5527">
    <p class='ocr_par' dir='ltr' id='par_1_118' title="bbox 2217 5454 3519 5527">
     <span class='ocr_line' id='line_1_118' title="bbox 2217 5454 3519 5527; baseline -0.002 -16"><span class='ocrx_word' id='word_1_930' title='bbox 2217 5456 2388 5512; x_wconf 88' lang='lat' dir='ltr'>sitate</span> <span class='ocrx_word' id='word_1_931' title='bbox 2422 5457 2610 5509; x_wconf 80' lang='lat' dir='ltr'>factus</span> <span class='ocrx_word' id='word_1_932' title='bbox 2643 5459 2754 5520; x_wconf 86' lang='lat' dir='ltr'>est,</span> <span class='ocrx_word' id='word_1_933' title='bbox 2786 5454 2927 5524; x_wconf 87' lang='lat' dir='ltr'>quia</span> <span class='ocrx_word' id='word_1_934' title='bbox 2958 5455 3015 5508; x_wconf 91' lang='lat' dir='ltr'>in</span> <span class='ocrx_word' id='word_1_935' title='bbox 3049 5470 3235 5527; x_wconf 83' lang='lat' dir='ltr'>graeco</span> <span class='ocrx_word' id='word_1_936' title='bbox 3266 5472 3380 5510; x_wconf 88' lang='lat' dir='ltr'>non</span> <span class='ocrx_word' id='word_1_937' title='bbox 3412 5460 3519 5511; x_wconf 88' lang='lat' dir='ltr'>est.</span> 
     </span>
    </p>
   </div>
   <div class='ocr_carea' id='block_1_119' title="bbox 2285 5562 3873 5633">
    <p class='ocr_par' dir='ltr' id='par_1_119' title="bbox 2285 5562 3873 5633">
     <span class='ocr_line' id='line_1_119' title="bbox 2285 5562 3873 5633; baseline 0.002 -17"><span class='ocrx_word' id='word_1_938' title='bbox 2285 5564 2392 5631; x_wconf 80' lang='lat' dir='ltr'>[1b.</span> <span class='ocrx_word' id='word_1_939' title='bbox 2412 5580 2490 5630; x_wconf 79' lang='lat' dir='ltr'>v1,</span> <span class='ocrx_word' id='word_1_940' title='bbox 2511 5563 2588 5633; x_wconf 73' lang='grc'>4.]</span> <span class='ocrx_word' id='word_1_941' title='bbox 2606 5563 2796 5618; x_wconf 83' lang='lat' dir='ltr'>.Statui</span> <span class='ocrx_word' id='word_1_942' title='bbox 2817 5567 3209 5618; x_wconf 85' lang='lat' dir='ltr'>testamentum</span> <span class='ocrx_word' id='word_1_943' title='bbox 3235 5579 3412 5618; x_wconf 85' lang='lat' dir='ltr'>meum</span> <span class='ocrx_word' id='word_1_944' title='bbox 3435 5562 3510 5619; x_wconf 88' lang='lat' dir='ltr'>ad</span> <span class='ocrx_word' id='word_1_945' title='bbox 3534 5562 3690 5629; x_wconf 85' lang='lat' dir='ltr'>illos,</span> <span class='ocrx_word' id='word_1_946' title='bbox 3708 5565 3790 5620; x_wconf 85' lang='lat' dir='ltr'>ita</span> <span class='ocrx_word' id='word_1_947' title='bbox 3811 5572 3873 5619; x_wconf 88' lang='lat' dir='ltr'>ut</span> 
     </span>
    </p>
   </div>
   <div class='ocr_carea' id='block_1_120' title="bbox 2209 5650 3868 5721">
    <p class='ocr_par' dir='ltr' id='par_1_120' title="bbox 2209 5650 3868 5721">
     <span class='ocr_line' id='line_1_120' title="bbox 2209 5650 3868 5721; baseline 0.001 -15"><span class='ocrx_word' id='word_1_948' title='bbox 2209 5651 2404 5706; x_wconf 88' lang='lat' dir='ltr'>darem</span> <span class='ocrx_word' id='word_1_949' title='bbox 2431 5653 2546 5707; x_wconf 90' lang='lat' dir='ltr'>illis</span> <span class='ocrx_word' id='word_1_950' title='bbox 2562 5656 2771 5705; x_wconf 84' lang='lat' dir='ltr'>terram</span> <span class='ocrx_word' id='word_1_951' title='bbox 2798 5650 3267 5718; x_wconf 73' lang='lat' dir='ltr'>Chananaeorum,</span> <span class='ocrx_word' id='word_1_952' title='bbox 3286 5656 3337 5708; x_wconf 88' lang='lat' dir='ltr'>et</span> <span class='ocrx_word' id='word_1_953' title='bbox 3361 5661 3574 5708; x_wconf 88' lang='lat' dir='ltr'>terram</span> <span class='ocrx_word' id='word_1_954' title='bbox 3594 5668 3758 5721; x_wconf 87' lang='lat' dir='ltr'>quam</span> <span class='ocrx_word' id='word_1_955' title='bbox 3779 5655 3868 5707; x_wconf 87' lang='lat' dir='ltr'>in-</span> 
     </span>
    </p>
   </div>
   <div class='ocr_carea' id='block_1_121' title="bbox 2209 5740 3867 5811">
    <p class='ocr_par' dir='ltr' id='par_1_121' title="bbox 2209 5740 3867 5811">
     <span class='ocr_line' id='line_1_121' title="bbox 2209 5740 3867 5811; baseline 0.002 -13"><span class='ocrx_word' id='word_1_956' title='bbox 2209 5743 2515 5808; x_wconf 88' lang='lat' dir='ltr'>coluerunt,</span> <span class='ocrx_word' id='word_1_957' title='bbox 2530 5744 2588 5798; x_wconf 86' lang='lat' dir='ltr'>in</span> <span class='ocrx_word' id='word_1_958' title='bbox 2621 5757 2728 5811; x_wconf 89' lang='lat' dir='ltr'>qua</span> <span class='ocrx_word' id='word_1_959' title='bbox 2758 5749 2808 5796; x_wconf 92' lang='lat' dir='ltr'>et</span> <span class='ocrx_word' id='word_1_960' title='bbox 2829 5741 3181 5797; x_wconf 80' lang='lat' dir='ltr'>incoluerunt</span> <span class='ocrx_word' id='word_1_961' title='bbox 3205 5745 3260 5797; x_wconf 93' lang='lat' dir='ltr'>in</span> <span class='ocrx_word' id='word_1_962' title='bbox 3293 5742 3486 5800; x_wconf 84' lang='lat' dir='ltr'>ea:sic</span> <span class='ocrx_word' id='word_1_963' title='bbox 3506 5742 3662 5799; x_wconf 88' lang='lat' dir='ltr'>enim</span> <span class='ocrx_word' id='word_1_964' title='bbox 3685 5740 3867 5801; x_wconf 87' lang='lat' dir='ltr'>habet</span> 
     </span>
    </p>
   </div>
  </div>
