  <div class='ocr_page' id='page_1' title='image "/cluster/home/n/w/nwhite01/storage/ocr_20150623/34/umn.31951002477328u/259.png"; bbox 0 0 4066 6370; ppageno 0'>
   <div class='ocr_carea' id='block_1_1' title="bbox 424 352 543 411">
    <p class='ocr_par' dir='ltr' id='par_1_1' title="bbox 424 352 543 411">
     <span class='ocr_line' id='line_1_1' title="bbox 424 352 543 411; baseline -0.034 1"><span class='ocrx_word' id='word_1_1' title='bbox 424 352 543 411; x_wconf 82' lang='grc'>507</span> 
     </span>
    </p>
   </div>
   <div class='ocr_carea' id='block_1_2' title="bbox 423 479 2070 556">
    <p class='ocr_par' dir='ltr' id='par_1_2' title="bbox 423 479 2070 556">
     <span class='ocr_line' id='line_1_2' title="bbox 423 479 2070 556; baseline -0.002 -17"><span class='ocrx_word' id='word_1_2' title='bbox 423 483 572 539; x_wconf 88' lang='lat' dir='ltr'>diem</span> <span class='ocrx_word' id='word_1_3' title='bbox 595 483 949 556; x_wconf 77' lang='lat' dir='ltr'>grandinem</span> <span class='ocrx_word' id='word_1_4' title='bbox 976 482 1462 540; x_wconf 84' lang='lat' dir='ltr'>multam.Grando</span> <span class='ocrx_word' id='word_1_5' title='bbox 1492 490 1677 538; x_wconf 89' lang='lat' dir='ltr'>autem</span> <span class='ocrx_word' id='word_1_6' title='bbox 1707 481 1883 538; x_wconf 87' lang='lat' dir='ltr'>mulla</span> <span class='ocrx_word' id='word_1_7' title='bbox 1909 479 2070 535; x_wconf 88' lang='lat' dir='ltr'>valde</span> 
     </span>
    </p>
   </div>
   <div class='ocr_carea' id='block_1_3' title="bbox 427 571 607 629">
    <p class='ocr_par' dir='ltr' id='par_1_3' title="bbox 427 571 607 629">
     <span class='ocr_line' id='line_1_3' title="bbox 427 571 607 629; baseline -0.011 0"><span class='ocrx_word' id='word_1_8' title='bbox 427 571 607 629; x_wconf 89' lang='lat' dir='ltr'>valde.</span> 
     </span>
    </p>
   </div>
   <div class='ocr_carea' id='block_1_4' title="bbox 501 660 2077 736">
    <p class='ocr_par' dir='ltr' id='par_1_4' title="bbox 501 660 2077 736">
     <span class='ocr_line' id='line_1_4' title="bbox 501 660 2077 736; baseline -0.001 -20"><span class='ocrx_word' id='word_1_9' title='bbox 501 663 606 735; x_wconf 85' lang='lat' dir='ltr'>[1b.</span> <span class='ocrx_word' id='word_1_10' title='bbox 639 677 718 731; x_wconf 81' lang='lat' dir='ltr'>ix,</span> <span class='ocrx_word' id='word_1_11' title='bbox 750 662 841 729; x_wconf 87' lang='lat'>29,</span> <span class='ocrx_word' id='word_1_12' title='bbox 872 663 1057 736; x_wconf 88' lang='lat' dir='ltr'>28.]Et</span> <span class='ocrx_word' id='word_1_13' title='bbox 1086 662 1333 718; x_wconf 73' lang='lat' dir='ltr'>desinent</span> <span class='ocrx_word' id='word_1_14' title='bbox 1364 678 1514 718; x_wconf 85' lang='lat' dir='ltr'>voces</span> <span class='ocrx_word' id='word_1_15' title='bbox 1544 666 1594 717; x_wconf 87' lang='lat' dir='ltr'>et</span> <span class='ocrx_word' id='word_1_16' title='bbox 1622 660 2077 733; x_wconf 88' lang='lat' dir='ltr'>grando.Notan-</span> 
     </span>
    </p>
   </div>
   <div class='ocr_carea' id='block_1_5' title="bbox 426 750 2077 824">
    <p class='ocr_par' dir='ltr' id='par_1_5' title="bbox 426 750 2077 824">
     <span class='ocr_line' id='line_1_5' title="bbox 426 750 2077 824; baseline -0.003 -16"><span class='ocrx_word' id='word_1_17' title='bbox 426 754 569 808; x_wconf 89' lang='lat' dir='ltr'>dum</span> <span class='ocrx_word' id='word_1_18' title='bbox 602 756 691 808; x_wconf 90' lang='lat' dir='ltr'>eet</span> <span class='ocrx_word' id='word_1_19' title='bbox 718 752 1260 823; x_wconf 78' lang='lat' dir='ltr'>Scripturam,voces</span> <span class='ocrx_word' id='word_1_20' title='bbox 1286 751 1471 807; x_wconf 90' lang='lat' dir='ltr'>solere</span> <span class='ocrx_word' id='word_1_21' title='bbox 1488 751 1781 824; x_wconf 90' lang='lat' dir='ltr'>appellare</span> <span class='ocrx_word' id='word_1_22' title='bbox 1798 750 2077 815; x_wconf 75' lang='lat' dir='ltr'>tonitrua,</span> 
     </span>
    </p>
   </div>
   <div class='ocr_carea' id='block_1_6' title="bbox 431 838 2082 914">
    <p class='ocr_par' dir='ltr' id='par_1_6' title="bbox 431 838 2082 914">
     <span class='ocr_line' id='line_1_6' title="bbox 431 838 2082 914; baseline -0.002 -17"><span class='ocrx_word' id='word_1_23' title='bbox 431 858 581 914; x_wconf 90' lang='lat' dir='ltr'>quas</span> <span class='ocrx_word' id='word_1_24' title='bbox 610 858 778 896; x_wconf 88' lang='lat' dir='ltr'>voces</span> <span class='ocrx_word' id='word_1_25' title='bbox 809 841 910 896; x_wconf 88' lang='lat' dir='ltr'>Dei</span> <span class='ocrx_word' id='word_1_26' title='bbox 946 842 1117 897; x_wconf 86' lang='lat' dir='ltr'>etiam</span> <span class='ocrx_word' id='word_1_27' title='bbox 1163 842 1384 896; x_wconf 81' lang='lat' dir='ltr'>Pharao</span> <span class='ocrx_word' id='word_1_28' title='bbox 1444 842 1719 913; x_wconf 83' lang='lat' dir='ltr'>superius</span> <span class='ocrx_word' id='word_1_29' title='bbox 1767 838 2082 913; x_wconf 81' lang='lat' dir='ltr'>appellavit</span> 
     </span>
    </p>
   </div>
   <div class='ocr_carea' id='block_1_7' title="bbox 431 930 2083 1002">
    <p class='ocr_par' dir='ltr' id='par_1_7' title="bbox 431 930 2083 1002">
     <span class='ocr_line' id='line_1_7' title="bbox 431 930 2083 1002; baseline -0.002 -16"><span class='ocrx_word' id='word_1_30' title='bbox 431 932 654 997; x_wconf 90' lang='lat' dir='ltr'>dicens,</span> <span class='ocrx_word' id='word_1_31' title='bbox 690 930 860 986; x_wconf 88' lang='lat' dir='ltr'>Orate</span> <span class='ocrx_word' id='word_1_32' title='bbox 886 947 985 1002; x_wconf 88' lang='lat' dir='ltr'>pro</span> <span class='ocrx_word' id='word_1_33' title='bbox 1017 947 1099 987; x_wconf 90' lang='lat' dir='ltr'>me</span> <span class='ocrx_word' id='word_1_34' title='bbox 1128 931 1196 986; x_wconf 90' lang='lat' dir='ltr'>ad</span> <span class='ocrx_word' id='word_1_35' title='bbox 1229 933 1545 999; x_wconf 90' lang='lat' dir='ltr'>Dominum,</span> <span class='ocrx_word' id='word_1_36' title='bbox 1577 940 1635 986; x_wconf 89' lang='lat' dir='ltr'>ut</span> <span class='ocrx_word' id='word_1_37' title='bbox 1663 931 1916 985; x_wconf 74' lang='lat' dir='ltr'>desinant</span> <span class='ocrx_word' id='word_1_38' title='bbox 1958 930 2083 1001; x_wconf 85' lang='lat' dir='ltr'>ﬁeri</span> 
     </span>
    </p>
   </div>
   <div class='ocr_carea' id='block_1_8' title="bbox 429 1018 2083 1092">
    <p class='ocr_par' dir='ltr' id='par_1_8' title="bbox 429 1018 2083 1092">
     <span class='ocr_line' id='line_1_8' title="bbox 429 1018 2083 1092; baseline -0.001 -17"><span class='ocrx_word' id='word_1_39' title='bbox 429 1035 579 1075; x_wconf 89' lang='lat' dir='ltr'>voces</span> <span class='ocrx_word' id='word_1_40' title='bbox 608 1018 750 1074; x_wconf 89' lang='lat' dir='ltr'>Dei:</span> <span class='ocrx_word' id='word_1_41' title='bbox 784 1019 879 1075; x_wconf 88' lang='lat' dir='ltr'>ubi</span> <span class='ocrx_word' id='word_1_42' title='bbox 916 1024 971 1075; x_wconf 89' lang='lat' dir='ltr'>et</span> <span class='ocrx_word' id='word_1_43' title='bbox 993 1019 1091 1075; x_wconf 91' lang='lat' dir='ltr'>illa</span> <span class='ocrx_word' id='word_1_44' title='bbox 1112 1019 1327 1076; x_wconf 89' lang='lat' dir='ltr'>locutio</span> <span class='ocrx_word' id='word_1_45' title='bbox 1358 1024 1445 1075; x_wconf 91' lang='lat' dir='ltr'>est</span> <span class='ocrx_word' id='word_1_46' title='bbox 1475 1021 1629 1092; x_wconf 90' lang='lat' dir='ltr'>quod</span> <span class='ocrx_word' id='word_1_47' title='bbox 1654 1019 2083 1086; x_wconf 81' lang='lat' dir='ltr'>dixit,desinant</span> 
     </span>
    </p>
   </div>
   <div class='ocr_carea' id='block_1_9' title="bbox 430 1108 748 1180">
    <p class='ocr_par' dir='ltr' id='par_1_9' title="bbox 430 1108 748 1180">
     <span class='ocr_line' id='line_1_9' title="bbox 430 1108 748 1180; baseline -0.003 -17"><span class='ocrx_word' id='word_1_48' title='bbox 430 1108 554 1180; x_wconf 86' lang='lat' dir='ltr'>ﬁeri</span> <span class='ocrx_word' id='word_1_49' title='bbox 582 1123 748 1164; x_wconf 87' lang='lat' dir='ltr'>voces.</span> 
     </span>
    </p>
   </div>
   <div class='ocr_carea' id='block_1_10' title="bbox 506 1195 2085 1269">
    <p class='ocr_par' dir='ltr' id='par_1_10' title="bbox 506 1195 2085 1269">
     <span class='ocr_line' id='line_1_10' title="bbox 506 1195 2085 1269; baseline -0.001 -16"><span class='ocrx_word' id='word_1_50' title='bbox 506 1198 613 1265; x_wconf 86' lang='lat' dir='ltr'>[1b.</span> <span class='ocrx_word' id='word_1_51' title='bbox 653 1215 709 1266; x_wconf 83' lang='lat' dir='ltr'>x,</span> <span class='ocrx_word' id='word_1_52' title='bbox 740 1198 899 1269; x_wconf 86' lang='lat' dir='ltr'>2.]Ul</span> <span class='ocrx_word' id='word_1_53' title='bbox 929 1201 1179 1254; x_wconf 87' lang='lat' dir='ltr'>narretis</span> <span class='ocrx_word' id='word_1_54' title='bbox 1212 1200 1271 1254; x_wconf 89' lang='lat' dir='ltr'>in</span> <span class='ocrx_word' id='word_1_55' title='bbox 1300 1215 1459 1255; x_wconf 89' lang='lat' dir='ltr'>aures</span> <span class='ocrx_word' id='word_1_56' title='bbox 1488 1199 1623 1269; x_wconf 84' lang='lat' dir='ltr'>ﬁliis</span> <span class='ocrx_word' id='word_1_57' title='bbox 1651 1200 1922 1265; x_wconf 87' lang='lat' dir='ltr'>vestris,et</span> <span class='ocrx_word' id='word_1_58' title='bbox 1950 1195 2085 1267; x_wconf 88' lang='lat' dir='ltr'>ﬁliis</span> 
     </span>
    </p>
   </div>
   <div class='ocr_carea' id='block_1_11' title="bbox 432 1288 2082 1360">
    <p class='ocr_par' dir='ltr' id='par_1_11' title="bbox 432 1288 2082 1360">
     <span class='ocr_line' id='line_1_11' title="bbox 432 1288 2082 1360; baseline -0.002 -18"><span class='ocrx_word' id='word_1_59' title='bbox 432 1288 678 1359; x_wconf 87' lang='lat' dir='ltr'>ﬁliorum</span> <span class='ocrx_word' id='word_1_60' title='bbox 726 1294 1032 1344; x_wconf 85' lang='lat' dir='ltr'>vestrorum</span> <span class='ocrx_word' id='word_1_61' title='bbox 1063 1305 1412 1360; x_wconf 72' lang='lat' dir='ltr'>quaecumque</span> <span class='ocrx_word' id='word_1_62' title='bbox 1443 1288 1598 1343; x_wconf 79' lang='lat' dir='ltr'>illusi</span> <span class='ocrx_word' id='word_1_63' title='bbox 1630 1288 1899 1359; x_wconf 45' lang='lat' dir='ltr'>.IEgyptiis</span> <span class='ocrx_word' id='word_1_64' title='bbox 1929 1303 1947 1340; x_wconf 88' lang='lat'><em>:</em></span> <span class='ocrx_word' id='word_1_65' title='bbox 1979 1303 2082 1340; x_wconf 89' lang='lat' dir='ltr'>no-</span> 
     </span>
    </p>
   </div>
   <div class='ocr_carea' id='block_1_12' title="bbox 435 1375 2085 1449">
    <p class='ocr_par' dir='ltr' id='par_1_12' title="bbox 435 1375 2085 1449">
     <span class='ocr_line' id='line_1_12' title="bbox 435 1375 2085 1449; baseline -0.001 -18"><span class='ocrx_word' id='word_1_66' title='bbox 435 1378 682 1432; x_wconf 88' lang='lat' dir='ltr'>tandum</span> <span class='ocrx_word' id='word_1_67' title='bbox 714 1378 1214 1448; x_wconf 89' lang='lat' dir='ltr'>quemadmodum</span> <span class='ocrx_word' id='word_1_68' title='bbox 1246 1378 1478 1433; x_wconf 81' lang='lat' dir='ltr'>dicatur</span> <span class='ocrx_word' id='word_1_69' title='bbox 1506 1379 1679 1449; x_wconf 88' lang='lat' dir='ltr'>illusi,</span> <span class='ocrx_word' id='word_1_70' title='bbox 1733 1394 1802 1432; x_wconf 91' lang='lat' dir='ltr'>ne</span> <span class='ocrx_word' id='word_1_71' title='bbox 1828 1378 1972 1431; x_wconf 80' lang='lat' dir='ltr'>forte</span> <span class='ocrx_word' id='word_1_72' title='bbox 2004 1375 2085 1430; x_wconf 88' lang='lat' dir='ltr'>ita</span> 
     </span>
    </p>
   </div>
   <div class='ocr_carea' id='block_1_13' title="bbox 438 1465 2084 1539">
    <p class='ocr_par' dir='ltr' id='par_1_13' title="bbox 438 1465 2084 1539">
     <span class='ocr_line' id='line_1_13' title="bbox 438 1465 2084 1539; baseline -0.002 -18"><span class='ocrx_word' id='word_1_73' title='bbox 438 1466 516 1521; x_wconf 89' lang='lat' dir='ltr'>sit</span> <span class='ocrx_word' id='word_1_74' title='bbox 547 1465 795 1533; x_wconf 90' lang='lat' dir='ltr'>dictum,</span> <span class='ocrx_word' id='word_1_75' title='bbox 826 1467 999 1522; x_wconf 85' lang='lat' dir='ltr'>Draco</span> <span class='ocrx_word' id='word_1_76' title='bbox 1030 1468 1118 1522; x_wconf 87' lang='lat' dir='ltr'>hic</span> <span class='ocrx_word' id='word_1_77' title='bbox 1142 1484 1299 1539; x_wconf 89' lang='lat' dir='ltr'>quem</span> <span class='ocrx_word' id='word_1_78' title='bbox 1327 1468 1545 1537; x_wconf 75' lang='lat' dir='ltr'>ﬁnxisti</span> <span class='ocrx_word' id='word_1_79' title='bbox 1572 1466 1641 1520; x_wconf 88' lang='lat' dir='ltr'>ad</span> <span class='ocrx_word' id='word_1_80' title='bbox 1670 1465 2010 1521; x_wconf 88' lang='lat' dir='ltr'>illudendum</span> <span class='ocrx_word' id='word_1_81' title='bbox 2029 1465 2084 1519; x_wconf 88' lang='lat' dir='ltr'>ei</span> 
     </span>
    </p>
   </div>
   <div class='ocr_carea' id='block_1_14' title="bbox 435 1554 2083 1628">
    <p class='ocr_par' dir='ltr' id='par_1_14' title="bbox 435 1554 2083 1628">
     <span class='ocr_line' id='line_1_14' title="bbox 435 1554 2083 1628; baseline -0.001 -19"><span class='ocrx_word' id='word_1_82' title='bbox 435 1555 609 1626; x_wconf 89' lang='lat' dir='ltr'>(Psal.</span> <span class='ocrx_word' id='word_1_83' title='bbox 641 1570 760 1623; x_wconf 85' lang='lat' dir='ltr'>cm,</span> <span class='ocrx_word' id='word_1_84' title='bbox 792 1556 905 1628; x_wconf 85' lang='lat'>26),</span> <span class='ocrx_word' id='word_1_85' title='bbox 939 1560 995 1611; x_wconf 90' lang='lat' dir='ltr'>et</span> <span class='ocrx_word' id='word_1_86' title='bbox 1025 1555 1167 1611; x_wconf 91' lang='lat' dir='ltr'>illud</span> <span class='ocrx_word' id='word_1_87' title='bbox 1199 1556 1259 1611; x_wconf 90' lang='lat' dir='ltr'>in</span> <span class='ocrx_word' id='word_1_88' title='bbox 1288 1556 1419 1627; x_wconf 88' lang='lat' dir='ltr'>Job,</span> <span class='ocrx_word' id='word_1_89' title='bbox 1456 1560 1569 1611; x_wconf 87' lang='lat' dir='ltr'>IIoc</span> <span class='ocrx_word' id='word_1_90' title='bbox 1595 1560 1671 1611; x_wconf 83' lang='lat' dir='ltr'>est</span> <span class='ocrx_word' id='word_1_91' title='bbox 1704 1556 1927 1610; x_wconf 87' lang='lat' dir='ltr'>initium</span> <span class='ocrx_word' id='word_1_92' title='bbox 1981 1554 2083 1625; x_wconf 85' lang='lat' dir='ltr'>ﬁg-</span> 
     </span>
    </p>
   </div>
   <div class='ocr_carea' id='block_1_15' title="bbox 434 1644 2085 1719">
    <p class='ocr_par' dir='ltr' id='par_1_15' title="bbox 434 1644 2085 1719">
     <span class='ocr_line' id='line_1_15' title="bbox 434 1644 2085 1719; baseline 0.001 -20"><span class='ocrx_word' id='word_1_93' title='bbox 434 1646 607 1699; x_wconf 84' lang='lat' dir='ltr'>menti</span> <span class='ocrx_word' id='word_1_94' title='bbox 653 1645 871 1700; x_wconf 78' lang='lat' dir='ltr'>Domini</span> <span class='ocrx_word' id='word_1_95' title='bbox 919 1645 1059 1716; x_wconf 91' lang='lat' dir='ltr'>quod</span> <span class='ocrx_word' id='word_1_96' title='bbox 1103 1646 1235 1719; x_wconf 79' lang='lat' dir='ltr'>fecit</span> <span class='ocrx_word' id='word_1_97' title='bbox 1285 1646 1354 1700; x_wconf 90' lang='lat' dir='ltr'>ad</span> <span class='ocrx_word' id='word_1_98' title='bbox 1384 1646 1737 1701; x_wconf 84' lang='lat' dir='ltr'>illudendum</span> <span class='ocrx_word' id='word_1_99' title='bbox 1766 1646 1834 1700; x_wconf 87' lang='lat' dir='ltr'>ab</span> <span class='ocrx_word' id='word_1_100' title='bbox 1864 1644 2085 1716; x_wconf 85' lang='lat' dir='ltr'>Angelis</span> 
     </span>
    </p>
   </div>
   <div class='ocr_carea' id='block_1_16' title="bbox 433 1734 980 1806">
    <p class='ocr_par' dir='ltr' id='par_1_16' title="bbox 433 1734 980 1806">
     <span class='ocr_line' id='line_1_16' title="bbox 433 1734 980 1806; baseline 0.002 -18"><span class='ocrx_word' id='word_1_101' title='bbox 433 1734 551 1804; x_wconf 81' lang='lat' dir='ltr'>eius</span> <span class='ocrx_word' id='word_1_102' title='bbox 582 1735 717 1804; x_wconf 88' lang='lat' dir='ltr'>(Job.</span> <span class='ocrx_word' id='word_1_103' title='bbox 750 1751 840 1799; x_wconf 79' lang='lat' dir='ltr'>XL,</span> <span class='ocrx_word' id='word_1_104' title='bbox 875 1735 980 1806; x_wconf 72' lang='grc'>14).</span> 
     </span>
    </p>
   </div>
   <div class='ocr_carea' id='block_1_17' title="bbox 506 1823 2085 1895">
    <p class='ocr_par' dir='ltr' id='par_1_17' title="bbox 506 1823 2085 1895">
     <span class='ocr_line' id='line_1_17' title="bbox 506 1823 2085 1895; baseline 0.001 -18"><span class='ocrx_word' id='word_1_105' title='bbox 506 1823 613 1892; x_wconf 85' lang='lat' dir='ltr'>[1b.</span> <span class='ocrx_word' id='word_1_106' title='bbox 641 1824 713 1891; x_wconf 83' lang='grc'>4.]</span> <span class='ocrx_word' id='word_1_107' title='bbox 750 1826 877 1880; x_wconf 89' lang='lat' dir='ltr'>Ecce</span> <span class='ocrx_word' id='word_1_108' title='bbox 895 1840 988 1895; x_wconf 85' lang='lat' dir='ltr'>ego</span> <span class='ocrx_word' id='word_1_109' title='bbox 1010 1824 1204 1880; x_wconf 79' lang='lat' dir='ltr'>induco</span> <span class='ocrx_word' id='word_1_110' title='bbox 1227 1825 1368 1880; x_wconf 86' lang='lat' dir='ltr'>hanc</span> <span class='ocrx_word' id='word_1_111' title='bbox 1389 1826 1579 1879; x_wconf 85' lang='lat' dir='ltr'>horam</span> <span class='ocrx_word' id='word_1_112' title='bbox 1610 1825 1854 1880; x_wconf 84' lang='lat' dir='ltr'>crastino</span> <span class='ocrx_word' id='word_1_113' title='bbox 1888 1823 1976 1879; x_wconf 89' lang='lat' dir='ltr'>die</span> <span class='ocrx_word' id='word_1_114' title='bbox 2007 1823 2085 1879; x_wconf 89' lang='lat' dir='ltr'>lo-</span> 
     </span>
    </p>
   </div>
   <div class='ocr_carea' id='block_1_18' title="bbox 432 1912 2090 1986">
    <p class='ocr_par' dir='ltr' id='par_1_18' title="bbox 432 1912 2090 1986">
     <span class='ocr_line' id='line_1_18' title="bbox 432 1912 2090 1986; baseline -0.002 -17"><span class='ocrx_word' id='word_1_115' title='bbox 432 1915 640 1969; x_wconf 89' lang='lat' dir='ltr'>custam</span> <span class='ocrx_word' id='word_1_116' title='bbox 670 1914 1072 1969; x_wconf 76' lang='lat' dir='ltr'>multamEcce</span> <span class='ocrx_word' id='word_1_117' title='bbox 1103 1914 1603 1986; x_wconf 85' lang='lat' dir='ltr'>quemadmodum</span> <span class='ocrx_word' id='word_1_118' title='bbox 1638 1912 1912 1985; x_wconf 80' lang='lat' dir='ltr'>superius</span> <span class='ocrx_word' id='word_1_119' title='bbox 1942 1912 2090 1967; x_wconf 88' lang='lat' dir='ltr'>dixit</span> 
     </span>
    </p>
   </div>
   <div class='ocr_carea' id='block_1_19' title="bbox 433 2001 2090 2076">
    <p class='ocr_par' dir='ltr' id='par_1_19' title="bbox 433 2001 2090 2076">
     <span class='ocr_line' id='line_1_19' title="bbox 433 2001 2090 2076; baseline 0 -19"><span class='ocrx_word' id='word_1_120' title='bbox 433 2003 767 2069; x_wconf 89' lang='lat' dir='ltr'>ranam,ubi</span> <span class='ocrx_word' id='word_1_121' title='bbox 790 2003 1045 2059; x_wconf 83' lang='lat' dir='ltr'>diximus</span> <span class='ocrx_word' id='word_1_122' title='bbox 1068 2002 1412 2076; x_wconf 88' lang='lat' dir='ltr'>plerumque</span> <span class='ocrx_word' id='word_1_123' title='bbox 1435 2001 2090 2075; x_wconf 88' lang='lat' dir='ltr'>plusintelligicumali-</span> 
     </span>
    </p>
   </div>
   <div class='ocr_carea' id='block_1_20' title="bbox 433 2090 2091 2166">
    <p class='ocr_par' dir='ltr' id='par_1_20' title="bbox 433 2090 2091 2166">
     <span class='ocr_line' id='line_1_20' title="bbox 433 2090 2091 2166; baseline -0.001 -19"><span class='ocrx_word' id='word_1_124' title='bbox 433 2092 587 2164; x_wconf 92' lang='lat' dir='ltr'>quod</span> <span class='ocrx_word' id='word_1_125' title='bbox 610 2092 949 2163; x_wconf 86' lang='lat' dir='ltr'>hujusmodi</span> <span class='ocrx_word' id='word_1_126' title='bbox 966 2092 1341 2166; x_wconf 78' lang='lat' dir='ltr'>singulariter</span> <span class='ocrx_word' id='word_1_127' title='bbox 1354 2092 1530 2148; x_wconf 91' lang='lat' dir='ltr'>dicitu</span> <span class='ocrx_word' id='word_1_128' title='bbox 1543 2108 1773 2164; x_wconf 87' lang='lat' dir='ltr'>r,quam</span> <span class='ocrx_word' id='word_1_129' title='bbox 1786 2092 1834 2148; x_wconf 90' lang='lat' dir='ltr'>ei</span> <span class='ocrx_word' id='word_1_130' title='bbox 1852 2090 2091 2163; x_wconf 86' lang='lat' dir='ltr'>plurali-</span> 
     </span>
    </p>
   </div>
   <div class='ocr_carea' id='block_1_21' title="bbox 433 2181 2085 2254">
    <p class='ocr_par' dir='ltr' id='par_1_21' title="bbox 433 2181 2085 2254">
     <span class='ocr_line' id='line_1_21' title="bbox 433 2181 2085 2254; baseline 0 -18"><span class='ocrx_word' id='word_1_131' title='bbox 433 2185 522 2237; x_wconf 87' lang='lat' dir='ltr'>ter</span> <span class='ocrx_word' id='word_1_132' title='bbox 541 2182 1237 2239; x_wconf 80' lang='lat' dir='ltr'>diceretur.Manil‘estum</span> <span class='ocrx_word' id='word_1_133' title='bbox 1259 2186 1349 2239; x_wconf 89' lang='lat' dir='ltr'>est</span> <span class='ocrx_word' id='word_1_134' title='bbox 1369 2182 1523 2238; x_wconf 91' lang='lat' dir='ltr'>enim</span> <span class='ocrx_word' id='word_1_135' title='bbox 1547 2181 1683 2254; x_wconf 89' lang='lat' dir='ltr'>plus</span> <span class='ocrx_word' id='word_1_136' title='bbox 1704 2181 2085 2251; x_wconf 88' lang='lat' dir='ltr'>sonare,locu-</span> 
     </span>
    </p>
   </div>
   <div class='ocr_carea' id='block_1_22' title="bbox 432 2270 1989 2343">
    <p class='ocr_par' dir='ltr' id='par_1_22' title="bbox 432 2270 1989 2343">
     <span class='ocr_line' id='line_1_22' title="bbox 432 2270 1989 2343; baseline -0.003 -14"><span class='ocrx_word' id='word_1_137' title='bbox 432 2281 580 2329; x_wconf 87' lang='lat' dir='ltr'>stam</span> <span class='ocrx_word' id='word_1_138' title='bbox 608 2273 863 2340; x_wconf 87' lang='lat' dir='ltr'>multam,</span> <span class='ocrx_word' id='word_1_139' title='bbox 897 2289 1071 2343; x_wconf 88' lang='lat' dir='ltr'>quam</span> <span class='ocrx_word' id='word_1_140' title='bbox 1102 2273 1149 2327; x_wconf 89' lang='lat' dir='ltr'>si</span> <span class='ocrx_word' id='word_1_141' title='bbox 1182 2272 1421 2343; x_wconf 83' lang='lat' dir='ltr'>diceret,</span> <span class='ocrx_word' id='word_1_142' title='bbox 1458 2272 1716 2327; x_wconf 89' lang='lat' dir='ltr'>locustae</span> <span class='ocrx_word' id='word_1_143' title='bbox 1749 2270 1989 2326; x_wconf 87' lang='lat' dir='ltr'>multas.</span> 
     </span>
    </p>
   </div>
   <div class='ocr_carea' id='block_1_23' title="bbox 507 2358 2092 2434">
    <p class='ocr_par' dir='ltr' id='par_1_23' title="bbox 507 2358 2092 2434">
     <span class='ocr_line' id='line_1_23' title="bbox 507 2358 2092 2434; baseline -0.002 -18"><span class='ocrx_word' id='word_1_144' title='bbox 507 2361 615 2434; x_wconf 59' lang='grc' dir='ltr'>ιιι).</span> <span class='ocrx_word' id='word_1_145' title='bbox 648 2362 730 2433; x_wconf 89' lang='grc'>8.]</span> <span class='ocrx_word' id='word_1_146' title='bbox 763 2362 868 2429; x_wconf 87' lang='lat' dir='ltr'>Qui</span> <span class='ocrx_word' id='word_1_147' title='bbox 896 2370 1073 2417; x_wconf 90' lang='lat' dir='ltr'>autem</span> <span class='ocrx_word' id='word_1_148' title='bbox 1101 2371 1150 2418; x_wconf 87' lang='lat' dir='ltr'>et</span> <span class='ocrx_word' id='word_1_149' title='bbox 1181 2362 1275 2434; x_wconf 90' lang='lat' dir='ltr'>qui</span> <span class='ocrx_word' id='word_1_150' title='bbox 1302 2366 1429 2417; x_wconf 89' lang='lat' dir='ltr'>sunt</span> <span class='ocrx_word' id='word_1_151' title='bbox 1459 2363 1555 2433; x_wconf 88' lang='lat' dir='ltr'>qui</span> <span class='ocrx_word' id='word_1_152' title='bbox 1584 2360 1783 2417; x_wconf 84' lang='lat' dir='ltr'>ibunt?</span> <span class='ocrx_word' id='word_1_153' title='bbox 1833 2358 2092 2434; x_wconf 84' lang='lat' dir='ltr'>quotidie</span> 
     </span>
    </p>
   </div>
   <div class='ocr_carea' id='block_1_24' title="bbox 436 2433 2095 2521">
    <p class='ocr_par' dir='ltr' id='par_1_24' title="bbox 436 2433 2095 2521">
     <span class='ocr_line' id='line_1_24' title="bbox 436 2433 2095 2521; baseline -0.001 -16"><span class='ocrx_word' id='word_1_154' title='bbox 436 2433 692 2505; x_wconf 84' lang='lat' dir='ltr'>dicimus</span> <span class='ocrx_word' id='word_1_155' title='bbox 726 2451 1150 2506; x_wconf 85' lang='lat' dir='ltr'>consuetudine</span> <span class='ocrx_word' id='word_1_156' title='bbox 1174 2433 1765 2517; x_wconf 64' lang='lat' dir='ltr'>familiariore,Quam</span> <span class='ocrx_word' id='word_1_157' title='bbox 1793 2448 1893 2521; x_wconf 90' lang='lat' dir='ltr'>qui</span> <span class='ocrx_word' id='word_1_158' title='bbox 1913 2454 1970 2505; x_wconf 90' lang='lat' dir='ltr'>et</span> <span class='ocrx_word' id='word_1_159' title='bbox 1992 2433 2095 2521; x_wconf 51' lang='lat' dir='ltr'>qui</span> 
     </span>
    </p>
   </div>
   <div class='ocr_carea' id='block_1_25' title="bbox 436 2539 649 2595">
    <p class='ocr_par' dir='ltr' id='par_1_25' title="bbox 436 2539 649 2595">
     <span class='ocr_line' id='line_1_25' title="bbox 436 2539 649 2595; baseline -0.009 0"><span class='ocrx_word' id='word_1_160' title='bbox 436 2539 649 2595; x_wconf 84' lang='lat' dir='ltr'>ibunt?</span> 
     </span>
    </p>
   </div>
   <div class='ocr_carea' id='block_1_26' title="bbox 509 2622 2092 2700">
    <p class='ocr_par' dir='ltr' id='par_1_26' title="bbox 509 2622 2092 2700">
     <span class='ocr_line' id='line_1_26' title="bbox 509 2622 2092 2700; baseline -0.001 -16"><span class='ocrx_word' id='word_1_161' title='bbox 509 2630 617 2697; x_wconf 87' lang='lat' dir='ltr'>[1b.</span> <span class='ocrx_word' id='word_1_162' title='bbox 653 2630 764 2700; x_wconf 87' lang='lat'>15.]</span> <span class='ocrx_word' id='word_1_163' title='bbox 795 2631 917 2685; x_wconf 89' lang='lat' dir='ltr'>Non</span> <span class='ocrx_word' id='word_1_164' title='bbox 946 2634 1026 2686; x_wconf 87' lang='lat' dir='ltr'>est</span> <span class='ocrx_word' id='word_1_165' title='bbox 1056 2630 1314 2686; x_wconf 84' lang='lat' dir='ltr'>relictum</span> <span class='ocrx_word' id='word_1_166' title='bbox 1354 2627 1526 2685; x_wconf 88' lang='lat' dir='ltr'>viride</span> <span class='ocrx_word' id='word_1_167' title='bbox 1572 2628 1719 2683; x_wconf 80' lang='lat' dir='ltr'>nihil</span> <span class='ocrx_word' id='word_1_168' title='bbox 1763 2629 1824 2683; x_wconf 88' lang='lat' dir='ltr'>in</span> <span class='ocrx_word' id='word_1_169' title='bbox 1874 2629 2042 2697; x_wconf 84' lang='lat' dir='ltr'>lignis</span> <span class='ocrx_word' id='word_1_170' title='bbox 2073 2622 2092 2669; x_wconf 72' lang='grc'>³</span> 
     </span>
    </p>
   </div>
   <div class='ocr_carea' id='block_1_27' title="bbox 437 2717 2092 2787">
    <p class='ocr_par' dir='ltr' id='par_1_27' title="bbox 437 2717 2092 2787">
     <span class='ocr_line' id='line_1_27' title="bbox 437 2717 2092 2787; baseline 0.001 -15"><span class='ocrx_word' id='word_1_171' title='bbox 437 2717 751 2773; x_wconf 90' lang='lat' dir='ltr'>dicendum</span> <span class='ocrx_word' id='word_1_172' title='bbox 788 2718 895 2773; x_wconf 81' lang='lat' dir='ltr'>fuit</span> <span class='ocrx_word' id='word_1_173' title='bbox 927 2735 1088 2775; x_wconf 90' lang='lat' dir='ltr'>more</span> <span class='ocrx_word' id='word_1_174' title='bbox 1117 2718 1426 2775; x_wconf 83' lang='lat' dir='ltr'>locutionis</span> <span class='ocrx_word' id='word_1_175' title='bbox 1460 2722 1693 2787; x_wconf 67' lang='lat' dir='ltr'>nostrai,</span> <span class='ocrx_word' id='word_1_176' title='bbox 1726 2718 1849 2773; x_wconf 92' lang='lat' dir='ltr'>Non</span> <span class='ocrx_word' id='word_1_177' title='bbox 1882 2721 1969 2773; x_wconf 89' lang='lat' dir='ltr'>est</span> <span class='ocrx_word' id='word_1_178' title='bbox 1999 2733 2092 2774; x_wconf 82' lang='lat' dir='ltr'>re-</span> 
     </span>
    </p>
   </div>
   <div class='ocr_carea' id='block_1_28' title="bbox 438 2807 1426 2880">
    <p class='ocr_par' dir='ltr' id='par_1_28' title="bbox 438 2807 1426 2880">
     <span class='ocr_line' id='line_1_28' title="bbox 438 2807 1426 2880; baseline 0.001 -18"><span class='ocrx_word' id='word_1_179' title='bbox 438 2807 641 2863; x_wconf 89' lang='lat' dir='ltr'>lictum</span> <span class='ocrx_word' id='word_1_180' title='bbox 673 2808 855 2864; x_wconf 85' lang='lat' dir='ltr'>viride</span> <span class='ocrx_word' id='word_1_181' title='bbox 885 2808 1106 2880; x_wconf 90' lang='lat' dir='ltr'>aliquid</span> <span class='ocrx_word' id='word_1_182' title='bbox 1139 2809 1196 2864; x_wconf 91' lang='lat' dir='ltr'>in</span> <span class='ocrx_word' id='word_1_183' title='bbox 1230 2808 1426 2880; x_wconf 82' lang='lat' dir='ltr'>lignis.</span> 
     </span>
    </p>
   </div>
   <div class='ocr_carea' id='block_1_29' title="bbox 508 2898 2096 2970">
    <p class='ocr_par' dir='ltr' id='par_1_29' title="bbox 508 2898 2096 2970">
     <span class='ocr_line' id='line_1_29' title="bbox 508 2898 2096 2970; baseline 0.001 -19"><span class='ocrx_word' id='word_1_184' title='bbox 508 2898 613 2968; x_wconf 81' lang='lat' dir='ltr'>[1b.</span> <span class='ocrx_word' id='word_1_185' title='bbox 651 2899 734 2965; x_wconf 86' lang='lat'>16,</span> <span class='ocrx_word' id='word_1_186' title='bbox 772 2899 881 2969; x_wconf 89' lang='lat'>17.]</span> <span class='ocrx_word' id='word_1_187' title='bbox 916 2898 1137 2953; x_wconf 85' lang='lat' dir='ltr'>Pharao</span> <span class='ocrx_word' id='word_1_188' title='bbox 1170 2900 1240 2953; x_wconf 91' lang='lat' dir='ltr'>ad</span> <span class='ocrx_word' id='word_1_189' title='bbox 1275 2899 1532 2970; x_wconf 82' lang='lat' dir='ltr'>Moysen,</span> <span class='ocrx_word' id='word_1_190' title='bbox 1565 2900 1799 2954; x_wconf 81' lang='lat' dir='ltr'>Peccavi</span> <span class='ocrx_word' id='word_1_191' title='bbox 1828 2902 1957 2953; x_wconf 82' lang='lat' dir='ltr'>ante</span> <span class='ocrx_word' id='word_1_192' title='bbox 1986 2901 2096 2953; x_wconf 79' lang='lat' dir='ltr'>Do&#39;</span> 
     </span>
    </p>
   </div>
   <div class='ocr_carea' id='block_1_30' title="bbox 436 2987 2093 3060">
    <p class='ocr_par' dir='ltr' id='par_1_30' title="bbox 436 2987 2093 3060">
     <span class='ocr_line' id='line_1_30' title="bbox 436 2987 2093 3060; baseline 0.001 -19"><span class='ocrx_word' id='word_1_193' title='bbox 436 2988 656 3042; x_wconf 73' lang='lat' dir='ltr'>minam</span> <span class='ocrx_word' id='word_1_194' title='bbox 687 2988 856 3043; x_wconf 90' lang='lat' dir='ltr'>Deum</span> <span class='ocrx_word' id='word_1_195' title='bbox 886 2998 1126 3044; x_wconf 82' lang='lat' dir='ltr'>vestrum</span> <span class='ocrx_word' id='word_1_196' title='bbox 1157 2993 1209 3044; x_wconf 91' lang='lat' dir='ltr'>et</span> <span class='ocrx_word' id='word_1_197' title='bbox 1240 2990 1299 3043; x_wconf 90' lang='lat' dir='ltr'>in</span> <span class='ocrx_word' id='word_1_198' title='bbox 1331 2989 1513 3051; x_wconf 87' lang='lat' dir='ltr'>vobis;</span> <span class='ocrx_word' id='word_1_199' title='bbox 1544 2990 1807 3060; x_wconf 71' lang='lat' dir='ltr'>suscipite</span> <span class='ocrx_word' id='word_1_200' title='bbox 1834 3004 1959 3058; x_wconf 88' lang='lat' dir='ltr'>ergo</span> <span class='ocrx_word' id='word_1_201' title='bbox 1991 2987 2093 3043; x_wconf 85' lang='lat' dir='ltr'>de-</span> 
     </span>
    </p>
   </div>
   <div class='ocr_carea' id='block_1_31' title="bbox 439 3077 2094 3149">
    <p class='ocr_par' dir='ltr' id='par_1_31' title="bbox 439 3077 2094 3149">
     <span class='ocr_line' id='line_1_31' title="bbox 439 3077 2094 3149; baseline 0.001 -18"><span class='ocrx_word' id='word_1_202' title='bbox 439 3077 631 3132; x_wconf 89' lang='lat' dir='ltr'>lictum</span> <span class='ocrx_word' id='word_1_203' title='bbox 660 3094 845 3133; x_wconf 89' lang='lat' dir='ltr'>meum</span> <span class='ocrx_word' id='word_1_204' title='bbox 876 3097 895 3133; x_wconf 90' lang='lat'><em>:</em></span> <span class='ocrx_word' id='word_1_205' title='bbox 927 3078 1035 3133; x_wconf 89' lang='lat' dir='ltr'>hac</span> <span class='ocrx_word' id='word_1_206' title='bbox 1067 3078 1357 3135; x_wconf 89' lang='lat' dir='ltr'>locutione</span> <span class='ocrx_word' id='word_1_207' title='bbox 1386 3083 1443 3134; x_wconf 92' lang='lat' dir='ltr'>et</span> <span class='ocrx_word' id='word_1_208' title='bbox 1472 3078 1541 3133; x_wconf 89' lang='lat' dir='ltr'>ad</span> <span class='ocrx_word' id='word_1_209' title='bbox 1578 3078 1794 3149; x_wconf 86' lang='lat' dir='ltr'>Josepb</span> <span class='ocrx_word' id='word_1_210' title='bbox 1830 3078 1919 3133; x_wconf 91' lang='lat' dir='ltr'>usi</span> <span class='ocrx_word' id='word_1_211' title='bbox 1954 3081 2094 3133; x_wconf 88' lang='lat' dir='ltr'>sunt</span> 
     </span>
    </p>
   </div>
   <div class='ocr_carea' id='block_1_32' title="bbox 436 3166 2093 3239">
    <p class='ocr_par' dir='ltr' id='par_1_32' title="bbox 436 3166 2093 3239">
     <span class='ocr_line' id='line_1_32' title="bbox 436 3166 2093 3239; baseline 0.002 -19"><span class='ocrx_word' id='word_1_212' title='bbox 436 3166 644 3221; x_wconf 82' lang='lat' dir='ltr'>fratres</span> <span class='ocrx_word' id='word_1_213' title='bbox 673 3167 801 3238; x_wconf 89' lang='lat' dir='ltr'>ejus</span> <span class='ocrx_word' id='word_1_214' title='bbox 834 3168 931 3222; x_wconf 90' lang='lat' dir='ltr'>ubi</span> <span class='ocrx_word' id='word_1_215' title='bbox 963 3168 1255 3223; x_wconf 84' lang='lat' dir='ltr'>dixerunt.</span> <span class='ocrx_word' id='word_1_216' title='bbox 1292 3170 1491 3239; x_wconf 61' lang='lat' dir='ltr'>Accipe</span> <span class='ocrx_word' id='word_1_217' title='bbox 1522 3168 1884 3239; x_wconf 75' lang='lat' dir='ltr'>iniquitatem</span> <span class='ocrx_word' id='word_1_218' title='bbox 1914 3183 2093 3224; x_wconf 90' lang='lat' dir='ltr'>servo-</span> 
     </span>
    </p>
   </div>
   <div class='ocr_carea' id='block_1_33' title="bbox 440 3258 1435 3325">
    <p class='ocr_par' dir='ltr' id='par_1_33' title="bbox 440 3258 1435 3325">
     <span class='ocr_line' id='line_1_33' title="bbox 440 3258 1435 3325; baseline 0.002 -14"><span class='ocrx_word' id='word_1_219' title='bbox 440 3273 566 3311; x_wconf 87' lang='lat' dir='ltr'>rum</span> <span class='ocrx_word' id='word_1_220' title='bbox 602 3259 705 3313; x_wconf 89' lang='lat' dir='ltr'>Dei</span> <span class='ocrx_word' id='word_1_221' title='bbox 730 3259 907 3325; x_wconf 85' lang='lat' dir='ltr'>patris</span> <span class='ocrx_word' id='word_1_222' title='bbox 936 3259 1021 3313; x_wconf 84' lang='lat' dir='ltr'>lui</span> <span class='ocrx_word' id='word_1_223' title='bbox 1047 3261 1205 3325; x_wconf 86' lang='lat' dir='ltr'>(Gen.</span> <span class='ocrx_word' id='word_1_224' title='bbox 1241 3274 1291 3321; x_wconf 88' lang='lat' dir='ltr'>L,</span> <span class='ocrx_word' id='word_1_225' title='bbox 1332 3258 1435 3325; x_wconf 86' lang='lat' dir='ltr'>t7).</span> 
     </span>
    </p>
   </div>
   <div class='ocr_carea' id='block_1_34' title="bbox 507 3345 2088 3417">
    <p class='ocr_par' dir='ltr' id='par_1_34' title="bbox 507 3345 2088 3417">
     <span class='ocr_line' id='line_1_34' title="bbox 507 3345 2088 3417; baseline 0.001 -18"><span class='ocrx_word' id='word_1_226' title='bbox 507 3345 613 3415; x_wconf 89' lang='lat' dir='ltr'>[lb.</span> <span class='ocrx_word' id='word_1_227' title='bbox 643 3345 758 3417; x_wconf 82' lang='lat'>23.]</span> <span class='ocrx_word' id='word_1_228' title='bbox 794 3347 956 3413; x_wconf 89' lang='lat' dir='ltr'>Quod</span> <span class='ocrx_word' id='word_1_229' title='bbox 988 3346 1153 3401; x_wconf 88' lang='lat' dir='ltr'>latini</span> <span class='ocrx_word' id='word_1_230' title='bbox 1188 3346 1422 3409; x_wconf 86' lang='lat' dir='ltr'>habent,</span> <span class='ocrx_word' id='word_1_231' title='bbox 1471 3348 1538 3400; x_wconf 89' lang='lat' dir='ltr'>Et</span> <span class='ocrx_word' id='word_1_232' title='bbox 1584 3362 1740 3401; x_wconf 88' lang='lat' dir='ltr'>nemo</span> <span class='ocrx_word' id='word_1_233' title='bbox 1787 3346 1925 3402; x_wconf 83' lang='lat' dir='ltr'>vidit</span> <span class='ocrx_word' id='word_1_234' title='bbox 1969 3347 2088 3417; x_wconf 78' lang='lat' dir='ltr'>fra-</span> 
     </span>
    </p>
   </div>
   <div class='ocr_carea' id='block_1_35' title="bbox 432 3435 2089 3507">
    <p class='ocr_par' dir='ltr' id='par_1_35' title="bbox 432 3435 2089 3507">
     <span class='ocr_line' id='line_1_35' title="bbox 432 3435 2089 3507; baseline 0.002 -18"><span class='ocrx_word' id='word_1_235' title='bbox 432 3437 569 3489; x_wconf 84' lang='lat' dir='ltr'>trem</span> <span class='ocrx_word' id='word_1_236' title='bbox 601 3451 763 3491; x_wconf 88' lang='lat' dir='ltr'>suum</span> <span class='ocrx_word' id='word_1_237' title='bbox 792 3436 968 3491; x_wconf 85' lang='lat' dir='ltr'>tribus</span> <span class='ocrx_word' id='word_1_238' title='bbox 999 3436 1227 3498; x_wconf 87' lang='lat' dir='ltr'>diebus;</span> <span class='ocrx_word' id='word_1_239' title='bbox 1256 3453 1477 3507; x_wconf 78' lang='lat' dir='ltr'>graecus</span> <span class='ocrx_word' id='word_1_240' title='bbox 1506 3435 1702 3507; x_wconf 87' lang='lat' dir='ltr'>habet,</span> <span class='ocrx_word' id='word_1_241' title='bbox 1718 3438 1782 3491; x_wconf 88' lang='lat' dir='ltr'>Et</span> <span class='ocrx_word' id='word_1_242' title='bbox 1809 3452 1915 3492; x_wconf 91' lang='lat' dir='ltr'>non</span> <span class='ocrx_word' id='word_1_243' title='bbox 1951 3436 2089 3492; x_wconf 85' lang='lat' dir='ltr'>vidit</span> 
     </span>
    </p>
   </div>
   <div class='ocr_carea' id='block_1_36' title="bbox 432 3525 2084 3596">
    <p class='ocr_par' dir='ltr' id='par_1_36' title="bbox 432 3525 2084 3596">
     <span class='ocr_line' id='line_1_36' title="bbox 432 3525 2084 3596; baseline 0.001 -17"><span class='ocrx_word' id='word_1_244' title='bbox 432 3539 589 3579; x_wconf 86' lang='lat' dir='ltr'>nemo</span> <span class='ocrx_word' id='word_1_245' title='bbox 618 3527 855 3596; x_wconf 85' lang='lat' dir='ltr'>fratrem</span> <span class='ocrx_word' id='word_1_246' title='bbox 883 3541 1049 3580; x_wconf 90' lang='lat' dir='ltr'>suum</span> <span class='ocrx_word' id='word_1_247' title='bbox 1078 3543 1096 3579; x_wconf 91' lang='lat'><em>:</em></span> <span class='ocrx_word' id='word_1_248' title='bbox 1130 3527 1451 3580; x_wconf 89' lang='lat' dir='ltr'>notandum</span> <span class='ocrx_word' id='word_1_249' title='bbox 1484 3525 1660 3580; x_wconf 88' lang='lat' dir='ltr'>etiam</span> <span class='ocrx_word' id='word_1_250' title='bbox 1693 3525 1932 3581; x_wconf 80' lang='lat' dir='ltr'>fratrem</span> <span class='ocrx_word' id='word_1_251' title='bbox 1981 3526 2084 3581; x_wconf 87' lang='lat' dir='ltr'>ho-</span> 
     </span>
    </p>
   </div>
   <div class='ocr_carea' id='block_1_37' title="bbox 433 3612 1463 3686">
    <p class='ocr_par' dir='ltr' id='par_1_37' title="bbox 433 3612 1463 3686">
     <span class='ocr_line' id='line_1_37' title="bbox 433 3612 1463 3686; baseline 0.003 -19"><span class='ocrx_word' id='word_1_252' title='bbox 433 3612 611 3668; x_wconf 89' lang='lat' dir='ltr'>minis</span> <span class='ocrx_word' id='word_1_253' title='bbox 643 3613 965 3686; x_wconf 89' lang='lat' dir='ltr'>quemlibet</span> <span class='ocrx_word' id='word_1_254' title='bbox 994 3613 1288 3670; x_wconf 83' lang='lat' dir='ltr'>hominem</span> <span class='ocrx_word' id='word_1_255' title='bbox 1327 3614 1463 3670; x_wconf 90' lang='lat' dir='ltr'>dici.</span> 
     </span>
    </p>
   </div>
   <div class='ocr_carea' id='block_1_38' title="bbox 503 3702 2089 3776">
    <p class='ocr_par' dir='ltr' id='par_1_38' title="bbox 503 3702 2089 3776">
     <span class='ocr_line' id='line_1_38' title="bbox 503 3702 2089 3776; baseline 0.002 -19"><span class='ocrx_word' id='word_1_256' title='bbox 503 3702 610 3775; x_wconf 90' lang='lat' dir='ltr'>[1b.</span> <span class='ocrx_word' id='word_1_257' title='bbox 659 3704 772 3774; x_wconf 68' lang='lat'>24.]</span> <span class='ocrx_word' id='word_1_258' title='bbox 805 3704 1027 3760; x_wconf 83' lang='lat' dir='ltr'>Pharao</span> <span class='ocrx_word' id='word_1_259' title='bbox 1059 3704 1202 3759; x_wconf 89' lang='lat' dir='ltr'>dicit</span> <span class='ocrx_word' id='word_1_260' title='bbox 1230 3704 1301 3759; x_wconf 89' lang='lat' dir='ltr'>ad</span> <span class='ocrx_word' id='word_1_261' title='bbox 1335 3705 1569 3776; x_wconf 88' lang='lat' dir='ltr'>Moysen</span> <span class='ocrx_word' id='word_1_262' title='bbox 1599 3704 1658 3759; x_wconf 72' lang='lat' dir='ltr'>et</span> <span class='ocrx_word' id='word_1_263' title='bbox 1688 3707 1901 3775; x_wconf 80' lang='lat' dir='ltr'>Aaron,</span> <span class='ocrx_word' id='word_1_264' title='bbox 1934 3706 2011 3760; x_wconf 89' lang='lat' dir='ltr'>Ite</span> <span class='ocrx_word' id='word_1_265' title='bbox 2036 3708 2089 3760; x_wconf 86' lang='lat' dir='ltr'>et</span> 
     </span>
    </p>
   </div>
   <div class='ocr_carea' id='block_1_39' title="bbox 435 3794 2089 3865">
    <p class='ocr_par' dir='ltr' id='par_1_39' title="bbox 435 3794 2089 3865">
     <span class='ocr_line' id='line_1_39' title="bbox 435 3794 2089 3865; baseline 0.001 -17"><span class='ocrx_word' id='word_1_266' title='bbox 435 3794 634 3848; x_wconf 81' lang='lat' dir='ltr'>servile</span> <span class='ocrx_word' id='word_1_267' title='bbox 664 3794 894 3849; x_wconf 90' lang='lat' dir='ltr'>Domino</span> <span class='ocrx_word' id='word_1_268' title='bbox 926 3794 1033 3849; x_wconf 92' lang='lat' dir='ltr'>Deo</span> <span class='ocrx_word' id='word_1_269' title='bbox 1061 3798 1464 3865; x_wconf 75' lang='lat' dir='ltr'>vestro,pr:eter</span> <span class='ocrx_word' id='word_1_270' title='bbox 1494 3810 1613 3849; x_wconf 85' lang='lat' dir='ltr'>oves</span> <span class='ocrx_word' id='word_1_271' title='bbox 1642 3801 1693 3849; x_wconf 86' lang='lat' dir='ltr'>et</span> <span class='ocrx_word' id='word_1_272' title='bbox 1727 3796 2089 3861; x_wconf 81' lang='lat' dir='ltr'>boves,relin-</span> 
     </span>
    </p>
   </div>
   <div class='ocr_carea' id='block_1_40' title="bbox 433 3882 2087 3955">
    <p class='ocr_par' dir='ltr' id='par_1_40' title="bbox 433 3882 2087 3955">
     <span class='ocr_line' id='line_1_40' title="bbox 433 3882 2087 3955; baseline 0.001 -17"><span class='ocrx_word' id='word_1_273' title='bbox 433 3885 615 3955; x_wconf 81' lang='lat' dir='ltr'>quite;</span> <span class='ocrx_word' id='word_1_274' title='bbox 644 3884 728 3939; x_wconf 90' lang='lat' dir='ltr'>sic</span> <span class='ocrx_word' id='word_1_275' title='bbox 755 3883 911 3939; x_wconf 89' lang='lat' dir='ltr'>enim</span> <span class='ocrx_word' id='word_1_276' title='bbox 945 3884 1118 3939; x_wconf 87' lang='lat' dir='ltr'>habet</span> <span class='ocrx_word' id='word_1_277' title='bbox 1146 3900 1407 3955; x_wconf 66' lang='lat' dir='ltr'>gressus:</span> <span class='ocrx_word' id='word_1_278' title='bbox 1451 3882 1616 3939; x_wconf 84' lang='lat' dir='ltr'>valde</span> <span class='ocrx_word' id='word_1_279' title='bbox 1677 3884 1956 3940; x_wconf 86' lang='lat' dir='ltr'>inusitata</span> <span class='ocrx_word' id='word_1_280' title='bbox 2004 3883 2087 3940; x_wconf 91' lang='lat' dir='ltr'>lo-</span> 
     </span>
    </p>
   </div>
   <div class='ocr_carea' id='block_1_41' title="bbox 435 3973 2088 4044">
    <p class='ocr_par' dir='ltr' id='par_1_41' title="bbox 435 3973 2088 4044">
     <span class='ocr_line' id='line_1_41' title="bbox 435 3973 2088 4044; baseline 0.001 -17"><span class='ocrx_word' id='word_1_281' title='bbox 435 3974 589 4028; x_wconf 90' lang='lat' dir='ltr'>cutio</span> <span class='ocrx_word' id='word_1_282' title='bbox 621 3977 729 4039; x_wconf 83' lang='lat' dir='ltr'>est,</span> <span class='ocrx_word' id='word_1_283' title='bbox 764 3974 877 4028; x_wconf 89' lang='lat' dir='ltr'>nisi</span> <span class='ocrx_word' id='word_1_284' title='bbox 908 3978 1040 4044; x_wconf 90' lang='lat' dir='ltr'>post</span> <span class='ocrx_word' id='word_1_285' title='bbox 1070 3973 1505 4029; x_wconf 86' lang='lat' dir='ltr'>distinctionem</span> <span class='ocrx_word' id='word_1_286' title='bbox 1559 3975 1861 4041; x_wconf 84' lang='lat' dir='ltr'>inferatur,</span> <span class='ocrx_word' id='word_1_287' title='bbox 1916 3975 2088 4031; x_wconf 87' lang='lat' dir='ltr'>relin-</span> 
     </span>
    </p>
   </div>
   <div class='ocr_carea' id='block_1_42' title="bbox 433 4062 2091 4136">
    <p class='ocr_par' dir='ltr' id='par_1_42' title="bbox 433 4062 2091 4136">
     <span class='ocr_line' id='line_1_42' title="bbox 433 4062 2091 4136; baseline 0.002 -19"><span class='ocrx_word' id='word_1_288' title='bbox 433 4062 596 4134; x_wconf 81' lang='lat' dir='ltr'>quite,</span> <span class='ocrx_word' id='word_1_289' title='bbox 618 4066 675 4119; x_wconf 90' lang='lat' dir='ltr'>et</span> <span class='ocrx_word' id='word_1_290' title='bbox 704 4062 1112 4129; x_wconf 89' lang='lat' dir='ltr'>subaudiatur,</span> <span class='ocrx_word' id='word_1_291' title='bbox 1140 4064 1274 4131; x_wconf 74' lang='lat' dir='ltr'>ista;</span> <span class='ocrx_word' id='word_1_292' title='bbox 1300 4068 1365 4118; x_wconf 89' lang='lat' dir='ltr'>ut</span> <span class='ocrx_word' id='word_1_293' title='bbox 1397 4062 1471 4117; x_wconf 87' lang='lat' dir='ltr'>sit</span> <span class='ocrx_word' id='word_1_294' title='bbox 1500 4079 1711 4118; x_wconf 88' lang='lat' dir='ltr'>sensus</span> <span class='ocrx_word' id='word_1_295' title='bbox 1768 4064 1851 4119; x_wconf 91' lang='lat' dir='ltr'>Ite</span> <span class='ocrx_word' id='word_1_296' title='bbox 1884 4068 2091 4136; x_wconf 69' lang='lat' dir='ltr'>prmter</span> 
     </span>
    </p>
   </div>
   <div class='ocr_carea' id='block_1_43' title="bbox 433 4152 2088 4223">
    <p class='ocr_par' dir='ltr' id='par_1_43' title="bbox 433 4152 2088 4223">
     <span class='ocr_line' id='line_1_43' title="bbox 433 4152 2088 4223; baseline 0.002 -17"><span class='ocrx_word' id='word_1_297' title='bbox 433 4168 568 4207; x_wconf 91' lang='lat' dir='ltr'>oves</span> <span class='ocrx_word' id='word_1_298' title='bbox 599 4157 655 4207; x_wconf 90' lang='lat' dir='ltr'>et</span> <span class='ocrx_word' id='word_1_299' title='bbox 682 4154 874 4222; x_wconf 87' lang='lat' dir='ltr'>boves,</span> <span class='ocrx_word' id='word_1_300' title='bbox 916 4156 972 4208; x_wconf 92' lang='lat' dir='ltr'>et</span> <span class='ocrx_word' id='word_1_301' title='bbox 1006 4152 1317 4223; x_wconf 90' lang='lat' dir='ltr'>relinquite</span> <span class='ocrx_word' id='word_1_302' title='bbox 1360 4153 1473 4208; x_wconf 87' lang='lat' dir='ltr'>ista</span> <span class='ocrx_word' id='word_1_303' title='bbox 1509 4169 1520 4207; x_wconf 92' lang='lat'>:</span> <span class='ocrx_word' id='word_1_304' title='bbox 1556 4152 1699 4208; x_wconf 89' lang='lat' dir='ltr'>solet</span> <span class='ocrx_word' id='word_1_305' title='bbox 1746 4153 1901 4209; x_wconf 90' lang='lat' dir='ltr'>enim</span> <span class='ocrx_word' id='word_1_306' title='bbox 1952 4153 2088 4210; x_wconf 89' lang='lat' dir='ltr'>talis</span> 
     </span>
    </p>
   </div>
   <div class='ocr_carea' id='block_1_44' title="bbox 433 4239 2083 4314">
    <p class='ocr_par' dir='ltr' id='par_1_44' title="bbox 433 4239 2083 4314">
     <span class='ocr_line' id='line_1_44' title="bbox 433 4239 2083 4314; baseline 0.001 -19"><span class='ocrx_word' id='word_1_307' title='bbox 433 4239 657 4312; x_wconf 87' lang='lat' dir='ltr'>ellipsis</span> <span class='ocrx_word' id='word_1_308' title='bbox 687 4241 810 4297; x_wconf 82' lang='lat' dir='ltr'>fieri</span> <span class='ocrx_word' id='word_1_309' title='bbox 845 4242 1049 4297; x_wconf 89' lang='lat' dir='ltr'>crebro</span> <span class='ocrx_word' id='word_1_310' title='bbox 1081 4243 1139 4297; x_wconf 89' lang='lat' dir='ltr'>in</span> <span class='ocrx_word' id='word_1_311' title='bbox 1173 4240 1571 4297; x_wconf 79' lang='lat' dir='ltr'>locationibus</span> <span class='ocrx_word' id='word_1_312' title='bbox 1620 4242 2083 4314; x_wconf 83' lang='lat' dir='ltr'>Scripturarum.</span> 
     </span>
    </p>
   </div>
   <div class='ocr_carea' id='block_1_45' title="bbox 506 4331 2084 4405">
    <p class='ocr_par' dir='ltr' id='par_1_45' title="bbox 506 4331 2084 4405">
     <span class='ocr_line' id='line_1_45' title="bbox 506 4331 2084 4405; baseline 0.001 -19"><span class='ocrx_word' id='word_1_313' title='bbox 506 4331 608 4402; x_wconf 85' lang='lat' dir='ltr'>[1b.</span> <span class='ocrx_word' id='word_1_314' title='bbox 642 4331 768 4401; x_wconf 82' lang='lat'>26.]</span> <span class='ocrx_word' id='word_1_315' title='bbox 801 4333 865 4387; x_wconf 86' lang='lat' dir='ltr'>Et</span> <span class='ocrx_word' id='word_1_316' title='bbox 893 4347 1004 4387; x_wconf 90' lang='lat' dir='ltr'>non</span> <span class='ocrx_word' id='word_1_317' title='bbox 1034 4332 1405 4404; x_wconf 86' lang='lat' dir='ltr'>relinquemus</span> <span class='ocrx_word' id='word_1_318' title='bbox 1425 4333 1729 4403; x_wconf 85' lang='lat' dir='ltr'>ungulam;</span> <span class='ocrx_word' id='word_1_319' title='bbox 1760 4332 1930 4405; x_wconf 90' lang='lat' dir='ltr'>quasi</span> <span class='ocrx_word' id='word_1_320' title='bbox 1982 4333 2084 4388; x_wconf 88' lang='lat' dir='ltr'>ab-</span> 
     </span>
    </p>
   </div>
   <div class='ocr_carea' id='block_1_46' title="bbox 435 4420 2082 4495">
    <p class='ocr_par' dir='ltr' id='par_1_46' title="bbox 435 4420 2082 4495">
     <span class='ocr_line' id='line_1_46' title="bbox 435 4420 2082 4495; baseline 0.002 -20"><span class='ocrx_word' id='word_1_321' title='bbox 435 4420 627 4475; x_wconf 86' lang='lat' dir='ltr'>ductis</span> <span class='ocrx_word' id='word_1_322' title='bbox 657 4421 985 4492; x_wconf 88' lang='lat' dir='ltr'>pecoribus,</span> <span class='ocrx_word' id='word_1_323' title='bbox 1020 4426 1218 4493; x_wconf 88' lang='lat' dir='ltr'>posset</span> <span class='ocrx_word' id='word_1_324' title='bbox 1256 4420 1478 4493; x_wconf 89' lang='lat' dir='ltr'>ungula</span> <span class='ocrx_word' id='word_1_325' title='bbox 1525 4437 1825 4478; x_wconf 90' lang='lat' dir='ltr'>remanere</span> <span class='ocrx_word' id='word_1_326' title='bbox 1873 4438 1887 4478; x_wconf 88' lang='lat'><strong>:</strong></span> <span class='ocrx_word' id='word_1_327' title='bbox 1941 4422 2082 4495; x_wconf 90' lang='lat' dir='ltr'>quid</span> 
     </span>
    </p>
   </div>
   <div class='ocr_carea' id='block_1_47' title="bbox 434 4509 2084 4583">
    <p class='ocr_par' dir='ltr' id='par_1_47' title="bbox 434 4509 2084 4583">
     <span class='ocr_line' id='line_1_47' title="bbox 434 4509 2084 4583; baseline 0.002 -18"><span class='ocrx_word' id='word_1_328' title='bbox 434 4514 525 4567; x_wconf 88' lang='lat' dir='ltr'>est</span> <span class='ocrx_word' id='word_1_329' title='bbox 552 4510 707 4565; x_wconf 89' lang='lat' dir='ltr'>enim</span> <span class='ocrx_word' id='word_1_330' title='bbox 740 4509 897 4565; x_wconf 89' lang='lat' dir='ltr'>aliud</span> <span class='ocrx_word' id='word_1_331' title='bbox 930 4527 1040 4567; x_wconf 90' lang='lat' dir='ltr'>non</span> <span class='ocrx_word' id='word_1_332' title='bbox 1070 4512 1443 4583; x_wconf 88' lang='lat' dir='ltr'>relinquemus</span> <span class='ocrx_word' id='word_1_333' title='bbox 1472 4512 1762 4581; x_wconf 87' lang='lat' dir='ltr'>ungulam,</span> <span class='ocrx_word' id='word_1_334' title='bbox 1797 4511 1930 4580; x_wconf 82' lang='lat' dir='ltr'>nisi,</span> <span class='ocrx_word' id='word_1_335' title='bbox 1978 4529 2084 4569; x_wconf 86' lang='lat' dir='ltr'>nec</span> 
     </span>
    </p>
   </div>
   <div class='ocr_carea' id='block_1_48' title="bbox 438 4598 1200 4671">
    <p class='ocr_par' dir='ltr' id='par_1_48' title="bbox 438 4598 1200 4671">
     <span class='ocr_line' id='line_1_48' title="bbox 438 4598 1200 4671; baseline 0.001 -17"><span class='ocrx_word' id='word_1_336' title='bbox 438 4598 718 4670; x_wconf 92' lang='lat' dir='ltr'>ungulam</span> <span class='ocrx_word' id='word_1_337' title='bbox 755 4598 1200 4671; x_wconf 83' lang='lat' dir='ltr'>relinquemus?</span> 
     </span>
    </p>
   </div>
   <div class='ocr_carea' id='block_1_49' title="bbox 510 4688 2087 4763">
    <p class='ocr_par' dir='ltr' id='par_1_49' title="bbox 510 4688 2087 4763">
     <span class='ocr_line' id='line_1_49' title="bbox 510 4688 2087 4763; baseline 0.002 -20"><span class='ocrx_word' id='word_1_338' title='bbox 510 4689 613 4761; x_wconf 86' lang='lat' dir='ltr'>[1b.</span> <span class='ocrx_word' id='word_1_339' title='bbox 646 4688 761 4760; x_wconf 87' lang='lat'>28.]</span> <span class='ocrx_word' id='word_1_340' title='bbox 792 4688 1011 4746; x_wconf 89' lang='lat' dir='ltr'>Pharao</span> <span class='ocrx_word' id='word_1_341' title='bbox 1042 4692 1109 4746; x_wconf 87' lang='lat' dir='ltr'>ad</span> <span class='ocrx_word' id='word_1_342' title='bbox 1145 4691 1403 4763; x_wconf 86' lang='lat' dir='ltr'>Moysen,</span> <span class='ocrx_word' id='word_1_343' title='bbox 1426 4690 1654 4746; x_wconf 83' lang='lat' dir='ltr'>Attende</span> <span class='ocrx_word' id='word_1_344' title='bbox 1681 4690 1784 4745; x_wconf 86' lang='lat' dir='ltr'>tibi</span> <span class='ocrx_word' id='word_1_345' title='bbox 1812 4690 1959 4746; x_wconf 86' lang='lat' dir='ltr'>ultra</span> <span class='ocrx_word' id='word_1_346' title='bbox 1992 4708 2087 4763; x_wconf 83' lang='lat' dir='ltr'>ap-</span> 
     </span>
    </p>
   </div>
   <div class='ocr_carea' id='block_1_50' title="bbox 429 4779 2081 4851">
    <p class='ocr_par' dir='ltr' id='par_1_50' title="bbox 429 4779 2081 4851">
     <span class='ocr_line' id='line_1_50' title="bbox 429 4779 2081 4851; baseline 0.003 -19"><span class='ocrx_word' id='word_1_347' title='bbox 429 4795 641 4850; x_wconf 83' lang='lat' dir='ltr'>ponere</span> <span class='ocrx_word' id='word_1_348' title='bbox 696 4779 882 4835; x_wconf 84' lang='lat' dir='ltr'>videre</span> <span class='ocrx_word' id='word_1_349' title='bbox 934 4782 1135 4851; x_wconf 81' lang='lat' dir='ltr'>faciem</span> <span class='ocrx_word' id='word_1_350' title='bbox 1188 4796 1365 4835; x_wconf 89' lang='lat' dir='ltr'>meam</span> <span class='ocrx_word' id='word_1_351' title='bbox 1412 4800 1428 4834; x_wconf 92' lang='lat'><strong><em>:</em></strong></span> <span class='ocrx_word' id='word_1_352' title='bbox 1470 4796 1574 4851; x_wconf 92' lang='lat' dir='ltr'>pro</span> <span class='ocrx_word' id='word_1_353' title='bbox 1632 4797 1698 4835; x_wconf 90' lang='lat' dir='ltr'>eo</span> <span class='ocrx_word' id='word_1_354' title='bbox 1758 4780 1911 4851; x_wconf 91' lang='lat' dir='ltr'>quod</span> <span class='ocrx_word' id='word_1_355' title='bbox 1972 4784 2081 4850; x_wconf 88' lang='lat' dir='ltr'>est,</span> 
     </span>
    </p>
   </div>
   <div class='ocr_carea' id='block_1_51' title="bbox 435 4868 1804 4926">
    <p class='ocr_par' dir='ltr' id='par_1_51' title="bbox 435 4868 1804 4926">
     <span class='ocr_line' id='line_1_51' title="bbox 435 4868 1804 4926; baseline 0.001 -4"><span class='ocrx_word' id='word_1_356' title='bbox 435 4868 667 4924; x_wconf 88' lang='lat' dir='ltr'>attende</span> <span class='ocrx_word' id='word_1_357' title='bbox 697 4868 803 4923; x_wconf 90' lang='lat' dir='ltr'>tibi</span> <span class='ocrx_word' id='word_1_358' title='bbox 834 4887 906 4925; x_wconf 90' lang='lat' dir='ltr'>ne</span> <span class='ocrx_word' id='word_1_359' title='bbox 939 4869 1091 4926; x_wconf 90' lang='lat' dir='ltr'>ultra</span> <span class='ocrx_word' id='word_1_360' title='bbox 1123 4870 1324 4926; x_wconf 88' lang='lat' dir='ltr'>videas</span> <span class='ocrx_word' id='word_1_361' title='bbox 1353 4870 1561 4925; x_wconf 79' lang='lat' dir='ltr'>faciem</span> <span class='ocrx_word' id='word_1_362' title='bbox 1593 4886 1804 4925; x_wconf 88' lang='lat' dir='ltr'>meam.</span> 
     </span>
    </p>
   </div>
   <div class='ocr_carea' id='block_1_52' title="bbox 504 4958 2085 5031">
    <p class='ocr_par' dir='ltr' id='par_1_52' title="bbox 504 4958 2085 5031">
     <span class='ocr_line' id='line_1_52' title="bbox 504 4958 2085 5031; baseline 0.001 -18"><span class='ocrx_word' id='word_1_363' title='bbox 504 4958 777 5030; x_wconf 77' lang='lat' dir='ltr'>[Ib.x1,2.]</span> <span class='ocrx_word' id='word_1_364' title='bbox 803 4960 868 5014; x_wconf 86' lang='lat' dir='ltr'>Et</span> <span class='ocrx_word' id='word_1_365' title='bbox 889 4963 1041 5031; x_wconf 79' lang='lat' dir='ltr'>petat</span> <span class='ocrx_word' id='word_1_366' title='bbox 1062 4962 1436 5030; x_wconf 71' lang='lat' dir='ltr'>unusquisque</span> <span class='ocrx_word' id='word_1_367' title='bbox 1454 4976 1488 5013; x_wconf 91' lang='lat' dir='ltr'>a</span> <span class='ocrx_word' id='word_1_368' title='bbox 1506 4961 1761 5030; x_wconf 73' lang='lat' dir='ltr'>proximo</span> <span class='ocrx_word' id='word_1_369' title='bbox 1780 4963 2085 5028; x_wconf 88' lang='lat' dir='ltr'>suo,etmu-</span> 
     </span>
    </p>
   </div>
   <div class='ocr_carea' id='block_1_53' title="bbox 432 5046 2081 5119">
    <p class='ocr_par' dir='ltr' id='par_1_53' title="bbox 432 5046 2081 5119">
     <span class='ocr_line' id='line_1_53' title="bbox 432 5046 2081 5119; baseline 0.002 -18"><span class='ocrx_word' id='word_1_370' title='bbox 432 5046 536 5102; x_wconf 89' lang='lat' dir='ltr'>lier</span> <span class='ocrx_word' id='word_1_371' title='bbox 554 5050 813 5119; x_wconf 69' lang='lat' dir='ltr'>proxima</span> <span class='ocrx_word' id='word_1_372' title='bbox 839 5066 975 5106; x_wconf 83' lang='lat' dir='ltr'>vasa</span> <span class='ocrx_word' id='word_1_373' title='bbox 997 5052 1257 5118; x_wconf 87' lang='lat' dir='ltr'>argentea</span> <span class='ocrx_word' id='word_1_374' title='bbox 1277 5058 1329 5105; x_wconf 87' lang='lat' dir='ltr'>et</span> <span class='ocrx_word' id='word_1_375' title='bbox 1348 5064 1519 5105; x_wconf 88' lang='lat' dir='ltr'>aurea</span> <span class='ocrx_word' id='word_1_376' title='bbox 1532 5052 1582 5104; x_wconf 87' lang='lat' dir='ltr'>et</span> <span class='ocrx_word' id='word_1_377' title='bbox 1596 5053 1795 5105; x_wconf 85' lang='lat' dir='ltr'>vestem</span> <span class='ocrx_word' id='word_1_378' title='bbox 1824 5067 1843 5105; x_wconf 88' lang='lat'><strong><em>:</em></strong></span> <span class='ocrx_word' id='word_1_379' title='bbox 1877 5056 2081 5106; x_wconf 82' lang='lat' dir='ltr'>notan-</span> 
     </span>
    </p>
   </div>
   <div class='ocr_carea' id='block_1_54' title="bbox 435 5136 1839 5211">
    <p class='ocr_par' dir='ltr' id='par_1_54' title="bbox 435 5136 1839 5211">
     <span class='ocr_line' id='line_1_54' title="bbox 435 5136 1839 5211; baseline 0.002 -19"><span class='ocrx_word' id='word_1_380' title='bbox 435 5136 576 5192; x_wconf 91' lang='lat' dir='ltr'>dum</span> <span class='ocrx_word' id='word_1_381' title='bbox 610 5142 666 5193; x_wconf 91' lang='lat' dir='ltr'>et</span> <span class='ocrx_word' id='word_1_382' title='bbox 692 5138 988 5211; x_wconf 60' lang='lat' dir='ltr'>[Egyptios</span> <span class='ocrx_word' id='word_1_383' title='bbox 1021 5137 1275 5194; x_wconf 72' lang='lat' dir='ltr'>Hebraeis</span> <span class='ocrx_word' id='word_1_384' title='bbox 1306 5138 1602 5210; x_wconf 81' lang='lat' dir='ltr'>proximos</span> <span class='ocrx_word' id='word_1_385' title='bbox 1632 5139 1839 5195; x_wconf 88' lang='lat' dir='ltr'>dictos.</span> 
     </span>
    </p>
   </div>
   <div class='ocr_carea' id='block_1_55' title="bbox 503 5226 2083 5301">
    <p class='ocr_par' dir='ltr' id='par_1_55' title="bbox 503 5226 2083 5301">
     <span class='ocr_line' id='line_1_55' title="bbox 503 5226 2083 5301; baseline 0.003 -20"><span class='ocrx_word' id='word_1_386' title='bbox 503 5226 754 5299; x_wconf 87' lang='lat' dir='ltr'>[1b.6,7.]</span> <span class='ocrx_word' id='word_1_387' title='bbox 787 5231 859 5284; x_wconf 83' lang='lat' dir='ltr'>Et</span> <span class='ocrx_word' id='word_1_388' title='bbox 888 5231 999 5284; x_wconf 87' lang='lat' dir='ltr'>erit</span> <span class='ocrx_word' id='word_1_389' title='bbox 1024 5242 1231 5283; x_wconf 78' lang='lat' dir='ltr'>clamor</span> <span class='ocrx_word' id='word_1_390' title='bbox 1258 5245 1497 5301; x_wconf 85' lang='lat' dir='ltr'>magnus</span> <span class='ocrx_word' id='word_1_391' title='bbox 1521 5245 1623 5299; x_wconf 83' lang='lat' dir='ltr'>per</span> <span class='ocrx_word' id='word_1_392' title='bbox 1638 5246 1850 5284; x_wconf 89' lang='lat' dir='ltr'>omnem</span> <span class='ocrx_word' id='word_1_393' title='bbox 1870 5233 2083 5285; x_wconf 70' lang='lat' dir='ltr'>terram</span> 
     </span>
    </p>
   </div>
   <div class='ocr_carea' id='block_1_56' title="bbox 433 5316 2083 5391">
    <p class='ocr_par' dir='ltr' id='par_1_56' title="bbox 433 5316 2083 5391">
     <span class='ocr_line' id='line_1_56' title="bbox 433 5316 2083 5391; baseline 0.004 -22"><span class='ocrx_word' id='word_1_394' title='bbox 433 5316 857 5387; x_wconf 58' lang='lat' dir='ltr'>£gypti,qualis</span> <span class='ocrx_word' id='word_1_395' title='bbox 886 5334 993 5372; x_wconf 89' lang='lat' dir='ltr'>non</span> <span class='ocrx_word' id='word_1_396' title='bbox 1023 5320 1213 5387; x_wconf 79' lang='lat' dir='ltr'>fuit,et</span> <span class='ocrx_word' id='word_1_397' title='bbox 1240 5318 1366 5373; x_wconf 86' lang='lat' dir='ltr'>talis</span> <span class='ocrx_word' id='word_1_398' title='bbox 1398 5335 1506 5373; x_wconf 88' lang='lat' dir='ltr'>non</span> <span class='ocrx_word' id='word_1_399' title='bbox 1532 5318 1718 5373; x_wconf 83' lang='lat' dir='ltr'>adhuc</span> <span class='ocrx_word' id='word_1_400' title='bbox 1746 5326 2083 5391; x_wconf 87' lang='lat' dir='ltr'>apponetur:</span> 
     </span>
    </p>
   </div>
   <div class='ocr_carea' id='block_1_57' title="bbox 433 5405 2081 5477">
    <p class='ocr_par' dir='ltr' id='par_1_57' title="bbox 433 5405 2081 5477">
     <span class='ocr_line' id='line_1_57' title="bbox 433 5405 2081 5477; baseline 0.002 -19"><span class='ocrx_word' id='word_1_401' title='bbox 433 5406 489 5459; x_wconf 92' lang='lat' dir='ltr'>in</span> <span class='ocrx_word' id='word_1_402' title='bbox 523 5405 657 5475; x_wconf 91' lang='lat' dir='ltr'>ﬁliis</span> <span class='ocrx_word' id='word_1_403' title='bbox 690 5411 875 5461; x_wconf 82' lang='lat' dir='ltr'>autem</span> <span class='ocrx_word' id='word_1_404' title='bbox 907 5407 1076 5462; x_wconf 89' lang='lat' dir='ltr'>Israel</span> <span class='ocrx_word' id='word_1_405' title='bbox 1106 5423 1215 5463; x_wconf 91' lang='lat' dir='ltr'>non</span> <span class='ocrx_word' id='word_1_406' title='bbox 1244 5410 1436 5463; x_wconf 84' lang='lat' dir='ltr'>mutiet</span> <span class='ocrx_word' id='word_1_407' title='bbox 1465 5410 1617 5463; x_wconf 87' lang='lat' dir='ltr'>canis</span> <span class='ocrx_word' id='word_1_408' title='bbox 1650 5408 1843 5477; x_wconf 83' lang='lat' dir='ltr'>lingua</span> <span class='ocrx_word' id='word_1_409' title='bbox 1880 5425 1984 5464; x_wconf 87' lang='lat' dir='ltr'>sua</span> <span class='ocrx_word' id='word_1_410' title='bbox 2013 5408 2081 5463; x_wconf 88' lang='lat' dir='ltr'>ab</span> 
     </span>
    </p>
   </div>
   <div class='ocr_carea' id='block_1_58' title="bbox 432 5495 2083 5570">
    <p class='ocr_par' dir='ltr' id='par_1_58' title="bbox 432 5495 2083 5570">
     <span class='ocr_line' id='line_1_58' title="bbox 432 5495 2083 5570; baseline 0.002 -21"><span class='ocrx_word' id='word_1_411' title='bbox 432 5495 650 5550; x_wconf 87' lang='lat' dir='ltr'>homine</span> <span class='ocrx_word' id='word_1_412' title='bbox 670 5511 838 5567; x_wconf 88' lang='lat' dir='ltr'>usque</span> <span class='ocrx_word' id='word_1_413' title='bbox 863 5496 932 5550; x_wconf 87' lang='lat' dir='ltr'>ad</span> <span class='ocrx_word' id='word_1_414' title='bbox 951 5497 1589 5570; x_wconf 85' lang='lat' dir='ltr'>pecus.Elegantissima</span> <span class='ocrx_word' id='word_1_415' title='bbox 1610 5497 1823 5553; x_wconf 91' lang='lat' dir='ltr'>locutio</span> <span class='ocrx_word' id='word_1_416' title='bbox 1846 5503 1935 5554; x_wconf 89' lang='lat' dir='ltr'>est</span> <span class='ocrx_word' id='word_1_417' title='bbox 1951 5513 1964 5553; x_wconf 86' lang='lat'><strong>:</strong></span> <span class='ocrx_word' id='word_1_418' title='bbox 1982 5513 2083 5568; x_wconf 90' lang='lat' dir='ltr'>per</span> 
     </span>
    </p>
   </div>
   <div class='ocr_carea' id='block_1_59' title="bbox 433 5585 2080 5659">
    <p class='ocr_par' dir='ltr' id='par_1_59' title="bbox 433 5585 2080 5659">
     <span class='ocr_line' id='line_1_59' title="bbox 433 5585 2080 5659; baseline 0.001 -19"><span class='ocrx_word' id='word_1_419' title='bbox 433 5601 637 5641; x_wconf 90' lang='lat' dir='ltr'>canem</span> <span class='ocrx_word' id='word_1_420' title='bbox 653 5586 866 5657; x_wconf 88' lang='lat' dir='ltr'>quippe</span> <span class='ocrx_word' id='word_1_421' title='bbox 880 5591 1198 5642; x_wconf 84' lang='lat' dir='ltr'>extremum</span> <span class='ocrx_word' id='word_1_422' title='bbox 1216 5587 1663 5659; x_wconf 82' lang='lat' dir='ltr'>signiﬁcavitvel</span> <span class='ocrx_word' id='word_1_423' title='bbox 1676 5585 2080 5643; x_wconf 83' lang='lat' dir='ltr'>hominumve]</span> 
     </span>
    </p>
   </div>
   <div class='ocr_carea' id='block_1_60' title="bbox 435 5674 2080 5749">
    <p class='ocr_par' dir='ltr' id='par_1_60' title="bbox 435 5674 2080 5749">
     <span class='ocr_line' id='line_1_60' title="bbox 435 5674 2080 5749; baseline 0.003 -20"><span class='ocrx_word' id='word_1_424' title='bbox 435 5674 821 5745; x_wconf 88' lang='lat' dir='ltr'>pecorum,ita</span> <span class='ocrx_word' id='word_1_425' title='bbox 851 5676 1268 5730; x_wconf 86' lang='lat' dir='ltr'>commendans</span> <span class='ocrx_word' id='word_1_426' title='bbox 1292 5681 1512 5747; x_wconf 86' lang='lat' dir='ltr'>quanta</span> <span class='ocrx_word' id='word_1_427' title='bbox 1536 5676 1589 5730; x_wconf 91' lang='lat' dir='ltr'>in</span> <span class='ocrx_word' id='word_1_428' title='bbox 1629 5677 1882 5731; x_wconf 69' lang='lat' dir='ltr'>Hebrceis</span> <span class='ocrx_word' id='word_1_429' title='bbox 1913 5674 2080 5749; x_wconf 87' lang='lat' dir='ltr'>quies</span> 
     </span>
    </p>
   </div>
   <div class='ocr_carea' id='block_1_61' title="bbox 435 5761 2073 5836">
    <p class='ocr_par' dir='ltr' id='par_1_61' title="bbox 435 5761 2073 5836">
     <span class='ocr_line' id='line_1_61' title="bbox 435 5761 2073 5836; baseline 0.005 -18"><span class='ocrx_word' id='word_1_430' title='bbox 435 5761 629 5821; x_wconf 80' lang='lat' dir='ltr'>futura</span> <span class='ocrx_word' id='word_1_431' title='bbox 648 5764 1106 5836; x_wconf 72' lang='lat' dir='ltr'>esset,lEgyptiis</span> <span class='ocrx_word' id='word_1_432' title='bbox 1129 5766 1369 5824; x_wconf 87' lang='lat' dir='ltr'>acoerba</span> <span class='ocrx_word' id='word_1_433' title='bbox 1385 5766 1633 5824; x_wconf 82' lang='lat' dir='ltr'>orbitate</span> <span class='ocrx_word' id='word_1_434' title='bbox 1659 5765 2073 5826; x_wconf 81' lang='lat' dir='ltr'>clamantibus.</span> 
     </span>
    </p>
   </div>
   <div class='ocr_carea' id='block_1_62' title="bbox 1182 346 3085 413">
    <p class='ocr_par' dir='ltr' id='par_1_62' title="bbox 1182 346 3085 413">
     <span class='ocr_line' id='line_1_62' title="bbox 1182 346 3085 413; baseline 0 -4"><span class='ocrx_word' id='word_1_435' title='bbox 1182 348 1692 411; x_wconf 85' lang='lat' dir='ltr'>LOCUTIONUM</span> <span class='ocrx_word' id='word_1_436' title='bbox 1741 350 1802 409; x_wconf 92' lang='lat' dir='ltr'>S.</span> <span class='ocrx_word' id='word_1_437' title='bbox 1846 346 2270 409; x_wconf 86' lang='lat' dir='ltr'>AUGUSTINI</span> <span class='ocrx_word' id='word_1_438' title='bbox 2315 349 2395 410; x_wconf 89' lang='lat' dir='ltr'><strong>IN</strong></span> <span class='ocrx_word' id='word_1_439' title='bbox 2440 349 3085 413; x_wconf 79' lang='lat' dir='ltr'>HEPTATEUCHUM</span> 
     </span>
    </p>
   </div>
   <div class='ocr_carea' id='block_1_63' title="bbox 3731 351 3845 412">
    <p class='ocr_par' dir='ltr' id='par_1_63' title="bbox 3731 351 3845 412">
     <span class='ocr_line' id='line_1_63' title="bbox 3731 351 3845 412; baseline 0.035 -4"><span class='ocrx_word' id='word_1_440' title='bbox 3731 351 3845 412; x_wconf 78' lang='lat'>508</span> 
     </span>
    </p>
   </div>
   <div class='ocr_carea' id='block_1_64' title="bbox 2253 481 3835 557">
    <p class='ocr_par' dir='ltr' id='par_1_64' title="bbox 2253 481 3835 557">
     <span class='ocr_line' id='line_1_64' title="bbox 2253 481 3835 557; baseline 0.001 -20"><span class='ocrx_word' id='word_1_441' title='bbox 2253 482 2359 554; x_wconf 82' lang='lat' dir='ltr'>[1b.</span> <span class='ocrx_word' id='word_1_442' title='bbox 2392 500 2495 551; x_wconf 83' lang='lat' dir='ltr'>xu,</span> <span class='ocrx_word' id='word_1_443' title='bbox 2527 484 2605 555; x_wconf 91' lang='lat'>3.]</span> <span class='ocrx_word' id='word_1_444' title='bbox 2634 486 2915 557; x_wconf 78' lang='lat' dir='ltr'>Accipiunt</span> <span class='ocrx_word' id='word_1_445' title='bbox 2943 483 3153 554; x_wconf 85' lang='lat' dir='ltr'>singuli</span> <span class='ocrx_word' id='word_1_446' title='bbox 3179 498 3330 538; x_wconf 85' lang='lat' dir='ltr'>ovem</span> <span class='ocrx_word' id='word_1_447' title='bbox 3376 497 3473 553; x_wconf 83' lang='lat' dir='ltr'>per</span> <span class='ocrx_word' id='word_1_448' title='bbox 3503 481 3697 538; x_wconf 89' lang='lat' dir='ltr'>domos</span> <span class='ocrx_word' id='word_1_449' title='bbox 3740 498 3835 553; x_wconf 86' lang='lat' dir='ltr'>pa-</span> 
     </span>
    </p>
   </div>
   <div class='ocr_carea' id='block_1_65' title="bbox 2186 570 3837 645">
    <p class='ocr_par' dir='ltr' id='par_1_65' title="bbox 2186 570 3837 645">
     <span class='ocr_line' id='line_1_65' title="bbox 2186 570 3837 645; baseline -0.001 -16"><span class='ocrx_word' id='word_1_450' title='bbox 2186 575 2452 630; x_wconf 81' lang='lat' dir='ltr'>triarum.</span> <span class='ocrx_word' id='word_1_451' title='bbox 2488 576 2643 641; x_wconf 87' lang='lat' dir='ltr'>Quas</span> <span class='ocrx_word' id='word_1_452' title='bbox 2675 575 2830 629; x_wconf 87' lang='lat' dir='ltr'>dicat</span> <span class='ocrx_word' id='word_1_453' title='bbox 2862 573 3105 645; x_wconf 87' lang='lat' dir='ltr'>patrias,</span> <span class='ocrx_word' id='word_1_454' title='bbox 3142 589 3254 627; x_wconf 92' lang='lat' dir='ltr'>non</span> <span class='ocrx_word' id='word_1_455' title='bbox 3292 570 3457 627; x_wconf 87' lang='lat' dir='ltr'>facile</span> <span class='ocrx_word' id='word_1_456' title='bbox 3486 575 3575 627; x_wconf 89' lang='lat' dir='ltr'>est</span> <span class='ocrx_word' id='word_1_457' title='bbox 3624 570 3837 628; x_wconf 82' lang='lat' dir='ltr'>intelli-</span> 
     </span>
    </p>
   </div>
   <div class='ocr_carea' id='block_1_66' title="bbox 2187 661 3839 735">
    <p class='ocr_par' dir='ltr' id='par_1_66' title="bbox 2187 661 3839 735">
     <span class='ocr_line' id='line_1_66' title="bbox 2187 661 3839 735; baseline -0.001 -18"><span class='ocrx_word' id='word_1_458' title='bbox 2187 677 2354 735; x_wconf 83' lang='lat' dir='ltr'>gere;</span> <span class='ocrx_word' id='word_1_459' title='bbox 2391 668 2587 718; x_wconf 88' lang='lat' dir='ltr'>utrum</span> <span class='ocrx_word' id='word_1_460' title='bbox 2621 662 2882 718; x_wconf 86' lang='lat' dir='ltr'>civitates</span> <span class='ocrx_word' id='word_1_461' title='bbox 2916 662 2972 717; x_wconf 90' lang='lat' dir='ltr'>in</span> <span class='ocrx_word' id='word_1_462' title='bbox 3006 661 3221 733; x_wconf 87' lang='lat' dir='ltr'>quibus</span> <span class='ocrx_word' id='word_1_463' title='bbox 3253 661 3726 725; x_wconf 89' lang='lat' dir='ltr'>commanebant,</span> <span class='ocrx_word' id='word_1_464' title='bbox 3768 676 3839 715; x_wconf 88' lang='lat' dir='ltr'>an</span> 
     </span>
    </p>
   </div>
   <div class='ocr_carea' id='block_1_67' title="bbox 2192 748 3839 825">
    <p class='ocr_par' dir='ltr' id='par_1_67' title="bbox 2192 748 3839 825">
     <span class='ocr_line' id='line_1_67' title="bbox 2192 748 3839 825; baseline -0.002 -17"><span class='ocrx_word' id='word_1_465' title='bbox 2192 753 2386 825; x_wconf 90' lang='lat' dir='ltr'>potius</span> <span class='ocrx_word' id='word_1_466' title='bbox 2416 769 2759 809; x_wconf 81' lang='lat' dir='ltr'>numerosas</span> <span class='ocrx_word' id='word_1_467' title='bbox 2791 751 3042 808; x_wconf 77' lang='lat' dir='ltr'>familias</span> <span class='ocrx_word' id='word_1_468' title='bbox 3073 768 3104 805; x_wconf 91' lang='lat' dir='ltr'>a</span> <span class='ocrx_word' id='word_1_469' title='bbox 3135 752 3420 821; x_wconf 81' lang='lat' dir='ltr'>cujusque</span> <span class='ocrx_word' id='word_1_470' title='bbox 3450 748 3609 806; x_wconf 89' lang='lat' dir='ltr'>velut</span> <span class='ocrx_word' id='word_1_471' title='bbox 3653 755 3839 822; x_wconf 86' lang='lat' dir='ltr'>pater-</span> 
     </span>
    </p>
   </div>
   <div class='ocr_carea' id='block_1_68' title="bbox 2193 838 3843 914">
    <p class='ocr_par' dir='ltr' id='par_1_68' title="bbox 2193 838 3843 914">
     <span class='ocr_line' id='line_1_68' title="bbox 2193 838 3843 914; baseline -0.004 -17"><span class='ocrx_word' id='word_1_472' title='bbox 2193 842 2372 897; x_wconf 81' lang='lat' dir='ltr'>nitate</span> <span class='ocrx_word' id='word_1_473' title='bbox 2403 849 2750 914; x_wconf 84' lang='lat' dir='ltr'>propagatae</span> <span class='ocrx_word' id='word_1_474' title='bbox 2776 860 2787 897; x_wconf 94' lang='lat'>:</span> <span class='ocrx_word' id='word_1_475' title='bbox 2814 842 2922 897; x_wconf 89' lang='lat' dir='ltr'>hoc</span> <span class='ocrx_word' id='word_1_476' title='bbox 2951 842 3106 896; x_wconf 87' lang='lat' dir='ltr'>enim</span> <span class='ocrx_word' id='word_1_477' title='bbox 3138 840 3323 910; x_wconf 82' lang='lat' dir='ltr'>magis</span> <span class='ocrx_word' id='word_1_478' title='bbox 3355 840 3410 893; x_wconf 91' lang='lat' dir='ltr'>in</span> <span class='ocrx_word' id='word_1_479' title='bbox 3447 855 3633 910; x_wconf 62' lang='lat' dir='ltr'>graeco</span> <span class='ocrx_word' id='word_1_480' title='bbox 3662 838 3843 911; x_wconf 86' lang='lat' dir='ltr'>signi-</span> 
     </span>
    </p>
   </div>
   <div class='ocr_carea' id='block_1_69' title="bbox 2192 932 2744 1003">
    <p class='ocr_par' dir='ltr' id='par_1_69' title="bbox 2192 932 2744 1003">
     <span class='ocr_line' id='line_1_69' title="bbox 2192 932 2744 1003; baseline 0 -17"><span class='ocrx_word' id='word_1_481' title='bbox 2192 932 2353 987; x_wconf 84' lang='lat' dir='ltr'>ﬁcari</span> <span class='ocrx_word' id='word_1_482' title='bbox 2387 932 2744 1003; x_wconf 89' lang='lat' dir='ltr'>perhibetur.</span> 
     </span>
    </p>
   </div>
   <div class='ocr_carea' id='block_1_70' title="bbox 2266 1018 3848 1093">
    <p class='ocr_par' dir='ltr' id='par_1_70' title="bbox 2266 1018 3848 1093">
     <span class='ocr_line' id='line_1_70' title="bbox 2266 1018 3848 1093; baseline -0.003 -18"><span class='ocrx_word' id='word_1_483' title='bbox 2266 1022 2372 1093; x_wconf 70' lang='grc' dir='ltr'>[ιδ.</span> <span class='ocrx_word' id='word_1_484' title='bbox 2407 1022 2483 1092; x_wconf 83' lang='grc'>4.]</span> <span class='ocrx_word' id='word_1_485' title='bbox 2517 1021 2577 1076; x_wconf 87' lang='lat' dir='ltr'>Si</span> <span class='ocrx_word' id='word_1_486' title='bbox 2604 1030 2788 1076; x_wconf 88' lang='lat' dir='ltr'>autem</span> <span class='ocrx_word' id='word_1_487' title='bbox 2814 1022 2982 1091; x_wconf 86' lang='lat' dir='ltr'>pauci</span> <span class='ocrx_word' id='word_1_488' title='bbox 3020 1022 3129 1074; x_wconf 86' lang='lat' dir='ltr'>sint</span> <span class='ocrx_word' id='word_1_489' title='bbox 3182 1021 3280 1089; x_wconf 88' lang='lat' dir='ltr'>qui</span> <span class='ocrx_word' id='word_1_490' title='bbox 3324 1021 3384 1073; x_wconf 90' lang='lat' dir='ltr'>in</span> <span class='ocrx_word' id='word_1_491' title='bbox 3433 1018 3611 1086; x_wconf 90' lang='lat' dir='ltr'>domo,</span> <span class='ocrx_word' id='word_1_492' title='bbox 3662 1020 3743 1072; x_wconf 84' lang='lat' dir='ltr'>ita</span> <span class='ocrx_word' id='word_1_493' title='bbox 3785 1022 3848 1071; x_wconf 89' lang='lat' dir='ltr'>ut</span> 
     </span>
    </p>
   </div>
   <div class='ocr_carea' id='block_1_71' title="bbox 2195 1106 3843 1180">
    <p class='ocr_par' dir='ltr' id='par_1_71' title="bbox 2195 1106 3843 1180">
     <span class='ocr_line' id='line_1_71' title="bbox 2195 1106 3843 1180; baseline -0.003 -14"><span class='ocrx_word' id='word_1_494' title='bbox 2195 1127 2304 1167; x_wconf 91' lang='lat' dir='ltr'>non</span> <span class='ocrx_word' id='word_1_495' title='bbox 2334 1112 2447 1167; x_wconf 82' lang='lat' dir='ltr'>sint</span> <span class='ocrx_word' id='word_1_496' title='bbox 2477 1111 2703 1167; x_wconf 88' lang='lat' dir='ltr'>indonei</span> <span class='ocrx_word' id='word_1_497' title='bbox 2730 1111 2803 1166; x_wconf 90' lang='lat' dir='ltr'>ad</span> <span class='ocrx_word' id='word_1_498' title='bbox 2831 1126 3003 1176; x_wconf 89' lang='lat' dir='ltr'>ovem,</span> <span class='ocrx_word' id='word_1_499' title='bbox 3037 1109 3090 1164; x_wconf 87' lang='lat' dir='ltr'>id</span> <span class='ocrx_word' id='word_1_500' title='bbox 3127 1114 3235 1175; x_wconf 89' lang='lat' dir='ltr'>est,</span> <span class='ocrx_word' id='word_1_501' title='bbox 3271 1112 3335 1163; x_wconf 91' lang='lat' dir='ltr'>ut</span> <span class='ocrx_word' id='word_1_502' title='bbox 3391 1108 3520 1180; x_wconf 87' lang='lat' dir='ltr'>ipsa</span> <span class='ocrx_word' id='word_1_503' title='bbox 3578 1106 3843 1179; x_wconf 87' lang='lat' dir='ltr'>paucitas</span> 
     </span>
    </p>
   </div>
   <div class='ocr_carea' id='block_1_72' title="bbox 2198 1198 3841 1261">
    <p class='ocr_par' dir='ltr' id='par_1_72' title="bbox 2198 1198 3841 1261">
     <span class='ocr_line' id='line_1_72' title="bbox 2198 1198 3841 1261; baseline -0.004 -5"><span class='ocrx_word' id='word_1_504' title='bbox 2198 1218 2311 1256; x_wconf 91' lang='lat' dir='ltr'>non</span> <span class='ocrx_word' id='word_1_505' title='bbox 2344 1200 2421 1256; x_wconf 92' lang='lat' dir='ltr'>sit</span> <span class='ocrx_word' id='word_1_506' title='bbox 2451 1202 2661 1256; x_wconf 88' lang='lat' dir='ltr'>idonea</span> <span class='ocrx_word' id='word_1_507' title='bbox 2688 1201 2755 1255; x_wconf 91' lang='lat' dir='ltr'>ad</span> <span class='ocrx_word' id='word_1_508' title='bbox 2790 1216 2954 1254; x_wconf 85' lang='lat' dir='ltr'>ovem</span> <span class='ocrx_word' id='word_1_509' title='bbox 2987 1198 3470 1261; x_wconf 78' lang='lat' dir='ltr'>consumendum,</span> <span class='ocrx_word' id='word_1_510' title='bbox 3491 1198 3728 1251; x_wconf 86' lang='lat' dir='ltr'>assumet</span> <span class='ocrx_word' id='word_1_511' title='bbox 3756 1211 3841 1249; x_wconf 88' lang='lat' dir='ltr'>se-</span> 
     </span>
    </p>
   </div>
   <div class='ocr_carea' id='block_1_73' title="bbox 2194 1286 3845 1361">
    <p class='ocr_par' dir='ltr' id='par_1_73' title="bbox 2194 1286 3845 1361">
     <span class='ocr_line' id='line_1_73' title="bbox 2194 1286 3845 1361; baseline -0.005 -16"><span class='ocrx_word' id='word_1_512' title='bbox 2194 1306 2317 1345; x_wconf 89' lang='lat' dir='ltr'>cum</span> <span class='ocrx_word' id='word_1_513' title='bbox 2348 1292 2591 1345; x_wconf 86' lang='lat' dir='ltr'>vicinum</span> <span class='ocrx_word' id='word_1_514' title='bbox 2616 1292 2942 1361; x_wconf 75' lang='lat' dir='ltr'>proximum</span> <span class='ocrx_word' id='word_1_515' title='bbox 2972 1304 3156 1352; x_wconf 84' lang='lat' dir='ltr'>suum,</span> <span class='ocrx_word' id='word_1_516' title='bbox 3191 1288 3297 1341; x_wconf 90' lang='lat' dir='ltr'>hoc</span> <span class='ocrx_word' id='word_1_517' title='bbox 3330 1290 3417 1340; x_wconf 87' lang='lat' dir='ltr'>est</span> <span class='ocrx_word' id='word_1_518' title='bbox 3448 1286 3575 1357; x_wconf 90' lang='lat' dir='ltr'>ipsa</span> <span class='ocrx_word' id='word_1_519' title='bbox 3633 1286 3845 1338; x_wconf 90' lang='lat' dir='ltr'>domus</span> 
     </span>
    </p>
   </div>
   <div class='ocr_carea' id='block_1_74' title="bbox 2195 1374 3846 1448">
    <p class='ocr_par' dir='ltr' id='par_1_74' title="bbox 2195 1374 3846 1448">
     <span class='ocr_line' id='line_1_74' title="bbox 2195 1374 3846 1448; baseline -0.003 -14"><span class='ocrx_word' id='word_1_520' title='bbox 2195 1384 2457 1435; x_wconf 87' lang='lat' dir='ltr'>aesumet</span> <span class='ocrx_word' id='word_1_521' title='bbox 2504 1380 2761 1436; x_wconf 89' lang='lat' dir='ltr'>vicinum</span> <span class='ocrx_word' id='word_1_522' title='bbox 2812 1396 2824 1433; x_wconf 88' lang='lat'>:</span> <span class='ocrx_word' id='word_1_523' title='bbox 2876 1378 3176 1433; x_wconf 88' lang='lat' dir='ltr'>hominem</span> <span class='ocrx_word' id='word_1_524' title='bbox 3227 1376 3556 1448; x_wconf 84' lang='lat' dir='ltr'>proximum</span> <span class='ocrx_word' id='word_1_525' title='bbox 3609 1391 3714 1446; x_wconf 93' lang='lat' dir='ltr'>pro</span> <span class='ocrx_word' id='word_1_526' title='bbox 3745 1374 3846 1429; x_wconf 89' lang='lat' dir='ltr'>bo-</span> 
     </span>
    </p>
   </div>
   <div class='ocr_carea' id='block_1_75' title="bbox 2194 1464 3841 1543">
    <p class='ocr_par' dir='ltr' id='par_1_75' title="bbox 2194 1464 3841 1543">
     <span class='ocr_line' id='line_1_75' title="bbox 2194 1464 3841 1543; baseline -0.005 -17"><span class='ocrx_word' id='word_1_527' title='bbox 2194 1473 2352 1526; x_wconf 88' lang='lat' dir='ltr'>mine</span> <span class='ocrx_word' id='word_1_528' title='bbox 2385 1471 2601 1542; x_wconf 90' lang='lat' dir='ltr'>posuit,</span> <span class='ocrx_word' id='word_1_529' title='bbox 2634 1469 2992 1543; x_wconf 85' lang='lat' dir='ltr'>singularem</span> <span class='ocrx_word' id='word_1_530' title='bbox 3030 1475 3225 1523; x_wconf 89' lang='lat' dir='ltr'>autem</span> <span class='ocrx_word' id='word_1_531' title='bbox 3275 1484 3376 1539; x_wconf 89' lang='lat' dir='ltr'>pro</span> <span class='ocrx_word' id='word_1_532' title='bbox 3428 1464 3675 1537; x_wconf 88' lang='lat' dir='ltr'>plurali;</span> <span class='ocrx_word' id='word_1_533' title='bbox 3727 1481 3841 1519; x_wconf 90' lang='lat' dir='ltr'>non</span> 
     </span>
    </p>
   </div>
   <div class='ocr_carea' id='block_1_76' title="bbox 2193 1556 3845 1629">
    <p class='ocr_par' dir='ltr' id='par_1_76' title="bbox 2193 1556 3845 1629">
     <span class='ocr_line' id='line_1_76' title="bbox 2193 1556 3845 1629; baseline -0.004 -15"><span class='ocrx_word' id='word_1_534' title='bbox 2193 1558 2349 1615; x_wconf 91' lang='lat' dir='ltr'>enim</span> <span class='ocrx_word' id='word_1_535' title='bbox 2382 1575 2589 1627; x_wconf 91' lang='lat' dir='ltr'>unum,</span> <span class='ocrx_word' id='word_1_536' title='bbox 2623 1560 2723 1614; x_wconf 83' lang='lat' dir='ltr'>sed</span> <span class='ocrx_word' id='word_1_537' title='bbox 2756 1562 2895 1629; x_wconf 89' lang='lat' dir='ltr'>quot</span> <span class='ocrx_word' id='word_1_538' title='bbox 2924 1557 3226 1613; x_wconf 78' lang='lat' dir='ltr'>sufficiunt</span> <span class='ocrx_word' id='word_1_539' title='bbox 3258 1572 3270 1611; x_wconf 92' lang='lat'>:</span> <span class='ocrx_word' id='word_1_540' title='bbox 3306 1571 3441 1610; x_wconf 91' lang='lat' dir='ltr'>cum</span> <span class='ocrx_word' id='word_1_541' title='bbox 3474 1556 3543 1609; x_wconf 87' lang='lat' dir='ltr'>de</span> <span class='ocrx_word' id='word_1_542' title='bbox 3574 1570 3678 1609; x_wconf 86' lang='lat' dir='ltr'>ove</span> <span class='ocrx_word' id='word_1_543' title='bbox 3709 1570 3845 1608; x_wconf 90' lang='lat' dir='ltr'>con-</span> 
     </span>
    </p>
   </div>
   <div class='ocr_carea' id='block_1_77' title="bbox 2195 1644 3850 1718">
    <p class='ocr_par' dir='ltr' id='par_1_77' title="bbox 2195 1644 3850 1718">
     <span class='ocr_line' id='line_1_77' title="bbox 2195 1644 3850 1718; baseline -0.001 -17"><span class='ocrx_word' id='word_1_544' title='bbox 2195 1648 2481 1702; x_wconf 90' lang='lat' dir='ltr'>sumenda</span> <span class='ocrx_word' id='word_1_545' title='bbox 2529 1647 2832 1718; x_wconf 86' lang='lat' dir='ltr'>Scriptura</span> <span class='ocrx_word' id='word_1_546' title='bbox 2885 1646 3240 1718; x_wconf 86' lang='lat' dir='ltr'>loqueretur,</span> <span class='ocrx_word' id='word_1_547' title='bbox 3296 1644 3602 1700; x_wconf 83' lang='lat' dir='ltr'>secundum</span> <span class='ocrx_word' id='word_1_548' title='bbox 3660 1658 3850 1699; x_wconf 86' lang='lat' dir='ltr'>nume-</span> 
     </span>
    </p>
   </div>
   <div class='ocr_carea' id='block_1_78' title="bbox 2194 1732 3849 1808">
    <p class='ocr_par' dir='ltr' id='par_1_78' title="bbox 2194 1732 3849 1808">
     <span class='ocr_line' id='line_1_78' title="bbox 2194 1732 3849 1808; baseline -0.003 -16"><span class='ocrx_word' id='word_1_549' title='bbox 2194 1754 2341 1805; x_wconf 88' lang='lat' dir='ltr'>rum,</span> <span class='ocrx_word' id='word_1_550' title='bbox 2392 1738 2606 1808; x_wconf 89' lang='lat' dir='ltr'>inquit,</span> <span class='ocrx_word' id='word_1_551' title='bbox 2639 1738 2959 1792; x_wconf 88' lang='lat' dir='ltr'>animarum</span> <span class='ocrx_word' id='word_1_552' title='bbox 2991 1737 3369 1807; x_wconf 87' lang='lat' dir='ltr'>unusquisque</span> <span class='ocrx_word' id='word_1_553' title='bbox 3398 1732 3537 1806; x_wconf 86' lang='lat' dir='ltr'>quod</span> <span class='ocrx_word' id='word_1_554' title='bbox 3565 1734 3809 1804; x_wconf 78' lang='lat' dir='ltr'>sufﬁciat</span> <span class='ocrx_word' id='word_1_555' title='bbox 3835 1750 3849 1800; x_wconf 89' lang='lat'>;</span> 
     </span>
    </p>
   </div>
   <div class='ocr_carea' id='block_1_79' title="bbox 2197 1826 3454 1897">
    <p class='ocr_par' dir='ltr' id='par_1_79' title="bbox 2197 1826 3454 1897">
     <span class='ocr_line' id='line_1_79' title="bbox 2197 1826 3454 1897; baseline -0.002 -15"><span class='ocrx_word' id='word_1_556' title='bbox 2197 1826 2426 1883; x_wconf 85' lang='lat' dir='ltr'>animas</span> <span class='ocrx_word' id='word_1_557' title='bbox 2457 1843 2559 1897; x_wconf 91' lang='lat' dir='ltr'>pro</span> <span class='ocrx_word' id='word_1_558' title='bbox 2592 1826 2957 1895; x_wconf 90' lang='lat' dir='ltr'>hominibus,</span> <span class='ocrx_word' id='word_1_559' title='bbox 2990 1844 3023 1881; x_wconf 89' lang='lat' dir='ltr'>a</span> <span class='ocrx_word' id='word_1_560' title='bbox 3053 1830 3214 1897; x_wconf 85' lang='lat' dir='ltr'>parte</span> <span class='ocrx_word' id='word_1_561' title='bbox 3246 1828 3454 1879; x_wconf 84' lang='lat' dir='ltr'>totum.</span> 
     </span>
    </p>
   </div>
   <div class='ocr_carea' id='block_1_80' title="bbox 2269 1910 3853 1986">
    <p class='ocr_par' dir='ltr' id='par_1_80' title="bbox 2269 1910 3853 1986">
     <span class='ocr_line' id='line_1_80' title="bbox 2269 1910 3853 1986; baseline -0.002 -17"><span class='ocrx_word' id='word_1_562' title='bbox 2269 1916 2375 1984; x_wconf 86' lang='lat' dir='ltr'>[1b.</span> <span class='ocrx_word' id='word_1_563' title='bbox 2407 1916 2483 1983; x_wconf 89' lang='lat'>7.]</span> <span class='ocrx_word' id='word_1_564' title='bbox 2516 1915 2743 1970; x_wconf 89' lang='lat' dir='ltr'>Sument</span> <span class='ocrx_word' id='word_1_565' title='bbox 2774 1932 2807 1970; x_wconf 92' lang='lat' dir='ltr'>a</span> <span class='ocrx_word' id='word_1_566' title='bbox 2835 1916 3120 1986; x_wconf 85' lang='lat' dir='ltr'>sanguine,</span> <span class='ocrx_word' id='word_1_567' title='bbox 3151 1928 3199 1968; x_wconf 78' lang='lat' dir='ltr'>et</span> <span class='ocrx_word' id='word_1_568' title='bbox 3236 1916 3442 1985; x_wconf 85' lang='lat' dir='ltr'>ponent</span> <span class='ocrx_word' id='word_1_569' title='bbox 3496 1927 3659 1983; x_wconf 81' lang='lat' dir='ltr'>super</span> <span class='ocrx_word' id='word_1_570' title='bbox 3717 1910 3853 1966; x_wconf 87' lang='lat' dir='ltr'>duos</span> 
     </span>
    </p>
   </div>
   <div class='ocr_carea' id='block_1_81' title="bbox 2196 2000 3860 2077">
    <p class='ocr_par' dir='ltr' id='par_1_81' title="bbox 2196 2000 3860 2077">
     <span class='ocr_line' id='line_1_81' title="bbox 2196 2000 3860 2077; baseline -0.002 -18"><span class='ocrx_word' id='word_1_571' title='bbox 2196 2008 2361 2077; x_wconf 87' lang='lat' dir='ltr'>potes,</span> <span class='ocrx_word' id='word_1_572' title='bbox 2390 2008 2440 2060; x_wconf 87' lang='lat' dir='ltr'>et</span> <span class='ocrx_word' id='word_1_573' title='bbox 2468 2021 2635 2076; x_wconf 88' lang='lat' dir='ltr'>super</span> <span class='ocrx_word' id='word_1_574' title='bbox 2666 2006 2837 2060; x_wconf 90' lang='lat' dir='ltr'>limen</span> <span class='ocrx_word' id='word_1_575' title='bbox 2868 2007 2927 2059; x_wconf 90' lang='lat' dir='ltr'>in</span> <span class='ocrx_word' id='word_1_576' title='bbox 2958 2004 3215 2061; x_wconf 86' lang='lat' dir='ltr'>domibus</span> <span class='ocrx_word' id='word_1_577' title='bbox 3244 2004 3303 2058; x_wconf 88' lang='lat' dir='ltr'>in</span> <span class='ocrx_word' id='word_1_578' title='bbox 3335 2003 3531 2073; x_wconf 86' lang='lat' dir='ltr'>quibus</span> <span class='ocrx_word' id='word_1_579' title='bbox 3558 2000 3860 2056; x_wconf 86' lang='lat' dir='ltr'>manduca-</span> 
     </span>
    </p>
   </div>
   <div class='ocr_carea' id='block_1_82' title="bbox 2200 2090 3861 2164">
    <p class='ocr_par' dir='ltr' id='par_1_82' title="bbox 2200 2090 3861 2164">
     <span class='ocr_line' id='line_1_82' title="bbox 2200 2090 3861 2164; baseline -0.002 -17"><span class='ocrx_word' id='word_1_580' title='bbox 2200 2094 2333 2147; x_wconf 85' lang='lat' dir='ltr'>bunt</span> <span class='ocrx_word' id='word_1_581' title='bbox 2364 2095 2492 2148; x_wconf 89' lang='lat' dir='ltr'>illas</span> <span class='ocrx_word' id='word_1_582' title='bbox 2521 2097 2577 2148; x_wconf 87' lang='lat' dir='ltr'>in</span> <span class='ocrx_word' id='word_1_583' title='bbox 2608 2096 2708 2148; x_wconf 88' lang='lat' dir='ltr'>eis.</span> <span class='ocrx_word' id='word_1_584' title='bbox 2730 2094 2871 2149; x_wconf 86' lang='lat' dir='ltr'>Cum</span> <span class='ocrx_word' id='word_1_585' title='bbox 2905 2094 3135 2161; x_wconf 86' lang='lat' dir='ltr'>dixerit,</span> <span class='ocrx_word' id='word_1_586' title='bbox 3155 2095 3211 2148; x_wconf 88' lang='lat' dir='ltr'>in</span> <span class='ocrx_word' id='word_1_587' title='bbox 3246 2093 3462 2164; x_wconf 89' lang='lat' dir='ltr'>quibus,</span> <span class='ocrx_word' id='word_1_588' title='bbox 3482 2090 3627 2146; x_wconf 87' lang='lat' dir='ltr'>dixit</span> <span class='ocrx_word' id='word_1_589' title='bbox 3657 2090 3861 2159; x_wconf 83' lang='lat' dir='ltr'>etiam,</span> 
     </span>
    </p>
   </div>
   <div class='ocr_carea' id='block_1_83' title="bbox 2200 2179 3853 2251">
    <p class='ocr_par' dir='ltr' id='par_1_83' title="bbox 2200 2179 3853 2251">
     <span class='ocr_line' id='line_1_83' title="bbox 2200 2179 3853 2251; baseline -0.002 -14"><span class='ocrx_word' id='word_1_590' title='bbox 2200 2184 2260 2237; x_wconf 92' lang='lat' dir='ltr'>in</span> <span class='ocrx_word' id='word_1_591' title='bbox 2289 2185 2391 2251; x_wconf 88' lang='lat' dir='ltr'>eis,</span> <span class='ocrx_word' id='word_1_592' title='bbox 2427 2200 2585 2239; x_wconf 89' lang='lat' dir='ltr'>more</span> <span class='ocrx_word' id='word_1_593' title='bbox 2617 2183 3007 2239; x_wconf 86' lang='lat' dir='ltr'>usitatissimo</span> <span class='ocrx_word' id='word_1_594' title='bbox 3043 2199 3055 2237; x_wconf 89' lang='lat'><strong>:</strong></span> <span class='ocrx_word' id='word_1_595' title='bbox 3089 2183 3190 2239; x_wconf 89' lang='lat' dir='ltr'>sed</span> <span class='ocrx_word' id='word_1_596' title='bbox 3240 2180 3650 2237; x_wconf 85' lang='lat' dir='ltr'>manducabunt</span> <span class='ocrx_word' id='word_1_597' title='bbox 3701 2179 3853 2247; x_wconf 87' lang='lat' dir='ltr'>illas,</span> 
     </span>
    </p>
   </div>
   <div class='ocr_carea' id='block_1_84' title="bbox 2203 2267 3853 2344">
    <p class='ocr_par' dir='ltr' id='par_1_84' title="bbox 2203 2267 3853 2344">
     <span class='ocr_line' id='line_1_84' title="bbox 2203 2267 3853 2344; baseline -0.003 -17"><span class='ocrx_word' id='word_1_598' title='bbox 2203 2272 2481 2344; x_wconf 68' lang='lat' dir='ltr'>quaeritur</span> <span class='ocrx_word' id='word_1_599' title='bbox 2532 2290 2700 2344; x_wconf 89' lang='lat' dir='ltr'>quae,</span> <span class='ocrx_word' id='word_1_600' title='bbox 2751 2276 2807 2327; x_wconf 92' lang='lat' dir='ltr'>et</span> <span class='ocrx_word' id='word_1_601' title='bbox 2854 2272 3200 2343; x_wconf 88' lang='lat' dir='ltr'>intelligitur</span> <span class='ocrx_word' id='word_1_602' title='bbox 3246 2287 3485 2337; x_wconf 88' lang='lat' dir='ltr'>carnes;</span> <span class='ocrx_word' id='word_1_603' title='bbox 3538 2269 3647 2325; x_wconf 87' lang='lat' dir='ltr'>hoc</span> <span class='ocrx_word' id='word_1_604' title='bbox 3696 2267 3853 2323; x_wconf 89' lang='lat' dir='ltr'>enim</span> 
     </span>
    </p>
   </div>
   <div class='ocr_carea' id='block_1_85' title="bbox 2202 2360 3859 2433">
    <p class='ocr_par' dir='ltr' id='par_1_85' title="bbox 2202 2360 3859 2433">
     <span class='ocr_line' id='line_1_85' title="bbox 2202 2360 3859 2433; baseline -0.004 -15"><span class='ocrx_word' id='word_1_605' title='bbox 2202 2362 2487 2433; x_wconf 85' lang='lat' dir='ltr'>sequitur,</span> <span class='ocrx_word' id='word_1_606' title='bbox 2537 2365 2598 2417; x_wconf 87' lang='lat' dir='ltr'>Et</span> <span class='ocrx_word' id='word_1_607' title='bbox 2644 2363 3061 2418; x_wconf 83' lang='lat' dir='ltr'>manducabunt</span> <span class='ocrx_word' id='word_1_608' title='bbox 3105 2377 3296 2418; x_wconf 86' lang='lat' dir='ltr'>carnes</span> <span class='ocrx_word' id='word_1_609' title='bbox 3338 2360 3441 2417; x_wconf 86' lang='lat' dir='ltr'>hac</span> <span class='ocrx_word' id='word_1_610' title='bbox 3468 2369 3621 2415; x_wconf 85' lang='lat' dir='ltr'>nocte</span> <span class='ocrx_word' id='word_1_611' title='bbox 3650 2366 3859 2413; x_wconf 87' lang='lat' dir='ltr'>assatas</span> 
     </span>
    </p>
   </div>
   <div class='ocr_carea' id='block_1_86' title="bbox 2204 2449 3853 2523">
    <p class='ocr_par' dir='ltr' id='par_1_86' title="bbox 2204 2449 3853 2523">
     <span class='ocr_line' id='line_1_86' title="bbox 2204 2449 3853 2523; baseline -0.004 -15"><span class='ocrx_word' id='word_1_612' title='bbox 2204 2454 2357 2522; x_wconf 86' lang='lat' dir='ltr'>igni;</span> <span class='ocrx_word' id='word_1_613' title='bbox 2391 2453 2545 2523; x_wconf 92' lang='lat' dir='ltr'>quod</span> <span class='ocrx_word' id='word_1_614' title='bbox 2581 2452 2796 2507; x_wconf 87' lang='lat' dir='ltr'>habent</span> <span class='ocrx_word' id='word_1_615' title='bbox 2824 2452 2989 2507; x_wconf 86' lang='lat' dir='ltr'>latini</span> <span class='ocrx_word' id='word_1_616' title='bbox 3021 2452 3269 2517; x_wconf 87' lang='lat' dir='ltr'>codices,</span> <span class='ocrx_word' id='word_1_617' title='bbox 3304 2453 3399 2521; x_wconf 88' lang='lat' dir='ltr'>qui</span> <span class='ocrx_word' id='word_1_618' title='bbox 3438 2449 3853 2505; x_wconf 81' lang='lat' dir='ltr'>manducabunt</span> 
     </span>
    </p>
   </div>
   <div class='ocr_carea' id='block_1_87' title="bbox 2201 2539 3857 2615">
    <p class='ocr_par' dir='ltr' id='par_1_87' title="bbox 2201 2539 3857 2615">
     <span class='ocr_line' id='line_1_87' title="bbox 2201 2539 3857 2615; baseline -0.003 -18"><span class='ocrx_word' id='word_1_619' title='bbox 2201 2558 2441 2609; x_wconf 88' lang='lat' dir='ltr'>carnem,</span> <span class='ocrx_word' id='word_1_620' title='bbox 2471 2542 2639 2613; x_wconf 69' lang='lat' dir='ltr'>graeci</span> <span class='ocrx_word' id='word_1_621' title='bbox 2674 2548 2868 2596; x_wconf 89' lang='lat' dir='ltr'>autem</span> <span class='ocrx_word' id='word_1_622' title='bbox 2902 2541 3120 2597; x_wconf 88' lang='lat' dir='ltr'>habent</span> <span class='ocrx_word' id='word_1_623' title='bbox 3149 2539 3329 2615; x_wconf 74' lang='grc' dir='ltr'>κρέας,</span> <span class='ocrx_word' id='word_1_624' title='bbox 3364 2540 3421 2594; x_wconf 91' lang='lat' dir='ltr'>id</span> <span class='ocrx_word' id='word_1_625' title='bbox 3453 2542 3541 2594; x_wconf 87' lang='lat' dir='ltr'>est</span> <span class='ocrx_word' id='word_1_626' title='bbox 3590 2554 3857 2610; x_wconf 85' lang='lat' dir='ltr'>carnem,</span> 
     </span>
    </p>
   </div>
   <div class='ocr_carea' id='block_1_88' title="bbox 2203 2628 3849 2703">
    <p class='ocr_par' dir='ltr' id='par_1_88' title="bbox 2203 2628 3849 2703">
     <span class='ocr_line' id='line_1_88' title="bbox 2203 2628 3849 2703; baseline -0.003 -15"><span class='ocrx_word' id='word_1_627' title='bbox 2203 2633 2304 2689; x_wconf 90' lang='lat' dir='ltr'>sed</span> <span class='ocrx_word' id='word_1_628' title='bbox 2360 2648 2569 2703; x_wconf 87' lang='lat' dir='ltr'>genere</span> <span class='ocrx_word' id='word_1_629' title='bbox 2603 2636 2846 2696; x_wconf 86' lang='lat' dir='ltr'>neutro;</span> <span class='ocrx_word' id='word_1_630' title='bbox 2880 2630 3009 2687; x_wconf 91' lang='lat' dir='ltr'>ideo</span> <span class='ocrx_word' id='word_1_631' title='bbox 3041 2632 3098 2688; x_wconf 86' lang='lat' dir='ltr'>in</span> <span class='ocrx_word' id='word_1_632' title='bbox 3131 2647 3316 2702; x_wconf 67' lang='lat' dir='ltr'>graeco</span> <span class='ocrx_word' id='word_1_633' title='bbox 3346 2633 3453 2695; x_wconf 88' lang='lat' dir='ltr'>est,</span> <span class='ocrx_word' id='word_1_634' title='bbox 3488 2630 3546 2683; x_wconf 91' lang='lat' dir='ltr'>in</span> <span class='ocrx_word' id='word_1_635' title='bbox 3574 2628 3849 2693; x_wconf 83' lang='lat' dir='ltr'>domibus,</span> 
     </span>
    </p>
   </div>
   <div class='ocr_carea' id='block_1_89' title="bbox 2202 2716 3857 2794">
    <p class='ocr_par' dir='ltr' id='par_1_89' title="bbox 2202 2716 3857 2794">
     <span class='ocr_line' id='line_1_89' title="bbox 2202 2716 3857 2794; baseline -0.004 -18"><span class='ocrx_word' id='word_1_636' title='bbox 2202 2723 2261 2776; x_wconf 89' lang='lat' dir='ltr'>in</span> <span class='ocrx_word' id='word_1_637' title='bbox 2295 2721 2490 2794; x_wconf 88' lang='lat' dir='ltr'>quibus</span> <span class='ocrx_word' id='word_1_638' title='bbox 2518 2720 2926 2776; x_wconf 87' lang='lat' dir='ltr'>manducabunt</span> <span class='ocrx_word' id='word_1_639' title='bbox 2956 2722 3057 2775; x_wconf 85' lang='lat' dir='ltr'>illa</span> <span class='ocrx_word' id='word_1_640' title='bbox 3090 2722 3145 2775; x_wconf 88' lang='lat' dir='ltr'>in</span> <span class='ocrx_word' id='word_1_641' title='bbox 3177 2722 3274 2775; x_wconf 90' lang='lat' dir='ltr'>eis.</span> <span class='ocrx_word' id='word_1_642' title='bbox 3309 2720 3409 2775; x_wconf 87' lang='lat' dir='ltr'>Est</span> <span class='ocrx_word' id='word_1_643' title='bbox 3436 2735 3569 2774; x_wconf 89' lang='lat' dir='ltr'>vero</span> <span class='ocrx_word' id='word_1_644' title='bbox 3617 2716 3718 2772; x_wconf 88' lang='lat' dir='ltr'>illa</span> <span class='ocrx_word' id='word_1_645' title='bbox 3772 2716 3857 2772; x_wconf 89' lang='lat' dir='ltr'>lo-</span> 
     </span>
    </p>
   </div>
   <div class='ocr_carea' id='block_1_90' title="bbox 2205 2806 3855 2881">
    <p class='ocr_par' dir='ltr' id='par_1_90' title="bbox 2205 2806 3855 2881">
     <span class='ocr_line' id='line_1_90' title="bbox 2205 2806 3855 2881; baseline -0.003 -16"><span class='ocrx_word' id='word_1_646' title='bbox 2205 2811 2453 2876; x_wconf 88' lang='lat' dir='ltr'>cutio,ut</span> <span class='ocrx_word' id='word_1_647' title='bbox 2477 2810 2638 2881; x_wconf 89' lang='lat' dir='ltr'>prius</span> <span class='ocrx_word' id='word_1_648' title='bbox 2667 2810 2885 2865; x_wconf 84' lang='lat' dir='ltr'>diceret</span> <span class='ocrx_word' id='word_1_649' title='bbox 2910 2810 3243 2881; x_wconf 88' lang='lat' dir='ltr'>illas,quam</span> <span class='ocrx_word' id='word_1_650' title='bbox 3275 2808 3608 2881; x_wconf 64' lang='lat' dir='ltr'>praediceret</span> <span class='ocrx_word' id='word_1_651' title='bbox 3629 2806 3771 2879; x_wconf 87' lang='lat' dir='ltr'>quid</span> <span class='ocrx_word' id='word_1_652' title='bbox 3796 2807 3855 2861; x_wconf 91' lang='lat' dir='ltr'>in</span> 
     </span>
    </p>
   </div>
   <div class='ocr_carea' id='block_1_91' title="bbox 2205 2895 3859 2970">
    <p class='ocr_par' dir='ltr' id='par_1_91' title="bbox 2205 2895 3859 2970">
     <span class='ocr_line' id='line_1_91' title="bbox 2205 2895 3859 2970; baseline -0.002 -16"><span class='ocrx_word' id='word_1_653' title='bbox 2205 2900 2700 2969; x_wconf 79' lang='lat' dir='ltr'>consequentibus</span> <span class='ocrx_word' id='word_1_654' title='bbox 2724 2899 3151 2970; x_wconf 86' lang='lat' dir='ltr'>intelligeretur</span> <span class='ocrx_word' id='word_1_655' title='bbox 3173 2915 3319 2970; x_wconf 80' lang='lat' dir='ltr'>quas</span> <span class='ocrx_word' id='word_1_656' title='bbox 3341 2895 3859 2961; x_wconf 79' lang='lat' dir='ltr'>dixerit,similisei</span> 
     </span>
    </p>
   </div>
   <div class='ocr_carea' id='block_1_92' title="bbox 2202 2986 3860 3061">
    <p class='ocr_par' dir='ltr' id='par_1_92' title="bbox 2202 2986 3860 3061">
     <span class='ocr_line' id='line_1_92' title="bbox 2202 2986 3860 3061; baseline -0.001 -18"><span class='ocrx_word' id='word_1_657' title='bbox 2202 2987 2480 3044; x_wconf 88' lang='lat' dir='ltr'>locutioni</span> <span class='ocrx_word' id='word_1_658' title='bbox 2499 3004 2672 3059; x_wconf 90' lang='lat' dir='ltr'>quam</span> <span class='ocrx_word' id='word_1_659' title='bbox 2688 2989 2756 3043; x_wconf 91' lang='lat' dir='ltr'>de</span> <span class='ocrx_word' id='word_1_660' title='bbox 2772 2988 2888 3043; x_wconf 84' lang='lat' dir='ltr'>ﬁlio</span> <span class='ocrx_word' id='word_1_661' title='bbox 2905 2988 3085 3061; x_wconf 83' lang='lat' dir='ltr'>Moysi</span> <span class='ocrx_word' id='word_1_662' title='bbox 3101 2988 3481 3061; x_wconf 83' lang='lat' dir='ltr'>exposuimus</span> <span class='ocrx_word' id='word_1_663' title='bbox 3496 2987 3684 3058; x_wconf 83' lang='lat' dir='ltr'>(Lib.u</span> <span class='ocrx_word' id='word_1_664' title='bbox 3700 2986 3860 3055; x_wconf 57' lang='lat' dir='ltr'>Que-</span> 
     </span>
    </p>
   </div>
   <div class='ocr_carea' id='block_1_93' title="bbox 2201 3072 3859 3150">
    <p class='ocr_par' dir='ltr' id='par_1_93' title="bbox 2201 3072 3859 3150">
     <span class='ocr_line' id='line_1_93' title="bbox 2201 3072 3859 3150; baseline -0.003 -16"><span class='ocrx_word' id='word_1_665' title='bbox 2201 3080 2439 3138; x_wconf 82' lang='lat' dir='ltr'>stionum</span> <span class='ocrx_word' id='word_1_666' title='bbox 2458 3079 2530 3133; x_wconf 88' lang='lat' dir='ltr'>de</span> <span class='ocrx_word' id='word_1_667' title='bbox 2554 3078 2756 3146; x_wconf 72' lang='lat' dir='ltr'>Exodo,</span> <span class='ocrx_word' id='word_1_668' title='bbox 2774 3082 2959 3150; x_wconf 70' lang='lat' dir='ltr'>quaest.</span> <span class='ocrx_word' id='word_1_669' title='bbox 2980 3079 3085 3149; x_wconf 88' lang='lat'>11),</span> <span class='ocrx_word' id='word_1_670' title='bbox 3102 3094 3232 3133; x_wconf 90' lang='lat' dir='ltr'>cum</span> <span class='ocrx_word' id='word_1_671' title='bbox 3260 3093 3396 3133; x_wconf 91' lang='lat' dir='ltr'>eum</span> <span class='ocrx_word' id='word_1_672' title='bbox 3416 3074 3589 3130; x_wconf 89' lang='lat' dir='ltr'>vellet</span> <span class='ocrx_word' id='word_1_673' title='bbox 3611 3072 3859 3146; x_wconf 87' lang='lat' dir='ltr'>angelus</span> 
     </span>
    </p>
   </div>
   <div class='ocr_carea' id='block_1_94' title="bbox 2204 3164 3855 3239">
    <p class='ocr_par' dir='ltr' id='par_1_94' title="bbox 2204 3164 3855 3239">
     <span class='ocr_line' id='line_1_94' title="bbox 2204 3164 3855 3239; baseline -0.003 -17"><span class='ocrx_word' id='word_1_674' title='bbox 2204 3168 2486 3235; x_wconf 84' lang='lat' dir='ltr'>occidere,</span> <span class='ocrx_word' id='word_1_675' title='bbox 2514 3171 2569 3223; x_wconf 86' lang='lat' dir='ltr'>et</span> <span class='ocrx_word' id='word_1_676' title='bbox 2590 3167 2913 3239; x_wconf 84' lang='lat' dir='ltr'>exemplum</span> <span class='ocrx_word' id='word_1_677' title='bbox 2937 3166 3318 3223; x_wconf 85' lang='lat' dir='ltr'>adhibuimus</span> <span class='ocrx_word' id='word_1_678' title='bbox 3340 3167 3410 3221; x_wconf 88' lang='lat' dir='ltr'>de</span> <span class='ocrx_word' id='word_1_679' title='bbox 3434 3164 3684 3235; x_wconf 86' lang='lat' dir='ltr'>Psalmo,</span> <span class='ocrx_word' id='word_1_680' title='bbox 3706 3165 3855 3219; x_wconf 87' lang='lat' dir='ltr'>Fun-</span> 
     </span>
    </p>
   </div>
   <div class='ocr_carea' id='block_1_95' title="bbox 2200 3255 3860 3329">
    <p class='ocr_par' dir='ltr' id='par_1_95' title="bbox 2200 3255 3860 3329">
     <span class='ocr_line' id='line_1_95' title="bbox 2200 3255 3860 3329; baseline -0.002 -17"><span class='ocrx_word' id='word_1_681' title='bbox 2200 3255 2459 3313; x_wconf 85' lang='lat' dir='ltr'>damenta</span> <span class='ocrx_word' id='word_1_682' title='bbox 2478 3258 2594 3329; x_wconf 87' lang='lat' dir='ltr'>ejus</span> <span class='ocrx_word' id='word_1_683' title='bbox 2616 3258 2675 3313; x_wconf 88' lang='lat' dir='ltr'>in</span> <span class='ocrx_word' id='word_1_684' title='bbox 2700 3259 2976 3313; x_wconf 85' lang='lat' dir='ltr'>montibus</span> <span class='ocrx_word' id='word_1_685' title='bbox 2999 3255 3428 3327; x_wconf 49' lang='lat' dir='ltr'>sanctissdiligit</span> <span class='ocrx_word' id='word_1_686' title='bbox 3448 3256 3714 3310; x_wconf 88' lang='lat' dir='ltr'>Dominus</span> <span class='ocrx_word' id='word_1_687' title='bbox 3730 3268 3860 3326; x_wconf 89' lang='lat' dir='ltr'>por-</span> 
     </span>
    </p>
   </div>
   <div class='ocr_carea' id='block_1_96' title="bbox 2203 3344 3859 3417">
    <p class='ocr_par' dir='ltr' id='par_1_96' title="bbox 2203 3344 3859 3417">
     <span class='ocr_line' id='line_1_96' title="bbox 2203 3344 3859 3417; baseline -0.002 -16"><span class='ocrx_word' id='word_1_688' title='bbox 2203 3353 2282 3401; x_wconf 73' lang='lat' dir='ltr'>tas</span> <span class='ocrx_word' id='word_1_689' title='bbox 2304 3346 2437 3401; x_wconf 89' lang='lat' dir='ltr'>Sion</span> <span class='ocrx_word' id='word_1_690' title='bbox 2459 3347 2628 3415; x_wconf 86' lang='lat' dir='ltr'>(Psal.</span> <span class='ocrx_word' id='word_1_691' title='bbox 2657 3364 2879 3414; x_wconf 77' lang='lat' dir='ltr'>LXXXVI,</span> <span class='ocrx_word' id='word_1_692' title='bbox 2913 3352 2956 3416; x_wconf 88' lang='grc' dir='ltr'>ι,</span> <span class='ocrx_word' id='word_1_693' title='bbox 2979 3348 3033 3417; x_wconf 86' lang='lat'>2)</span> <span class='ocrx_word' id='word_1_694' title='bbox 3062 3364 3073 3399; x_wconf 90' lang='lat'><strong><em>:</em></strong></span> <span class='ocrx_word' id='word_1_695' title='bbox 3100 3346 3271 3415; x_wconf 87' lang='lat' dir='ltr'>cujus</span> <span class='ocrx_word' id='word_1_696' title='bbox 3293 3345 3448 3400; x_wconf 88' lang='lat' dir='ltr'>enim</span> <span class='ocrx_word' id='word_1_697' title='bbox 3473 3344 3859 3399; x_wconf 86' lang='lat' dir='ltr'>fundamenta</span> 
     </span>
    </p>
   </div>
   <div class='ocr_carea' id='block_1_97' title="bbox 2202 3432 3856 3508">
    <p class='ocr_par' dir='ltr' id='par_1_97' title="bbox 2202 3432 3856 3508">
     <span class='ocr_line' id='line_1_97' title="bbox 2202 3432 3856 3508; baseline -0.003 -16"><span class='ocrx_word' id='word_1_698' title='bbox 2202 3452 2314 3492; x_wconf 91' lang='lat' dir='ltr'>non</span> <span class='ocrx_word' id='word_1_699' title='bbox 2342 3435 2748 3508; x_wconf 87' lang='lat' dir='ltr'>intelligimus,</span> <span class='ocrx_word' id='word_1_700' title='bbox 2773 3436 2886 3492; x_wconf 87' lang='lat' dir='ltr'>nisi</span> <span class='ocrx_word' id='word_1_701' title='bbox 2910 3454 2977 3491; x_wconf 82' lang='lat' dir='ltr'>ex</span> <span class='ocrx_word' id='word_1_702' title='bbox 3003 3434 3527 3507; x_wconf 89' lang='lat' dir='ltr'>consequentibus;</span> <span class='ocrx_word' id='word_1_703' title='bbox 3553 3434 3638 3489; x_wconf 88' lang='lat' dir='ltr'>sic</span> <span class='ocrx_word' id='word_1_704' title='bbox 3658 3438 3717 3488; x_wconf 89' lang='lat' dir='ltr'>et</span> <span class='ocrx_word' id='word_1_705' title='bbox 3739 3432 3856 3499; x_wconf 90' lang='lat' dir='ltr'>hic,</span> 
     </span>
    </p>
   </div>
   <div class='ocr_carea' id='block_1_98' title="bbox 2198 3522 3854 3597">
    <p class='ocr_par' dir='ltr' id='par_1_98' title="bbox 2198 3522 3854 3597">
     <span class='ocr_line' id='line_1_98' title="bbox 2198 3522 3854 3597; baseline -0.002 -16"><span class='ocrx_word' id='word_1_706' title='bbox 2198 3527 2259 3581; x_wconf 88' lang='lat' dir='ltr'>in</span> <span class='ocrx_word' id='word_1_707' title='bbox 2290 3526 2485 3597; x_wconf 79' lang='lat' dir='ltr'>quibus</span> <span class='ocrx_word' id='word_1_708' title='bbox 2514 3526 2927 3581; x_wconf 81' lang='lat' dir='ltr'>manducabunt</span> <span class='ocrx_word' id='word_1_709' title='bbox 2958 3526 3087 3580; x_wconf 87' lang='lat' dir='ltr'>illas</span> <span class='ocrx_word' id='word_1_710' title='bbox 3116 3526 3172 3579; x_wconf 89' lang='lat' dir='ltr'>in</span> <span class='ocrx_word' id='word_1_711' title='bbox 3204 3529 3302 3589; x_wconf 86' lang='lat' dir='ltr'>eis,</span> <span class='ocrx_word' id='word_1_712' title='bbox 3336 3524 3393 3579; x_wconf 89' lang='lat' dir='ltr'>id</span> <span class='ocrx_word' id='word_1_713' title='bbox 3425 3528 3512 3578; x_wconf 88' lang='lat' dir='ltr'>est</span> <span class='ocrx_word' id='word_1_714' title='bbox 3541 3522 3601 3577; x_wconf 93' lang='lat' dir='ltr'>in</span> <span class='ocrx_word' id='word_1_715' title='bbox 3633 3522 3854 3593; x_wconf 86' lang='lat' dir='ltr'>quibus</span> 
     </span>
    </p>
   </div>
   <div class='ocr_carea' id='block_1_99' title="bbox 2199 3611 3853 3685">
    <p class='ocr_par' dir='ltr' id='par_1_99' title="bbox 2199 3611 3853 3685">
     <span class='ocr_line' id='line_1_99' title="bbox 2199 3611 3853 3685; baseline -0.002 -17"><span class='ocrx_word' id='word_1_716' title='bbox 2199 3614 2470 3670; x_wconf 89' lang='lat' dir='ltr'>domibus</span> <span class='ocrx_word' id='word_1_717' title='bbox 2502 3616 2944 3670; x_wconf 89' lang='lat' dir='ltr'>manducabunt</span> <span class='ocrx_word' id='word_1_718' title='bbox 2973 3614 3125 3681; x_wconf 88' lang='lat' dir='ltr'>illas,</span> <span class='ocrx_word' id='word_1_719' title='bbox 3146 3612 3496 3685; x_wconf 88' lang='lat' dir='ltr'>intelligitur</span> <span class='ocrx_word' id='word_1_720' title='bbox 3526 3626 3760 3679; x_wconf 88' lang='lat' dir='ltr'>carnes,</span> <span class='ocrx_word' id='word_1_721' title='bbox 3783 3611 3853 3666; x_wconf 86' lang='lat' dir='ltr'>de</span> 
     </span>
    </p>
   </div>
   <div class='ocr_carea' id='block_1_100' title="bbox 2199 3704 3182 3777">
    <p class='ocr_par' dir='ltr' id='par_1_100' title="bbox 2199 3704 3182 3777">
     <span class='ocr_line' id='line_1_100' title="bbox 2199 3704 3182 3777; baseline -0.001 -18"><span class='ocrx_word' id='word_1_722' title='bbox 2199 3704 2417 3777; x_wconf 89' lang='lat' dir='ltr'>quibus</span> <span class='ocrx_word' id='word_1_723' title='bbox 2447 3709 2872 3775; x_wconf 87' lang='lat' dir='ltr'>consequenter</span> <span class='ocrx_word' id='word_1_724' title='bbox 2899 3704 3182 3775; x_wconf 90' lang='lat' dir='ltr'>loquitur.</span> 
     </span>
    </p>
   </div>
   <div class='ocr_carea' id='block_1_101' title="bbox 2275 3789 3856 3864">
    <p class='ocr_par' dir='ltr' id='par_1_101' title="bbox 2275 3789 3856 3864">
     <span class='ocr_line' id='line_1_101' title="bbox 2275 3789 3856 3864; baseline -0.001 -17"><span class='ocrx_word' id='word_1_725' title='bbox 2275 3794 2496 3863; x_wconf 81' lang='lat' dir='ltr'>[Ib.22.]</span> <span class='ocrx_word' id='word_1_726' title='bbox 2530 3794 2763 3848; x_wconf 88' lang='lat' dir='ltr'>Sumetis</span> <span class='ocrx_word' id='word_1_727' title='bbox 2792 3799 2980 3848; x_wconf 88' lang='lat' dir='ltr'>autem</span> <span class='ocrx_word' id='word_1_728' title='bbox 3012 3794 3158 3848; x_wconf 85' lang='lat' dir='ltr'>vobis</span> <span class='ocrx_word' id='word_1_729' title='bbox 3186 3791 3509 3864; x_wconf 76' lang='lat' dir='ltr'>fasciculum</span> <span class='ocrx_word' id='word_1_730' title='bbox 3540 3789 3856 3862; x_wconf 85' lang='lat' dir='ltr'>hyssopi,&#39;et</span> 
     </span>
    </p>
   </div>
   <div class='ocr_carea' id='block_1_102' title="bbox 2200 3881 3857 3954">
    <p class='ocr_par' dir='ltr' id='par_1_102' title="bbox 2200 3881 3857 3954">
     <span class='ocr_line' id='line_1_102' title="bbox 2200 3881 3857 3954; baseline -0.001 -17"><span class='ocrx_word' id='word_1_731' title='bbox 2200 3884 2422 3954; x_wconf 86' lang='lat' dir='ltr'>tingetis</span> <span class='ocrx_word' id='word_1_732' title='bbox 2452 3898 2520 3938; x_wconf 74' lang='lat' dir='ltr'>ex</span> <span class='ocrx_word' id='word_1_733' title='bbox 2547 3885 2819 3953; x_wconf 83' lang='lat' dir='ltr'>sanguine</span> <span class='ocrx_word' id='word_1_734' title='bbox 2852 3884 2947 3954; x_wconf 87' lang='lat' dir='ltr'>qui</span> <span class='ocrx_word' id='word_1_735' title='bbox 2975 3891 3053 3938; x_wconf 85' lang='lat' dir='ltr'>est</span> <span class='ocrx_word' id='word_1_736' title='bbox 3067 3884 3237 3953; x_wconf 66' lang='lat' dir='ltr'>juxta</span> <span class='ocrx_word' id='word_1_737' title='bbox 3267 3883 3488 3952; x_wconf 78' lang='lat' dir='ltr'>ostium,</span> <span class='ocrx_word' id='word_1_738' title='bbox 3536 3888 3585 3935; x_wconf 92' lang='lat' dir='ltr'>et</span> <span class='ocrx_word' id='word_1_739' title='bbox 3637 3881 3857 3937; x_wconf 85' lang='lat' dir='ltr'>linietis</span> 
     </span>
    </p>
   </div>
   <div class='ocr_carea' id='block_1_103' title="bbox 2196 3971 3855 4044">
    <p class='ocr_par' dir='ltr' id='par_1_103' title="bbox 2196 3971 3855 4044">
     <span class='ocr_line' id='line_1_103' title="bbox 2196 3971 3855 4044; baseline -0.001 -16"><span class='ocrx_word' id='word_1_740' title='bbox 2196 3990 2360 4044; x_wconf 86' lang='lat' dir='ltr'>super</span> <span class='ocrx_word' id='word_1_741' title='bbox 2386 3974 2551 4029; x_wconf 86' lang='lat' dir='ltr'>limen</span> <span class='ocrx_word' id='word_1_742' title='bbox 2582 3982 2635 4029; x_wconf 83' lang='lat' dir='ltr'>et</span> <span class='ocrx_word' id='word_1_743' title='bbox 2664 3990 2827 4044; x_wconf 81' lang='lat' dir='ltr'>super</span> <span class='ocrx_word' id='word_1_744' title='bbox 2855 3975 3041 4028; x_wconf 88' lang='lat' dir='ltr'>ambos</span> <span class='ocrx_word' id='word_1_745' title='bbox 3066 3982 3238 4044; x_wconf 86' lang='lat' dir='ltr'>postes</span> <span class='ocrx_word' id='word_1_746' title='bbox 3263 3972 3326 4027; x_wconf 88' lang='lat' dir='ltr'>de</span> <span class='ocrx_word' id='word_1_747' title='bbox 3355 3971 3855 4039; x_wconf 67' lang='lat' dir='ltr'>sangumeEtiam</span> 
     </span>
    </p>
   </div>
   <div class='ocr_carea' id='block_1_104' title="bbox 2200 4058 3859 4134">
    <p class='ocr_par' dir='ltr' id='par_1_104' title="bbox 2200 4058 3859 4134">
     <span class='ocr_line' id='line_1_104' title="bbox 2200 4058 3859 4134; baseline -0.003 -17"><span class='ocrx_word' id='word_1_748' title='bbox 2200 4062 2293 4117; x_wconf 91' lang='lat' dir='ltr'>hic</span> <span class='ocrx_word' id='word_1_749' title='bbox 2317 4062 2630 4117; x_wconf 86' lang='lat' dir='ltr'>fasciculus</span> <span class='ocrx_word' id='word_1_750' title='bbox 2652 4062 2890 4134; x_wconf 88' lang='lat' dir='ltr'>hyssopi</span> <span class='ocrx_word' id='word_1_751' title='bbox 2921 4062 3114 4134; x_wconf 76' lang='lat' dir='ltr'>plures</span> <span class='ocrx_word' id='word_1_752' title='bbox 3132 4062 3329 4132; x_wconf 89' lang='lat' dir='ltr'>utique</span> <span class='ocrx_word' id='word_1_753' title='bbox 3355 4058 3664 4115; x_wconf 83' lang='lat' dir='ltr'>fasciculos</span> <span class='ocrx_word' id='word_1_754' title='bbox 3679 4059 3859 4131; x_wconf 87' lang='lat' dir='ltr'>signi-</span> 
     </span>
    </p>
   </div>
   <div class='ocr_carea' id='block_1_105' title="bbox 2200 4148 3861 4223">
    <p class='ocr_par' dir='ltr' id='par_1_105' title="bbox 2200 4148 3861 4223">
     <span class='ocr_line' id='line_1_105' title="bbox 2200 4148 3861 4223; baseline -0.001 -16"><span class='ocrx_word' id='word_1_755' title='bbox 2200 4152 2511 4218; x_wconf 85' lang='lat' dir='ltr'>ficat,eicut</span> <span class='ocrx_word' id='word_1_756' title='bbox 2535 4170 2675 4208; x_wconf 90' lang='lat' dir='ltr'>rana</span> <span class='ocrx_word' id='word_1_757' title='bbox 2699 4152 2894 4223; x_wconf 89' lang='lat' dir='ltr'>plures</span> <span class='ocrx_word' id='word_1_758' title='bbox 2917 4155 3172 4221; x_wconf 88' lang='lat' dir='ltr'>ranas,et</span> <span class='ocrx_word' id='word_1_759' title='bbox 3194 4150 3419 4206; x_wconf 90' lang='lat' dir='ltr'>locusta</span> <span class='ocrx_word' id='word_1_760' title='bbox 3444 4148 3642 4223; x_wconf 87' lang='lat' dir='ltr'>plures</span> <span class='ocrx_word' id='word_1_761' title='bbox 3663 4148 3861 4205; x_wconf 89' lang='lat' dir='ltr'>locus-</span> 
     </span>
    </p>
   </div>
   <div class='ocr_carea' id='block_1_106' title="bbox 2197 4238 3858 4313">
    <p class='ocr_par' dir='ltr' id='par_1_106' title="bbox 2197 4238 3858 4313">
     <span class='ocr_line' id='line_1_106' title="bbox 2197 4238 3858 4313; baseline -0.002 -16"><span class='ocrx_word' id='word_1_762' title='bbox 2197 4246 2288 4297; x_wconf 90' lang='lat' dir='ltr'>tae</span> <span class='ocrx_word' id='word_1_763' title='bbox 2324 4259 2335 4296; x_wconf 91' lang='lat'>:</span> <span class='ocrx_word' id='word_1_764' title='bbox 2370 4246 2571 4313; x_wconf 89' lang='lat' dir='ltr'>tropus</span> <span class='ocrx_word' id='word_1_765' title='bbox 2605 4246 2799 4297; x_wconf 87' lang='lat' dir='ltr'>autem</span> <span class='ocrx_word' id='word_1_766' title='bbox 2843 4242 2951 4297; x_wconf 89' lang='lat' dir='ltr'>iste</span> <span class='ocrx_word' id='word_1_767' title='bbox 2995 4241 3229 4312; x_wconf 87' lang='lat' dir='ltr'>quando</span> <span class='ocrx_word' id='word_1_768' title='bbox 3270 4240 3335 4294; x_wconf 82' lang='lat' dir='ltr'>fit</span> <span class='ocrx_word' id='word_1_769' title='bbox 3372 4240 3431 4295; x_wconf 92' lang='lat' dir='ltr'>in</span> <span class='ocrx_word' id='word_1_770' title='bbox 3460 4238 3635 4294; x_wconf 86' lang='lat' dir='ltr'>rebus</span> <span class='ocrx_word' id='word_1_771' title='bbox 3658 4254 3789 4310; x_wconf 64' lang='lat' dir='ltr'>quae</span> <span class='ocrx_word' id='word_1_772' title='bbox 3825 4256 3858 4294; x_wconf 87' lang='lat' dir='ltr'>a</span> 
     </span>
    </p>
   </div>
   <div class='ocr_carea' id='block_1_107' title="bbox 2200 4327 3653 4398">
    <p class='ocr_par' dir='ltr' id='par_1_107' title="bbox 2200 4327 3653 4398">
     <span class='ocr_line' id='line_1_107' title="bbox 2200 4327 3653 4398; baseline -0.006 -8"><span class='ocrx_word' id='word_1_773' title='bbox 2200 4332 2366 4391; x_wconf 82' lang='lat' dir='ltr'>nobis</span> <span class='ocrx_word' id='word_1_774' title='bbox 2402 4349 2515 4387; x_wconf 91' lang='lat' dir='ltr'>non</span> <span class='ocrx_word' id='word_1_775' title='bbox 2550 4334 2631 4387; x_wconf 90' lang='lat' dir='ltr'>ita</span> <span class='ocrx_word' id='word_1_776' title='bbox 2664 4331 2776 4387; x_wconf 91' lang='lat' dir='ltr'>dici</span> <span class='ocrx_word' id='word_1_777' title='bbox 2808 4331 3017 4398; x_wconf 89' lang='lat' dir='ltr'>solent,</span> <span class='ocrx_word' id='word_1_778' title='bbox 3046 4330 3465 4386; x_wconf 87' lang='lat' dir='ltr'>obscuritatem</span> <span class='ocrx_word' id='word_1_779' title='bbox 3497 4327 3653 4384; x_wconf 80' lang='lat' dir='ltr'>facit.</span> 
     </span>
    </p>
   </div>
   <div class='ocr_carea' id='block_1_108' title="bbox 2210 4408 3860 4491">
    <p class='ocr_par' dir='ltr' id='par_1_108' title="bbox 2210 4408 3860 4491">
     <span class='ocr_line' id='line_1_108' title="bbox 2210 4408 3860 4491; baseline -0.001 -18"><span class='ocrx_word' id='word_1_780' title='bbox 2210 4408 2215 4413; x_wconf 14' lang='grc' dir='ltr'>ι</span> <span class='ocrx_word' id='word_1_781' title='bbox 2267 4422 2371 4491; x_wconf 86' lang='lat' dir='ltr'>[lb.</span> <span class='ocrx_word' id='word_1_782' title='bbox 2404 4422 2493 4490; x_wconf 88' lang='lat'>26,</span> <span class='ocrx_word' id='word_1_783' title='bbox 2525 4421 2640 4491; x_wconf 87' lang='lat'>27.]</span> <span class='ocrx_word' id='word_1_784' title='bbox 2672 4423 2737 4475; x_wconf 90' lang='lat' dir='ltr'>Et</span> <span class='ocrx_word' id='word_1_785' title='bbox 2765 4422 2870 4477; x_wconf 87' lang='lat' dir='ltr'>erit</span> <span class='ocrx_word' id='word_1_786' title='bbox 2899 4436 3018 4475; x_wconf 86' lang='lat' dir='ltr'>cum</span> <span class='ocrx_word' id='word_1_787' title='bbox 3048 4421 3231 4475; x_wconf 84' lang='lat' dir='ltr'>dicent</span> <span class='ocrx_word' id='word_1_788' title='bbox 3260 4419 3333 4475; x_wconf 84' lang='lat' dir='ltr'>ad</span> <span class='ocrx_word' id='word_1_789' title='bbox 3363 4434 3449 4473; x_wconf 89' lang='lat' dir='ltr'>vos</span> <span class='ocrx_word' id='word_1_790' title='bbox 3502 4418 3613 4487; x_wconf 86' lang='lat' dir='ltr'>ﬁlii</span> <span class='ocrx_word' id='word_1_791' title='bbox 3656 4419 3860 4489; x_wconf 83' lang='lat' dir='ltr'>vestri,</span> 
     </span>
    </p>
   </div>
   <div class='ocr_carea' id='block_1_109' title="bbox 2198 4508 3857 4580">
    <p class='ocr_par' dir='ltr' id='par_1_109' title="bbox 2198 4508 3857 4580">
     <span class='ocr_line' id='line_1_109' title="bbox 2198 4508 3857 4580; baseline -0.001 -15"><span class='ocrx_word' id='word_1_792' title='bbox 2198 4511 2333 4580; x_wconf 76' lang='lat' dir='ltr'>Quae</span> <span class='ocrx_word' id='word_1_793' title='bbox 2363 4514 2439 4566; x_wconf 87' lang='lat' dir='ltr'>est</span> <span class='ocrx_word' id='word_1_794' title='bbox 2468 4512 2701 4567; x_wconf 85' lang='lat' dir='ltr'>servitus</span> <span class='ocrx_word' id='word_1_795' title='bbox 2733 4512 2868 4567; x_wconf 83' lang='lat' dir='ltr'>ista?</span> <span class='ocrx_word' id='word_1_796' title='bbox 2886 4512 2949 4566; x_wconf 82' lang='lat' dir='ltr'>Et</span> <span class='ocrx_word' id='word_1_797' title='bbox 2979 4510 3165 4566; x_wconf 82' lang='lat' dir='ltr'>dicetis</span> <span class='ocrx_word' id='word_1_798' title='bbox 3194 4512 3294 4577; x_wconf 86' lang='lat' dir='ltr'>eis,</span> <span class='ocrx_word' id='word_1_799' title='bbox 3319 4508 3625 4565; x_wconf 88' lang='lat' dir='ltr'>Immolatio</span> <span class='ocrx_word' id='word_1_800' title='bbox 3652 4512 3857 4579; x_wconf 79' lang='lat' dir='ltr'>pascha</span> 
     </span>
    </p>
   </div>
   <div class='ocr_carea' id='block_1_110' title="bbox 2194 4597 3853 4669">
    <p class='ocr_par' dir='ltr' id='par_1_110' title="bbox 2194 4597 3853 4669">
     <span class='ocr_line' id='line_1_110' title="bbox 2194 4597 3853 4669; baseline -0.002 -13"><span class='ocrx_word' id='word_1_801' title='bbox 2194 4602 2294 4656; x_wconf 82' lang='lat' dir='ltr'>hoc</span> <span class='ocrx_word' id='word_1_802' title='bbox 2324 4602 2772 4657; x_wconf 88' lang='lat' dir='ltr'>Domino:etiam</span> <span class='ocrx_word' id='word_1_803' title='bbox 2806 4601 2855 4656; x_wconf 90' lang='lat' dir='ltr'>si</span> <span class='ocrx_word' id='word_1_804' title='bbox 2888 4617 3003 4655; x_wconf 92' lang='lat' dir='ltr'>non</span> <span class='ocrx_word' id='word_1_805' title='bbox 3036 4597 3637 4669; x_wconf 87' lang='lat' dir='ltr'>haberet,et,plenum</span> <span class='ocrx_word' id='word_1_806' title='bbox 3670 4602 3853 4662; x_wconf 88' lang='lat' dir='ltr'>esset,</span> 
     </span>
    </p>
   </div>
   <div class='ocr_carea' id='block_1_111' title="bbox 2193 4691 2515 4748">
    <p class='ocr_par' dir='ltr' id='par_1_111' title="bbox 2193 4691 2515 4748">
     <span class='ocr_line' id='line_1_111' title="bbox 2193 4691 2515 4748; baseline 0 -2"><span class='ocrx_word' id='word_1_807' title='bbox 2193 4691 2389 4748; x_wconf 85' lang='lat' dir='ltr'>dicetis</span> <span class='ocrx_word' id='word_1_808' title='bbox 2416 4693 2515 4747; x_wconf 88' lang='lat' dir='ltr'>eis.</span> 
     </span>
    </p>
   </div>
   <div class='ocr_carea' id='block_1_112' title="bbox 2266 4777 3857 4853">
    <p class='ocr_par' dir='ltr' id='par_1_112' title="bbox 2266 4777 3857 4853">
     <span class='ocr_line' id='line_1_112' title="bbox 2266 4777 3857 4853; baseline -0.002 -17"><span class='ocrx_word' id='word_1_809' title='bbox 2266 4781 2563 4853; x_wconf 87' lang='lat' dir='ltr'>[Ib.28.]Et</span> <span class='ocrx_word' id='word_1_810' title='bbox 2584 4780 2927 4836; x_wconf 86' lang='lat' dir='ltr'>advenientes</span> <span class='ocrx_word' id='word_1_811' title='bbox 2947 4782 3197 4851; x_wconf 82' lang='lat' dir='ltr'>fecerunt</span> <span class='ocrx_word' id='word_1_812' title='bbox 3216 4778 3327 4850; x_wconf 89' lang='lat' dir='ltr'>ﬁlii</span> <span class='ocrx_word' id='word_1_813' title='bbox 3347 4777 3515 4834; x_wconf 84' lang='lat' dir='ltr'>Israel</span> <span class='ocrx_word' id='word_1_814' title='bbox 3536 4777 3685 4833; x_wconf 83' lang='lat' dir='ltr'>sicut</span> <span class='ocrx_word' id='word_1_815' title='bbox 3702 4793 3857 4849; x_wconf 67' lang='lat' dir='ltr'>prir-</span> 
     </span>
    </p>
   </div>
   <div class='ocr_carea' id='block_1_113' title="bbox 2193 4866 3857 4942">
    <p class='ocr_par' dir='ltr' id='par_1_113' title="bbox 2193 4866 3857 4942">
     <span class='ocr_line' id='line_1_113' title="bbox 2193 4866 3857 4942; baseline -0.002 -17"><span class='ocrx_word' id='word_1_816' title='bbox 2193 4872 2331 4942; x_wconf 86' lang='lat' dir='ltr'>cepit</span> <span class='ocrx_word' id='word_1_817' title='bbox 2357 4873 2623 4926; x_wconf 87' lang='lat' dir='ltr'>Dominus</span> <span class='ocrx_word' id='word_1_818' title='bbox 2648 4870 2820 4940; x_wconf 83' lang='lat' dir='ltr'>Moysi</span> <span class='ocrx_word' id='word_1_819' title='bbox 2839 4874 2890 4924; x_wconf 86' lang='lat' dir='ltr'>et</span> <span class='ocrx_word' id='word_1_820' title='bbox 2910 4871 3098 4925; x_wconf 86' lang='lat' dir='ltr'>Aaron</span> <span class='ocrx_word' id='word_1_821' title='bbox 3117 4885 3135 4929; x_wconf 85' lang='lat'>;</span> <span class='ocrx_word' id='word_1_822' title='bbox 3160 4870 3238 4924; x_wconf 83' lang='lat' dir='ltr'>ita</span> <span class='ocrx_word' id='word_1_823' title='bbox 3258 4870 3502 4940; x_wconf 80' lang='lat' dir='ltr'>fecerunt</span> <span class='ocrx_word' id='word_1_824' title='bbox 3535 4883 3553 4921; x_wconf 88' lang='lat'><em>:</em></span> <span class='ocrx_word' id='word_1_825' title='bbox 3586 4882 3703 4921; x_wconf 90' lang='lat' dir='ltr'>non</span> <span class='ocrx_word' id='word_1_826' title='bbox 3748 4866 3857 4922; x_wconf 84' lang='lat' dir='ltr'>ad-</span> 
     </span>
    </p>
   </div>
   <div class='ocr_carea' id='block_1_114' title="bbox 2195 4956 3764 5031">
    <p class='ocr_par' dir='ltr' id='par_1_114' title="bbox 2195 4956 3764 5031">
     <span class='ocr_line' id='line_1_114' title="bbox 2195 4956 3764 5031; baseline -0.002 -17"><span class='ocrx_word' id='word_1_827' title='bbox 2195 4960 2375 5031; x_wconf 89' lang='lat' dir='ltr'>deret,</span> <span class='ocrx_word' id='word_1_828' title='bbox 2408 4961 2485 5015; x_wconf 89' lang='lat' dir='ltr'>ita</span> <span class='ocrx_word' id='word_1_829' title='bbox 2513 4962 2786 5031; x_wconf 85' lang='lat' dir='ltr'>fecerunt,</span> <span class='ocrx_word' id='word_1_830' title='bbox 2821 4958 2933 5014; x_wconf 86' lang='lat' dir='ltr'>nisi</span> <span class='ocrx_word' id='word_1_831' title='bbox 2962 4974 3089 5015; x_wconf 90' lang='lat' dir='ltr'>mos</span> <span class='ocrx_word' id='word_1_832' title='bbox 3118 4962 3274 5015; x_wconf 88' lang='lat' dir='ltr'>esset</span> <span class='ocrx_word' id='word_1_833' title='bbox 3300 4956 3764 5029; x_wconf 83' lang='lat' dir='ltr'>Scripturarum.</span> 
     </span>
    </p>
   </div>
   <div class='ocr_carea' id='block_1_115' title="bbox 2271 5046 3865 5120">
    <p class='ocr_par' dir='ltr' id='par_1_115' title="bbox 2271 5046 3865 5120">
     <span class='ocr_line' id='line_1_115' title="bbox 2271 5046 3865 5120; baseline -0.001 -16"><span class='ocrx_word' id='word_1_834' title='bbox 2271 5050 2371 5116; x_wconf 84' lang='lat' dir='ltr'>[1b.</span> <span class='ocrx_word' id='word_1_835' title='bbox 2404 5050 2519 5119; x_wconf 82' lang='lat'>51.]</span> <span class='ocrx_word' id='word_1_836' title='bbox 2553 5051 2618 5104; x_wconf 85' lang='lat' dir='ltr'>Et</span> <span class='ocrx_word' id='word_1_837' title='bbox 2646 5052 2862 5120; x_wconf 84' lang='lat' dir='ltr'>factum</span> <span class='ocrx_word' id='word_1_838' title='bbox 2893 5054 2993 5120; x_wconf 83' lang='lat' dir='ltr'>est,</span> <span class='ocrx_word' id='word_1_839' title='bbox 3026 5050 3082 5103; x_wconf 88' lang='lat' dir='ltr'>in</span> <span class='ocrx_word' id='word_1_840' title='bbox 3116 5049 3204 5105; x_wconf 89' lang='lat' dir='ltr'>die</span> <span class='ocrx_word' id='word_1_841' title='bbox 3229 5046 3338 5104; x_wconf 86' lang='lat' dir='ltr'>illa</span> <span class='ocrx_word' id='word_1_842' title='bbox 3365 5048 3560 5104; x_wconf 72' lang='lat' dir='ltr'>eduxit</span> <span class='ocrx_word' id='word_1_843' title='bbox 3586 5047 3865 5103; x_wconf 88' lang='lat' dir='ltr'>Dominus</span> 
     </span>
    </p>
   </div>
   <div class='ocr_carea' id='block_1_116' title="bbox 2192 5139 3074 5211">
    <p class='ocr_par' dir='ltr' id='par_1_116' title="bbox 2192 5139 3074 5211">
     <span class='ocr_line' id='line_1_116' title="bbox 2192 5139 3074 5211; baseline -0.003 -17"><span class='ocrx_word' id='word_1_844' title='bbox 2192 5139 2337 5209; x_wconf 87' lang='lat' dir='ltr'>ﬁlios</span> <span class='ocrx_word' id='word_1_845' title='bbox 2365 5140 2533 5195; x_wconf 84' lang='lat' dir='ltr'>Israel</span> <span class='ocrx_word' id='word_1_846' title='bbox 2564 5140 2629 5194; x_wconf 88' lang='lat' dir='ltr'>de</span> <span class='ocrx_word' id='word_1_847' title='bbox 2658 5142 2808 5195; x_wconf 85' lang='lat' dir='ltr'>terra</span> <span class='ocrx_word' id='word_1_848' title='bbox 2835 5140 3074 5211; x_wconf 59' lang='lat' dir='ltr'>XEgypti.</span> 
     </span>
    </p>
   </div>
   <div class='ocr_carea' id='block_1_117' title="bbox 2264 5227 3861 5300">
    <p class='ocr_par' dir='ltr' id='par_1_117' title="bbox 2264 5227 3861 5300">
     <span class='ocr_line' id='line_1_117' title="bbox 2264 5227 3861 5300; baseline -0.001 -18"><span class='ocrx_word' id='word_1_849' title='bbox 2264 5231 2370 5300; x_wconf 86' lang='lat' dir='ltr'>[1b.</span> <span class='ocrx_word' id='word_1_850' title='bbox 2395 5245 2519 5296; x_wconf 83' lang='lat' dir='ltr'>xm,</span> <span class='ocrx_word' id='word_1_851' title='bbox 2546 5230 2620 5299; x_wconf 89' lang='lat'>1.]</span> <span class='ocrx_word' id='word_1_852' title='bbox 2652 5230 2743 5283; x_wconf 84' lang='lat' dir='ltr'>Ait</span> <span class='ocrx_word' id='word_1_853' title='bbox 2773 5240 2959 5285; x_wconf 82' lang='lat' dir='ltr'>autem</span> <span class='ocrx_word' id='word_1_854' title='bbox 2992 5230 3258 5285; x_wconf 88' lang='lat' dir='ltr'>Dominus</span> <span class='ocrx_word' id='word_1_855' title='bbox 3288 5227 3364 5284; x_wconf 88' lang='lat' dir='ltr'>ad</span> <span class='ocrx_word' id='word_1_856' title='bbox 3392 5228 3608 5297; x_wconf 86' lang='lat' dir='ltr'>Moysen</span> <span class='ocrx_word' id='word_1_857' title='bbox 3640 5228 3861 5283; x_wconf 87' lang='lat' dir='ltr'>dicens.</span> 
     </span>
    </p>
   </div>
   <div class='ocr_carea' id='block_1_118' title="bbox 2262 5317 3864 5390">
    <p class='ocr_par' dir='ltr' id='par_1_118' title="bbox 2262 5317 3864 5390">
     <span class='ocr_line' id='line_1_118' title="bbox 2262 5317 3864 5390; baseline 0 -17"><span class='ocrx_word' id='word_1_858' title='bbox 2262 5318 2369 5389; x_wconf 90' lang='lat' dir='ltr'>[1b.</span> <span class='ocrx_word' id='word_1_859' title='bbox 2388 5318 2498 5388; x_wconf 86' lang='lat'>12.]</span> <span class='ocrx_word' id='word_1_860' title='bbox 2516 5318 2681 5373; x_wconf 89' lang='lat' dir='ltr'>Omne</span> <span class='ocrx_word' id='word_1_861' title='bbox 2700 5319 3026 5390; x_wconf 87' lang='lat' dir='ltr'>adaperiens</span> <span class='ocrx_word' id='word_1_862' title='bbox 3039 5319 3280 5386; x_wconf 86' lang='lat' dir='ltr'>vulvam,</span> <span class='ocrx_word' id='word_1_863' title='bbox 3294 5317 3633 5373; x_wconf 85' lang='lat' dir='ltr'>masculina:</span> <span class='ocrx_word' id='word_1_864' title='bbox 3650 5317 3864 5389; x_wconf 84' lang='lat' dir='ltr'>plura-</span> 
     </span>
    </p>
   </div>
   <div class='ocr_carea' id='block_1_119' title="bbox 2193 5406 3861 5479">
    <p class='ocr_par' dir='ltr' id='par_1_119' title="bbox 2193 5406 3861 5479">
     <span class='ocr_line' id='line_1_119' title="bbox 2193 5406 3861 5479; baseline 0 -18"><span class='ocrx_word' id='word_1_865' title='bbox 2193 5406 2309 5462; x_wconf 89' lang='lat' dir='ltr'>lem</span> <span class='ocrx_word' id='word_1_866' title='bbox 2340 5422 2655 5462; x_wconf 89' lang='lat' dir='ltr'>numerum</span> <span class='ocrx_word' id='word_1_867' title='bbox 2695 5406 2894 5463; x_wconf 90' lang='lat' dir='ltr'>intulit</span> <span class='ocrx_word' id='word_1_868' title='bbox 2923 5406 3229 5479; x_wconf 86' lang='lat' dir='ltr'>singulari,</span> <span class='ocrx_word' id='word_1_869' title='bbox 3262 5407 3398 5479; x_wconf 89' lang='lat' dir='ltr'>quia</span> <span class='ocrx_word' id='word_1_870' title='bbox 3445 5407 3642 5478; x_wconf 89' lang='lat' dir='ltr'>ipsum</span> <span class='ocrx_word' id='word_1_871' title='bbox 3695 5408 3861 5478; x_wconf 93' lang='lat' dir='ltr'>quod</span> 
     </span>
    </p>
   </div>
   <div class='ocr_carea' id='block_1_120' title="bbox 2192 5496 3863 5569">
    <p class='ocr_par' dir='ltr' id='par_1_120' title="bbox 2192 5496 3863 5569">
     <span class='ocr_line' id='line_1_120' title="bbox 2192 5496 3863 5569; baseline 0 -18"><span class='ocrx_word' id='word_1_872' title='bbox 2192 5498 2413 5552; x_wconf 88' lang='lat' dir='ltr'>dictum</span> <span class='ocrx_word' id='word_1_873' title='bbox 2446 5501 2555 5563; x_wconf 90' lang='lat' dir='ltr'>est,</span> <span class='ocrx_word' id='word_1_874' title='bbox 2569 5513 2725 5554; x_wconf 88' lang='lat' dir='ltr'>omne</span> <span class='ocrx_word' id='word_1_875' title='bbox 2754 5498 3236 5569; x_wconf 64' lang='lat' dir='ltr'>adaperiensmon</span> <span class='ocrx_word' id='word_1_876' title='bbox 3270 5498 3475 5569; x_wconf 88' lang='lat' dir='ltr'>utique</span> <span class='ocrx_word' id='word_1_877' title='bbox 3502 5497 3560 5551; x_wconf 91' lang='lat' dir='ltr'>in</span> <span class='ocrx_word' id='word_1_878' title='bbox 3594 5496 3863 5561; x_wconf 90' lang='lat' dir='ltr'>uno,eed</span> 
     </span>
    </p>
   </div>
   <div class='ocr_carea' id='block_1_121' title="bbox 2192 5586 3860 5660">
    <p class='ocr_par' dir='ltr' id='par_1_121' title="bbox 2192 5586 3860 5660">
     <span class='ocr_line' id='line_1_121' title="bbox 2192 5586 3860 5660; baseline 0.001 -19"><span class='ocrx_word' id='word_1_879' title='bbox 2192 5586 2251 5641; x_wconf 91' lang='lat' dir='ltr'>in</span> <span class='ocrx_word' id='word_1_880' title='bbox 2287 5586 2489 5641; x_wconf 86' lang='lat' dir='ltr'>multis</span> <span class='ocrx_word' id='word_1_881' title='bbox 2522 5588 2828 5660; x_wconf 80' lang='lat' dir='ltr'>accipitur.</span> <span class='ocrx_word' id='word_1_882' title='bbox 2855 5586 3078 5643; x_wconf 88' lang='lat' dir='ltr'>Similis</span> <span class='ocrx_word' id='word_1_883' title='bbox 3126 5590 3211 5643; x_wconf 85' lang='lat' dir='ltr'>est</span> <span class='ocrx_word' id='word_1_884' title='bbox 3259 5587 3495 5656; x_wconf 90' lang='lat' dir='ltr'>locutio,</span> <span class='ocrx_word' id='word_1_885' title='bbox 3553 5586 3860 5652; x_wconf 80' lang='lat' dir='ltr'>Altendite,</span> 
     </span>
    </p>
   </div>
   <div class='ocr_carea' id='block_1_122' title="bbox 2188 5677 3854 5748">
    <p class='ocr_par' dir='ltr' id='par_1_122' title="bbox 2188 5677 3854 5748">
     <span class='ocr_line' id='line_1_122' title="bbox 2188 5677 3854 5748; baseline 0 -16"><span class='ocrx_word' id='word_1_886' title='bbox 2188 5678 2393 5748; x_wconf 82' lang='lat' dir='ltr'>papule</span> <span class='ocrx_word' id='word_1_887' title='bbox 2421 5694 2572 5733; x_wconf 89' lang='lat' dir='ltr'>meus</span> <span class='ocrx_word' id='word_1_888' title='bbox 2602 5679 2770 5748; x_wconf 86' lang='lat' dir='ltr'>(Psal.</span> <span class='ocrx_word' id='word_1_889' title='bbox 2792 5695 2997 5743; x_wconf 84' lang='lat' dir='ltr'>Lxxvu,</span> <span class='ocrx_word' id='word_1_890' title='bbox 3018 5679 3089 5747; x_wconf 88' lang='lat'>1).</span> <span class='ocrx_word' id='word_1_891' title='bbox 3110 5678 3251 5734; x_wconf 83' lang='lat' dir='ltr'>Tale</span> <span class='ocrx_word' id='word_1_892' title='bbox 3280 5683 3369 5733; x_wconf 89' lang='lat' dir='ltr'>est</span> <span class='ocrx_word' id='word_1_893' title='bbox 3398 5684 3455 5732; x_wconf 88' lang='lat' dir='ltr'>et</span> <span class='ocrx_word' id='word_1_894' title='bbox 3482 5678 3635 5747; x_wconf 90' lang='lat' dir='ltr'>quod</span> <span class='ocrx_word' id='word_1_895' title='bbox 3669 5677 3854 5748; x_wconf 86' lang='lat' dir='ltr'>paulo</span> 
     </span>
    </p>
   </div>
   <div class='ocr_carea' id='block_1_123' title="bbox 2190 5766 3857 5841">
    <p class='ocr_par' dir='ltr' id='par_1_123' title="bbox 2190 5766 3857 5841">
     <span class='ocr_line' id='line_1_123' title="bbox 2190 5766 3857 5841; baseline -0.001 -19"><span class='ocrx_word' id='word_1_896' title='bbox 2190 5769 2321 5839; x_wconf 84' lang='lat' dir='ltr'>post</span> <span class='ocrx_word' id='word_1_897' title='bbox 2342 5767 2805 5840; x_wconf 86' lang='lat' dir='ltr'>sequitur,0mne</span> <span class='ocrx_word' id='word_1_898' title='bbox 2825 5766 2965 5841; x_wconf 86' lang='lat' dir='ltr'>quod</span> <span class='ocrx_word' id='word_1_899' title='bbox 2986 5766 3475 5839; x_wconf 80' lang='lat' dir='ltr'>adaperitvulvam</span> <span class='ocrx_word' id='word_1_900' title='bbox 3490 5767 3564 5823; x_wconf 91' lang='lat' dir='ltr'>de</span> <span class='ocrx_word' id='word_1_901' title='bbox 3577 5768 3857 5824; x_wconf 85' lang='lat' dir='ltr'>armentis</span> 
     </span>
    </p>
   </div>
  </div>
