4066 6368
396 322 504 382 511

390 457 515 527 jam
548 458 620 511 ad
654 456 939 529 populum
972 456 1168 529 ipsum
1200 461 1404 512 caetera
1435 455 1715 510 dicuntur
1760 450 1929 522 quasi
1962 448 2033 503 ad
2122 452 2128 457 ’

398 547 652 619 Moysen,
684 547 746 602 Si
774 548 970 602 emeris
998 562 1218 602 servum
1250 548 1563 603 Hebraeum.
1583 542 1707 598 Non
1738 540 1895 597 enim
1930 538 2036 593 hoc

398 636 580 707 Moysi
614 636 838 691 dictum
868 639 975 703 est,
1010 637 1109 691 sed
1144 636 1296 707 quod
1324 634 1534 706 populo
1565 632 2039 696 diceret,tantum

397 724 508 796 ipsi
542 724 754 796 populo
785 724 1031 780 dicebat.

466 815 574 885 [lb.
608 830 721 882 xxi,
753 816 832 885 6.]
867 814 1161 869 Pertundet
1207 816 1259 869 ei
1292 812 1559 869 Dominus
1617 808 1932 865 auriculam
1976 806 2045 861 de

395 904 668 970 subula,et
696 906 897 958 serviet
927 907 978 959 ei
1012 906 1071 958 in
1098 901 1611 973 sempiternum,vel
1643 902 1703 955 in
1732 907 2000 955 aeternum
2025 913 2043 951 :

398 994 551 1063 quod
584 1008 807 1063 graecus
838 991 1123 1059 babet,et:
1152 991 1242 1045 τὸν
1278 991 1465 1045 αἷῶνα.
1494 992 1637 1046 Ecce
1660 988 2043 1060 quenadmo-

399 1082 537 1135 dum
574 1082 875 1153 Scriptura
899 1082 1101 1136 multis
1124 1082 1267 1137 locis
1291 1082 1434 1135 dicit
1459 1079 1783 1135 secundum
1802 1078 1908 1132 hoc
1927 1090 2043 1129 ver-

398 1171 538 1225 bum
571 1186 850 1243 grzecum,
882 1173 1293 1239 sempiternum,
1321 1169 1407 1224 vel
1439 1177 1726 1225 aeternum.
1763 1164 1870 1220 Ubi
1928 1180 2042 1218 non

399 1259 747 1331 intelligitur
776 1261 1070 1314 aeternitas
1103 1259 1221 1324 illa,
1268 1259 1592 1313 secundum
1654 1271 1830 1327 quam
1876 1252 2045 1308 nobis

401 1352 616 1403 eterna
646 1350 1094 1420 promittuntur,
1124 1349 1211 1403 vel
1244 1348 1569 1403 secundum
1632 1362 1807 1417 quam
1841 1361 1873 1398 a
1902 1360 2045 1397 con-

398 1434 577 1491 trario
610 1436 743 1507 igne
772 1441 986 1490 aeterno
1012 1436 1149 1490 mali
1182 1436 1591 1490 cremabantur
1624 1451 1635 1488 :
1671 1446 1857 1503 neque
1889 1429 2043 1484 enim

401 1541 605 1581 servus
635 1525 746 1580 iste
777 1526 875 1597 qui
910 1526 1095 1580 vivere
1117 1525 1173 1579 in
1199 1530 1481 1580 aeternum
1514 1540 1627 1578 non
1664 1524 1877 1593 posset,
1908 1536 2047 1590 pos-

400 1618 490 1671 set
517 1615 731 1670 servire
776 1615 836 1669 in
868 1620 1196 1681 aaternum;
1243 1615 1343 1669 sed
1392 1612 1741 1683 intelligitur
1784 1618 2047 1665 aeternum

400 1702 648 1767 dictum,
699 1705 867 1775 cujus
916 1704 1196 1774 temporis
1243 1702 1378 1757 finis
1426 1718 1539 1756 non
1586 1705 1711 1766 est;
1746 1706 1847 1754 aut
1893 1701 2047 1754 certe

402 1792 617 1864 aliquid
642 1792 749 1848 hoc
764 1797 1130 1848 sacramento
1146 1793 1512 1865 significatur
1534 1795 1838 1843 aeternum.

471 1882 575 1953 [11).
614 1883 725 1951 13.]
762 1882 911 1938 Dabo
942 1884 1045 1938 tibi
1074 1882 1272 1951 locum,
1308 1882 1368 1935 in
1397 1896 1557 1953 quem
1586 1880 1766 1949 fugiat
1824 1878 1903 1931 ibi
1952 1877 2049 1946 qui

399 1971 674 2028 occiderit.

472 2060 579 2131 [1b.
610 2062 725 2129 20.]
755 2060 815 2115 Si
844 2062 966 2131 quis
998 2062 1322 2131 percusserit
1352 2076 1571 2115 servum
1609 2073 1774 2113 suum
1819 2062 1917 2111 aut
1944 2072 2048 2110 an-

397 2151 589 2205 cillam
617 2166 773 2205 suam
806 2152 867 2204 in.
894 2151 1051 2221 virga
1085 2166 1098 2205 :
1132 2150 1287 2220 quod
1321 2153 1429 2214 est,
1461 2149 1531 2203 de
1560 2147 1742 2218 virga.

468 2240 697 2310 [Ib.28.]
720 2240 1020 2307 Lapidibus
1043 2240 1382 2309 lapidabitur
1403 2246 1596 2293 taurus
1621 2255 1633 2292 :
1662 2236 1831 2307 quasi
1865 2234 2051 2307 possit

396 2327 644 2399 lapidari
677 2328 790 2383 nisi
822 2327 1352 2399 lapidibus.DitIert
1368 2324 1587 2397 aliquid
1610 2324 1955 2379 istalocutio
1978 2323 2048 2378 ab

399 2415 503 2471 illa
534 2433 650 2487 qua
681 2416 899 2471 diceret
931 2432 1091 2471 more
1120 2414 1935 2486 Scripturarum,lapirlalione
1966 2413 2050 2466 la-

399 2505 703 2578 pidabitur,
738 2506 838 2561 sed
873 2511 1069 2560 tamen
1104 2504 1315 2560 similis
1342 2510 1451 2559 est.

472 2595 702 2665 [Ib.29.]
725 2595 787 2649 Si
806 2603 993 2649 autem
1013 2603 1203 2649 taurus
1233 2600 1530 2661 cornupeta
1550 2600 1668 2649 erat
1696 2600 1824 2647 ante
1853 2592 2053 2647 hester-

401 2700 533 2738 nam
560 2687 611 2739 et
639 2684 1154 2739 nudiustertianam
1187 2700 1199 2737 :
1236 2700 1339 2755 pro
1363 2688 1621 2754 tempore
1646 2682 1932 2752 prseterito
1956 2698 2052 2753 po-

403 2773 523 2829 suit
553 2779 775 2844 partem
809 2790 911 2845 pro
926 2777 1065 2837 toto,
1083 2779 1631 2844 quantumcumque
1652 2770 1794 2826 illud
1821 2771 2047 2839 fuisset,

404 2878 565 2917 more
596 2862 1051 2934 Scripturarum.

475 2952 581 3021 [1b.
614 2954 723 3019 33.]
758 2952 817 3007 Si
844 2955 968 3024 quis
997 2957 1184 3006 autem
1213 2953 1499 3019 aperuerit
1550 2952 1752 3015 lacum,
1776 2954 1872 3005 aut
1901 2952 2047 3004 exci-

403 3040 547 3097 derit
579 3043 780 3109 lacum,
814 3046 865 3097 et
892 3058 1003 3098 non
1033 3042 1314 3113 aperuerit
1342 3057 1490 3105 eum,
1521 3040 1773 3095 ceciderit
1801 3041 1936 3094 illuc
1965 3042 2049 3094 vi-

407 3132 558 3187 tulus
588 3134 690 3187 aut
715 3133 930 3197 asinus,
952 3131 1201 3187 dominus
1232 3132 1342 3185 laci
1370 3130 1653 3185 reddet.Et
1684 3130 1803 3185 hmo
1834 3128 2051 3184 locutio

403 3238 437 3276 a
464 3226 625 3293 parte
656 3226 843 3276 totum
878 3220 1258 3292 intelligenda
1287 3224 1378 3275 est
1412 3236 1423 3273 :
1460 3236 1571 3275 non
1594 3218 1750 3275 enim
1782 3219 1831 3274 si
1862 3236 2051 3289 equus

405 3310 678 3366 ceciderit
704 3310 764 3365 in
798 3310 991 3365 lacum
1026 3313 1128 3365 aut
1160 3310 1303 3377 ovis,
1334 3310 1461 3364 ideo
1496 3325 1608 3363 non
1658 3308 1881 3376 reddet,
1915 3309 2053 3379 quia

406 3398 514 3453 hoc
546 3399 831 3470 scriptum
867 3415 981 3454 non
1016 3403 1123 3453 est.

483 3488 590 3559 [11).
624 3487 739 3559 34.]
785 3487 943 3560 Quod
983 3496 1170 3542 autem
1219 3494 1501 3541 mortuum
1540 3488 1733 3557 fuerit,
1767 3488 1875 3557 ipsi
1900 3486 2003 3541 erit
2037 3502 2048 3541 :

407 3593 532 3648 pro,
568 3576 756 3648 ipsius
787 3577 915 3632 erit.

480 3665 585 3737 [11).
619 3666 841 3737 xxu,5.]
874 3666 934 3721 Si
960 3673 1141 3721 autem
1168 3666 1445 3737 depaverit
1475 3666 1599 3735 quis
1630 3681 1831 3734 agrum
1861 3669 1959 3719 aut
1978 3666 2057 3718 vi-

407 3772 591 3822 neam,
643 3761 697 3810 et
753 3757 1039 3811 admiserit
1094 3772 1254 3825 pecus
1310 3770 1467 3809 suum
1524 3754 1805 3825 depascere
1863 3770 2057 3825 agrum

409 3846 627 3910 alium;
660 3845 715 3899 id
746 3849 856 3913 est,
886 3845 1168 3900 alienum.

484 3934 711 4004 [Ib.26.]
745 3934 807 3990 Si
835 3943 1024 3989 autem
1048 3951 1248 4006 pignus
1279 3936 1547 4004 acceperis
1572 3941 1769 3989 vestem
1785 3935 2056 4005 proximi,

412 4032 545 4079 ante
572 4023 700 4079 solis
742 4039 991 4078 occasum
1031 4023 1219 4078 reddes
1247 4025 1337 4079 ei:
1377 4040 1563 4094 genus
1596 4039 1698 4093 pro
1729 4023 1922 4093 specie
1957 4038 2057 4092 po-

415 4113 570 4178 suit;
606 4113 689 4167 sic
719 4114 875 4167 enim
908 4113 1128 4167 dictum
1162 4118 1271 4180 est,
1305 4130 1370 4167 ac
1402 4114 1447 4167 si
1483 4114 1554 4166 de
1593 4112 1751 4166 omni
1789 4117 1945 4166 veste
1977 4111 2060 4182 pi-

415 4218 569 4274 gnus
602 4202 845 4263 dederit,
879 4219 1011 4256 cum
1045 4203 1115 4256 de
1148 4201 1246 4256 illo
1280 4201 1610 4273 specialiter
1660 4217 1721 4256 se
1774 4201 1965 4256 dicere
1996 4218 2062 4256 ex

414 4292 915 4363 consequentibus
948 4292 1248 4363 Scriptura
1280 4295 1547 4359 testatur,
1609 4290 1707 4361 qui
1742 4306 1854 4344 non
1889 4289 2065 4344 habet

416 4382 529 4437 nisi
560 4400 689 4438 eam
722 4388 939 4439 vestem
973 4384 1129 4438 unde
1161 4400 1223 4437 se
1254 4386 1418 4437 nocte
1452 4382 1768 4452 cooperiat.

490 4473 594 4541 [11).
628 4489 789 4531 nui.
822 4474 911 4541 20,
934 4474 1049 4543 21.]
1082 4475 1213 4528 Ecce
1242 4488 1344 4543 ego
1374 4473 1527 4525 mitto
1567 4471 1833 4541 angelum
1876 4486 2064 4525 meum

419 4570 547 4617 ante
574 4564 774 4632 [aciem
807 4570 982 4623 tuam,
1010 4570 1067 4617 ut
1091 4570 1270 4616 servet
1302 4569 1349 4615 te
1381 4562 1439 4613 in
1474 4562 1639 4625 via,et
1675 4560 1904 4614 inducat
1935 4568 1985 4615 te
2005 4562 2065 4614 in

420 4654 633 4707 terram
663 4668 827 4722 quam
854 4653 1058 4721 paravi
1089 4651 1351 4705 tibi.Ante
1372 4654 1421 4703 te
1445 4651 1545 4703 ibit
1580 4650 2063 4713 ‘,etc:caudieum.

425 4739 708 4812 Angelum
742 4758 807 4795 su
822 4756 917 4795 um
942 4742 1113 4809 jubet
1142 4740 1295 4794 Deus
1326 4738 1582 4792 exaudiri
1617 4754 1649 4793 a
1681 4738 1916 4808 populo,
1948 4755 2065 4794 non

420 4829 623 4899 utique
654 4833 966 4899 petentem,
1000 4829 1101 4885 sed
1125 4829 1453 4899 jubentem.

489 4917 597 4991 [11).
619 4919 734 4989 28.]
766 4920 830 4973 Et
853 4920 1064 4973 mittdm
1100 4934 1285 4988 vespas
1315 4921 1441 4971 ante
1473 4924 1544 4985 te,
1588 4924 1639 4972 et
1669 4918 1848 4987 ejiciet
1875 4919 2063 4973 Amor-

420 5013 601 5065 rhazos
652 5024 665 5062 :
718 5025 752 5063 a
808 5007 1020 5079 plurali
1080 5008 1150 5062 ad
1212 5005 1570 5077 singularem
1632 5023 1945 5062 numerum
2004 5024 2067 5063 se

421 5099 722 5153 convertit.
781 5098 1130 5169 intelligitur
1176 5101 1395 5163 autem,
1450 5095 1651 5165 Ejioiet
1697 5097 2066 5153 Amorrhmos

418 5204 616 5258 vespa,
676 5188 831 5241 sicut
882 5203 1043 5245 rana.
1088 5186 1243 5240 sicut
1304 5186 1547 5246 locusta,
1582 5202 1693 5239 non
1731 5188 1884 5257 quod
1950 5204 2068 5241 una

421 5276 517 5345 sit,
550 5278 651 5331 sed
684 5277 836 5347 quod
874 5293 972 5345 per
1000 5275 1359 5346 singularem
1394 5273 1639 5345 pluralis
1672 5292 1954 5331 numerus
1984 5277 2070 5330 in-

421 5365 739 5436 telligatur.

492 5455 597 5524 [1b.
622 5455 733 5525 30.]
765 5456 870 5509 Per
899 5461 1081 5523 partes
1111 5453 1330 5520 eiiciam
1360 5451 1501 5507 illos
1529 5469 1563 5506 a
1594 5457 1664 5508 te.

490 5634 503 5667 ¹
537 5633 701 5681 Vetus
727 5629 889 5679 codex
932 5629 1269 5678 Corbeiensis
1317 5629 1534 5690 optimae
1584 5633 1741 5690 notia,
1776 5634 1897 5680 ante
1948 5631 2069 5683 ibi:

424 5696 561 5743 forte
582 5696 846 5757 interpres
880 5693 930 5739 in
963 5706 1135 5756 graeco
1169 5693 1389 5757 legerat,
1416 5707 1516 5757 pro
1546 5692 1683 5757 eckei
1732 5695 1880 5757 Nunc
1912 5709 2072 5757 porro

426 5758 563 5821 apud
595 5756 723 5821 LXX
750 5755 993 5814 habetur,
1022 5755 1258 5819 proseche
1285 5758 1461 5803 seauto
1483 5755 1699 5804 Attende
1726 5755 1927 5805 tibiJu—
1946 5760 2074 5810 Vul-

430 5820 566 5883 gata,
602 5820 827 5871 Observa
846 5832 983 5873 eum.

1150 320 1653 385 LOGUTIONUM
1702 320 1764 379 S.
1814 310 2242 377 AUGUSTINI
2288 312 2367 371 IN
2412 311 3055 377 HEPTATUCBUM

3687 305 3808 366 512

2222 448 2329 520 [11).
2362 465 2525 513 xxm,
2556 448 2645 515 32,
2678 449 2792 519 33.]
2824 449 2941 503 Non
2969 448 3218 517 dispoues
3250 446 3364 500 illis
3392 447 3447 499 et
3476 443 3589 499 diis
3617 457 3811 497 eorum

2148 546 2373 610 pactum
2394 557 2418 603 ;
2449 543 2500 593 et
2528 554 2637 592 non
2665 538 2947 592 consident
2980 539 3039 591 in
3072 540 3226 589 terra
3254 538 3373 598 tua,
3396 550 3465 589 ne
3496 547 3728 604 peccare
3758 535 3810 586 te

2148 628 2360 698 faciant
2385 627 2455 681 ad
2483 643 2573 681 me
2607 644 2619 682 :
2656 642 2769 681 non
2806 624 2970 690 dixit,
3005 625 3063 679 in
3125 640 3238 688 me,
3297 623 3451 681 idem
3490 627 3689 676 tamen
3723 619 3807 674 si-

2153 717 2411 788 gniﬁcat.

2224 806 2328 876 [11).
2363 824 2513 877 xxiv,
2546 809 2625 877 3.]
2667 805 2959 877 Respondit
2989 807 3167 859 autem
3200 804 3375 858 omnis
3417 801 3650 872 papulas
3680 814 3808 855 voce

2154 914 2285 959 una,
2319 898 2575 952 dicentes.

2226 987 2330 1057 [11).
2368 987 2475 1057 10.]
2508 988 2569 1041 Et
2598 985 2852 1041 viderunt
2883 984 3060 1038 locum
3090 984 3187 1036 ubi
3214 986 3433 1037 steterat
3451 981 3529 1034 ibi
3561 984 3706 1035 Deus
3731 980 3805 1034 Is-

2153 1078 2269 1131 rael
2302 1077 2399 1131 ubi
2425 1083 2675 1140 steterat,
2712 1078 2910 1145 posset
2939 1071 3233 1133 sufficere,
3266 1070 3363 1124 sed
3390 1069 3673 1123 hebraicze
3714 1068 3803 1122 di-

2155 1169 2371 1219 cuntur
2392 1165 2517 1218 ista:
2547 1164 2890 1219 locutiones.

2228 1254 2334 1325 [11).
2366 1272 2493 1321 xxv,
2530 1254 2639 1322 13.]
2669 1254 2731 1307 Et
2764 1252 3059 1307 inaurabis
3090 1251 3191 1305 illa
3240 1265 3375 1304 auro
3410 1266 3421 1303 :
3454 1248 3669 1303 similis
3718 1252 3811 1303 est

2153 1341 2391 1407 locutio,
2418 1342 2717 1413 lapidibus
2749 1342 3124 1413 lapidabitur.

2227 1433 2331 1502 [11).
2364 1432 2479 1501 20.]
2515 1432 2744 1502 Cyathos
2778 1434 2835 1485 in
2868 1431 3063 1503 quibus
3093 1428 3463 1484 immolabant
3493 1428 3552 1482 in
3582 1427 3680 1482 eis.

2232 1522 2335 1594 [11).
2368 1539 2518 1587 xxvx,
2556 1522 2663 1591 10.]
2703 1526 2852 1576 Duas
2886 1522 3035 1575 bases
3063 1518 3335 1574 columnae
3368 1519 3466 1571 uni
3518 1520 3575 1572 in
3616 1516 3807 1571 ambas

2154 1621 2343 1683 partes
2375 1612 2568 1681 ejus,et
2587 1610 2720 1665 duas
2740 1611 2897 1665 bases
2921 1610 3193 1665 columna}
3215 1610 3318 1663 uni
3334 1608 3393 1662 in
3407 1607 3595 1661 ambas
3615 1616 3807 1677 partes

2154 1702 2291 1773 ejus.
2326 1702 2405 1755 Ne
2438 1702 2507 1755 de
2539 1700 2815 1755 omnibus
2848 1700 3086 1767 diceret,
3121 1699 3193 1752 de
3221 1698 3454 1752 duabus
3476 1696 3616 1751 dicit
3644 1712 3808 1750 more

2156 1807 2263 1845 suo
2294 1790 2647 1861 geminando
2677 1805 2689 1843 :
2730 1788 2882 1843 sicut
2912 1793 3117 1860 puteos
3142 1792 3613 1859 puteos,acervos
3644 1801 3807 1840 acer-

2153 1896 2276 1946 vos,
2310 1878 2716 1949 generationes
2744 1882 2801 1932 et
2830 1877 3259 1945 generationes,
3294 1879 3352 1931 et
3380 1874 3616 1931 similia.

2229 1969 2334 2039 [11).
2366 1968 2482 2039 29.]
2518 1972 2581 2023 Et
2609 1968 2896 2023 columnas
2928 1966 3214 2021 inaurabis
3243 1980 3399 2031 auro,
3432 1971 3481 2019 et
3511 1964 3812 2019 inaurabis

2156 2073 2311 2114 seras
2342 2074 2497 2113 auro.

2230 2149 2337 2219 [11).
2371 2163 2550 2215 xxvn,
2581 2147 2660 2217 6.]
2694 2148 2755 2200 Et
2788 2146 3055 2202 inaerabis
3084 2161 3149 2201 ea
3176 2148 3476 2201 aeramento
3511 2160 3523 2199 :
3557 2142 3694 2199 talis
3731 2142 3813 2198 lo-

2158 2238 2316 2293 cutio
2347 2244 2452 2303 est,
2485 2235 2789 2291 inaurabis
2824 2252 2985 2290 auro.

2230 2327 2336 2399 [1b.
2369 2327 2483 2397 21.]
2518 2331 2690 2381 Extra
2718 2326 3067 2396 velum,quod
3093 2334 3170 2381 est
3198 2340 3360 2396 super
3386 2327 3811 2380 testamentum:

2160 2417 2231 2471 de
2262 2417 2501 2471 lucerna
2531 2416 2898 2470 accendenda
2928 2431 3060 2470 cum
3096 2414 3334 2479 diceret,
3367 2414 3477 2469 hoc
3506 2413 3608 2478 ait,
3639 2413 3699 2467 id
3721 2417 3814 2468 est

2160 2506 2312 2577 quod
2349 2505 2487 2561 foris
2518 2505 2931 2559 accenderetur
2962 2503 3060 2559 ubi
3094 2508 3183 2558 est
3206 2508 3620 2571 sanctum,non
3653 2502 3815 2557 intra

2158 2596 2421 2651 velamen
2457 2595 2610 2665 quod
2644 2598 2732 2649 est
2757 2610 2933 2663 super
2963 2597 3404 2655 testamentum,
3432 2591 3542 2647 hoc
3564 2594 3652 2646 est
3668 2592 3815 2645 San-

2159 2688 2315 2740 ctum
2349 2689 2711 2739 sanctorum.
2747 2684 2895 2753 Ergo
2926 2698 3090 2753 super
3121 2698 3235 2737 non
3270 2682 3353 2736 sic
3398 2681 3499 2750 ait,
3528 2684 3816 2751 tanquam

2158 2778 2248 2829 est
2275 2779 2515 2837 tectum,
2550 2772 2637 2826 vel
2668 2788 2921 2836 camera,
2955 2771 3041 2826 vel
3076 2772 3516 2825 firmamentum
3548 2769 3697 2834 cmli,
3723 2770 3813 2824 vel

2160 2880 2303 2918 arca:
2337 2860 2748 2933 cooperculum
2778 2903 2790 2926 ,
2825 2861 2923 2915 sed
2958 2860 3136 2914 etiam
3186 2860 3340 2930 quod
3388 2858 3510 2913 vice
3569 2859 3812 2931 parietis

2159 2952 2493 3024 oppositum
2524 2954 2698 3015 esset,
2730 2967 2897 3020 super
2927 2950 3073 3003 dixit
3107 2965 3119 3002 :
3156 2948 3309 3004 sicut
3346 2949 3599 3003 dicimus
3631 2965 3808 3019 supe-

2159 3042 2370 3098 riorem
2394 3041 2763 3096 discumbere
2795 3042 2896 3094 aut
2928 3043 3104 3105 stare,
3137 3054 3253 3093 non
3303 3038 3505 3108 utique
3553 3036 3807 3092 alterum

2158 3130 2375 3204 portari
2409 3130 2480 3185 ab
2511 3131 2712 3185 altero.

2232 3220 2318 3293 [Ib
2345 3221 2407 3274 21
2424 3223 2460 3289 .]
2478 3218 2801 3287 Legitimum
2818 3220 3220 3290 sempiternum
3232 3218 3287 3273 in
3300 3218 3587 3289 progenies
3600 3225 3816 3273 vestras

2160 3327 2226 3367 eo
2260 3310 2431 3365 modo
2453 3309 3025 3380 sempiternum,quo
3046 3306 3232 3362 multa
3245 3307 3515 3378 superius
3530 3306 3810 3362 diximus.

2234 3400 2339 3471 [11).
2373 3400 2643 3465 xxvm,22
2676 3399 2799 3469 (a).]
2823 3400 2888 3453 Et
2906 3401 3080 3452 sumet
3100 3398 3283 3452 Aaron
3312 3398 3539 3451 nomina
3566 3397 3819 3467 ﬁliorum

2160 3488 2339 3546 Israel
2354 3505 2515 3559 super
2531 3489 2806 3543 rationale
2816 3487 3021 3559 judicii
3044 3503 3209 3558 super
3220 3495 3408 3557 pectus
3427 3488 3731 3541 introeunti
3754 3487 3813 3540 in

2162 3584 2415 3636 sanctum
2449 3580 2487 3631 ί.
2523 3579 2891 3645 Consequens
2924 3581 3048 3631 erat
3079 3581 3144 3630 ut
3174 3576 3411 3641 diceret,
3459 3578 3723 3630 introiens
3755 3578 3815 3629 in

2162 3667 2547 3734 sanctum,hoc
2579 3671 2667 3721 est
2697 3671 2893 3721 sumet
2921 3671 3111 3721 Aaron
3134 3664 3604 3736 introiens,quod
3628 3666 3815 3736 aliqui

2163 3757 2355 3825 latini,
2389 3756 2784 3811 solmcismum
2816 3755 3086 3820 vitantes,
3120 3754 3485 3824 interpretati
3518 3758 3676 3809 sunt.
3702 3754 3813 3808 Sed

2166 3846 2306 3919 quia
2336 3853 2390 3901 et
2421 3862 2642 3911 gradus
2665 3846 2969 3899 introeunti
3000 3844 3263 3909 babet,et
3285 3843 3447 3898 latini
3472 3843 3650 3915 aliqui
3675 3860 3813 3899 con-

2166 3934 2761 4003 sonant,locutionem
2793 3934 2989 4003 potius
3024 3933 3343 3987 notandam
3376 3932 3814 4003 credidi,quam

2168 4042 2233 4081 co
2243 4025 2469 4093 rrigend
2480 4040 2595 4078 am.

2240 4114 2420 4184 [1b.2—1
2453 4114 2575 4184 (b).]
2602 4114 2661 4167 Et
2690 4128 2858 4183 pones
2877 4127 3043 4179 super
3063 4112 3335 4166 rationale
3352 4112 3556 4183 judicii
3576 4110 3823 4181 ﬁmbrias

2170 4203 2519 4260 catenata.Et
2536 4202 2625 4255 hic
2642 4200 2807 4255 latini
2829 4200 3095 4255 nonnulli
3111 4199 3506 4255 solcncismum
3524 4206 3819 4267 caventes,

2171 4293 2417 4364 ﬁmbrias
2446 4294 2751 4355 catenatas,
2772 4290 3136 4360 interpretati
3160 4293 3298 4344 sunt
3323 4308 3335 4355 ;
3374 4306 3596 4362 graecus
3618 4296 3817 4347 autem

2171 4378 2499 4447 habetﬁoéc
2532 4376 2811 4452 κρωσσούς
2830 4376 2895 4431 τὰ
2915 4374 3243 4433 ἀλυσιδωτά.
3260 4378 3421 4433 Hanc
3450 4378 3709 4435 solemus
3734 4380 3821 4434 di-

2172 4487 2301 4525 cere
2333 4469 2665 4525 absolutam
2699 4467 3069 4530 locutionem,
3097 4484 3231 4521 cum
3264 4466 3458 4539 generi
3492 4468 3820 4525 masculino

2170 4560 2257 4616 vel
2294 4558 2569 4613 feminino
2602 4562 2876 4612 neutrum
2908 4556 3191 4623 infertur;
3227 4558 3725 4627 quemadmodum
3770 4559 3819 4615 si

2174 4650 2461 4713 dicamus,
2488 4646 2740 4702 Justitiaa
2766 4650 3003 4701 terrenae
3038 4662 3149 4700 non
3184 4650 3323 4701 sunt
3354 4646 3607 4701 stabilia.

2247 4740 2353 4809 [1b.
2388 4738 2503 4806 35.]
2536 4738 2595 4790 Et
2628 4738 2809 4790 Aaron
2842 4752 2965 4790 cum
3018 4739 3238 4806 creperi!
3295 4738 3455 4806 fungi
3500 4737 3820 4803 sacerdotio,

2174 4828 2430 4883 audietur
2452 4842 2552 4881 vox
2579 4827 2697 4893 eius
2713 4828 2955 4880 intranti
2984 4828 3039 4878 in
3061 4828 3310 4880 sanctum
3336 4828 3395 4879 in
3410 4836 3693 4897 conspectu
3717 4828 3822 4883 Do-

2174 4919 2341 4983 mini,
2365 4925 2419 4971 et
2449 4914 2918 4970 exeunti.Vocem
2952 4917 3079 4985 ejus
3111 4931 3179 4969 ex
3210 4916 3629 4971 tintinnabulis
3652 4917 3821 4987 dixit,

2175 5009 2275 5080 qui
2319 5006 2507 5077 magis
2542 5020 2723 5060 sonus
2756 5009 2844 5059 est
2875 5006 3022 5073 ejus.
3080 5006 3317 5059 Intranti
3346 5008 3395 5059 et
3424 5008 3669 5073 exeunti,
3718 5024 3825 5077 pro

2175 5096 2451 5153 intrantis
2479 5099 2535 5149 et
2564 5093 2849 5161 exeuntis,
2877 5097 3071 5164 posuit
3100 5095 3362 5149 dativum
3398 5112 3499 5166 pro
3540 5097 3821 5167 genitivo.

2248 5183 2634 5256 [lb.xxu,13.]
2657 5186 2718 5238 Et
2750 5184 2891 5239 duos
2906 5199 3061 5238 renes
3077 5190 3129 5239 et
3150 5184 3375 5254 adipem
3390 5198 3514 5257 quae
3532 5201 3697 5256 super
3712 5203 3829 5249 eos;

2176 5274 2552 5338 subauditur,
2575 5274 2860 5343 est,quod
2897 5272 3163 5328 nonnulli
3198 5274 3544 5345 interpretes
3580 5275 3824 5332 addide-

2177 5369 2335 5420 runt.

2248 5455 2351 5526 [11).
2384 5455 2497 5521 26.]
2534 5453 2597 5507 Et
2629 5453 2913 5523 separabis
2938 5452 3080 5507 illud
3108 5454 3478 5523 separatione.

2252 5544 2358 5614 [1b.
2392 5559 2522 5610 xxx,
2555 5545 2633 5612 8.]
2666 5546 2731 5597 Et
2762 5558 2887 5596 cum
2917 5542 3173 5597 accendet
3204 5545 3387 5597 Aaron
3421 5543 3829 5607 lucernas,sero

2246 5632 2379 5680 iSic
2434 5632 2662 5680 melioris
2708 5636 2851 5680 notas
2909 5632 3032 5681 Mss.
3092 5632 3157 5680 At
3214 5632 3411 5690 excusi,
3460 5632 3747 5682 introeunti
3777 5636 3831 5683 in

2180 5693 2554 5753 sanctuarium,
2580 5695 2673 5741 hoc
2699 5699 2796 5755 est,
2827 5697 2927 5742 etc.

2244 5761 2315 5825 (ίξ)
2348 5756 3042 5825 ᾼρυᾷ·,ιεὲἓΧ-,ῐη,γιξιεμίε
3070 5757 3229 5825 νιὲθο

2247 5818 2321 5889 '(b)
2343 5818 2500 5885 Apud
2527 5820 2671 5878 LXX.
2702 5821 2764 5873 In
2792 5818 3017 5886 Vulgata
3042 5833 3097 5874 γ.
3124 5821 3207 5874 80.
