4066 6360
470 321 587 380 515

467 455 714 524 ﬁliorum
746 451 937 516 Israel,
967 450 1153 506 dicens
1182 469 1202 505 ,ο
1234 449 1474 522 plenum
1506 454 1678 521 esset,
1712 450 1822 506 etsi
1870 467 1985 505 non
2017 450 2115 505 ba-

468 542 651 610 beret,
682 543 896 598 dicens.

539 632 643 699 [1b.
678 648 845 697 xxxv,
878 631 987 696 21.]
1026 630 1089 684 Et
1114 629 1423 683 attulerunt
1452 629 1824 699 unusquisque
1853 628 1992 700 quod
2021 630 2111 699 af—

467 721 679 793 ferebat
708 737 808 775 cor
834 736 1020 775 eorum
1054 736 1065 773 :
1103 721 1326 789 poterat
1355 717 1629 772 usitatius
1662 717 1795 788 dici,
1824 717 1890 773 Et
1919 716 2115 772 attulit

468 810 877 881 unusquisque
907 808 1059 880 quod
1092 807 1367 861 afferebat
1391 823 1490 862 cor
1519 807 1666 877 eius.

541 899 647 970 [1b.
679 898 795 967 2l.]
828 900 893 953 Et
922 896 1118 969 quibus
1148 897 1327 950 visum
1369 898 1450 950 est
1479 898 1684 951 animae
1731 912 1939 967 eorum,
1974 904 2113 951 attu-

470 990 656 1045 lerunt
700 987 1069 1057 demptionem
1099 988 1116 1021 ί
1156 985 1435 1040 Domino:
1472 1001 1588 1040 non
1637 984 1803 1055 dixit,
1854 990 1911 1041 et
1959 984 2113 1041 sicut

467 1077 660 1133 visum
693 1080 781 1131 est
814 1074 1020 1131 anima;
1052 1090 1276 1130 eorum.

537 1166 643 1237 [1b.
676 1162 791 1234 23.]
821 1166 895 1218 Et
924 1165 1105 1219 omnis
1133 1164 1225 1217 cui
1253 1162 1537 1218 inventum
1565 1167 1641 1217 est
1680 1163 1825 1233 apud
1854 1180 1979 1219 eum
2025 1179 2112 1219 co-

466 1256 557 1311 ria
580 1256 823 1310 arietum
852 1252 1132 1308 rubricata
1165 1268 1177 1304 :
1213 1252 1368 1322 quod
1400 1251 1691 1307 diceretur
1720 1252 1953 1322 usitate,
1988 1268 2111 1309 om-

467 1361 572 1401 nes
604 1342 759 1415 apud
811 1358 959 1414 quos
990 1342 1223 1396 inventa
1252 1344 1393 1397 sunt
1438 1340 1592 1397 coria
1622 1341 1870 1398 arietum
1918 1343 2111 1398 rubri-

469 1438 616 1491 cata.

539 1524 647 1595 [1b.
674 1520 790 1595 24.]
821 1521 1018 1580 Omnis
1047 1518 1291 1593 aﬂ'erens
1322 1519 1708 1592 demptionem,
1738 1532 2038 1593 argentum
2065 1530 2115 1578 et

467 1630 540 1669 aes
571 1612 883 1667 attulerunt
913 1610 1249 1681 demptiones
1278 1611 1505 1665 Domino
1539 1627 1552 1665 :
1587 1611 1860 1667 usitatius
1892 1612 2110 1668 dicere-

464 1707 583 1770 tur,
615 1700 810 1757 omnis
842 1698 1059 1767 attulit,
1094 1715 1294 1770 quam,
1329 1698 1522 1755 omnis
1554 1700 1895 1755 attulerunt.

537 1793 646 1862 [11).
678 1792 794 1862 24.]
827 1792 891 1845 Et
921 1789 1069 1860 apud
1098 1806 1227 1860 quos
1258 1791 1479 1845 inventa
1511 1794 1639 1844 sunt
1667 1790 1813 1862 apud
1843 1807 1930 1846 eos
1962 1791 2113 1862 ligna

462 1882 870 1955 imputribilia:
895 1878 1040 1952 apud
1069 1894 1157 1935 eos
1188 1895 1348 1934 more
1380 1879 1816 1951 Scripturarum
1845 1881 2111 1936 additum

463 1975 574 2038 est,
607 1987 743 2026 nam
775 1968 901 2025 sine
932 1968 1039 2024 hoc
1068 1972 1223 2023 esset
1248 1967 1419 2040 plena
1447 1968 1754 2023 sententia.

537 2062 644 2135 [11).
674 2061 791 2129 25.]
825 2060 885 2113 Et
915 2060 1095 2113 omnis
1122 2058 1327 2112 mulier
1368 2060 1590 2129 sapiens
1620 2065 1822 2125 mente,
1854 2059 2114 2113 manibus

462 2166 632 2212 nere;
666 2148 831 2220 quasi
868 2164 1003 2203 nere
1052 2151 1251 2219 posset
1281 2164 1394 2201 non
1432 2147 1706 2202 manibus
1742 2164 1753 2201 ε
1788 2154 1844 2203 et
1890 2149 2114 2217 sapiens

462 2255 611 2306 nere,
646 2238 881 2309 elegans
913 2241 1090 2307 atque
1138 2236 1421 2291 inusitata
1469 2236 1680 2291 locutio
1729 2240 1835 2291 est.
1870 2236 2111 2306 Deinde,

464 2330 658 2387 Omnis
681 2324 891 2381 mulier
919 2326 1229 2380 attulerunt
1263 2341 1273 2379 :
1310 2341 1468 2381 more
1500 2325 1869 2397 superiorum
1902 2325 2111 2398 plurali

464 2415 834 2473 concluditur
864 2412 1202 2486 singularis,
1235 2414 1391 2485 quia,
1428 2414 1620 2469 omnis
1654 2415 1865 2470 mulier
1893 2415 2109 2486 attulit,

466 2505 745 2561 usitatius
777 2503 1089 2557 diceretur.

536 2593 647 2664 [1b.
677 2592 792 2663 26.]
826 2593 886 2646 Et
916 2607 1102 2647 omnes
1127 2592 1388 2647 mulieres
1417 2592 1619 2662 quibus
1648 2593 1826 2647 visum
1856 2597 1934 2647 est
1953 2610 2114 2650 sensu

465 2699 583 2752 suo,
616 2683 680 2738 in
708 2683 986 2752 sapientia
1031 2689 1231 2735 nerunt
1270 2680 1411 2752 pilos
1456 2683 1708 2751 caprinos
1742 2699 1754 2737 :
1789 2684 2111 2739 notandum

465 2770 817 2843 sapientiam
850 2770 908 2824 in
940 2768 1033 2824 his
1065 2770 1292 2825 artibus
1337 2786 1488 2841 saepe
1517 2770 1807 2842 appellare
1853 2771 2112 2845 Scriptu-

464 2878 613 2926 ram,
646 2860 703 2914 id
736 2864 825 2914 est
854 2856 1065 2934 σοφίαν.

537 2950 642 3022 [1b.
676 2948 790 3018 28.]
838 2949 904 3002 Et
951 2947 1361 3019 compositiones
1408 2952 1458 3003 et
1512 2950 1693 3004 oleum
1741 2952 2016 3006 unctionis
2063 2958 2113 3007 et

462 3040 910 3111 compositionem
940 3038 1154 3093 incensi
1186 3055 1199 3093 :
1237 3055 1351 3093 non
1397 3039 1853 3109 compositiones
1883 3040 2113 3111 aliquas

463 3134 624 3185 extra
651 3128 933 3183 debemus
962 3126 1321 3197 intelligere;
1358 3127 1457 3181 sed
1507 3144 1637 3182 cum
1674 3128 1893 3183 dictum
1933 3133 2109 3200 esset,

459 3221 510 3274 et
555 3216 998 3289 compositiones,
1051 3232 1153 3287 per
1201 3216 1673 3286 conjunctionem
1720 3217 2110 3288 copulativam

463 3323 577 3361 non
609 3304 767 3360 aliud
800 3304 1087 3374 adjunxit,
1120 3304 1220 3358 sed
1255 3305 1409 3376 quod
1459 3306 1682 3360 dixerat
1725 3308 2012 3377 exposuit,
2048 3312 2112 3363 ut

463 3395 747 3451 sciremus
782 3409 930 3465 quas
960 3392 1492 3464 compositiones,et
1518 3394 1935 3466 oleum,inquit,
1971 3414 2109 3452 unc-

462 3485 633 3539 tionis
661 3491 713 3538 et
755 3482 1192 3551 compositionem
1226 3483 1436 3537 incensi
1469 3499 1481 3536 :
1516 3484 1965 3555 compositiones
2006 3502 2109 3540 au-

460 3576 580 3627 tem
610 3575 799 3639 vocat,
833 3570 969 3641 quia
1000 3586 1068 3625 ex
1099 3570 1301 3625 multis
1333 3570 1447 3626 ista
1477 3572 1740 3627 confecta
1770 3576 1928 3629 sunt.

530 3660 757 3733 [Ib.29.]
788 3660 1045 3715 Etomnis
1066 3659 1152 3714 vir
1180 3664 1230 3714 et
1251 3662 1453 3715 mulier
1468 3678 1699 3732 quorum
1714 3662 2109 3732 aﬂerebatsen—

455 3767 548 3805 sus
562 3755 839 3820 eorum,ut
854 3751 1205 3815 intrarent,et
1220 3749 1461 3819 facerent
1477 3766 1635 3805 omne
1653 3767 1786 3821 opus
1808 3752 2105 3822 quodcum-

522 3856 709 3905 lEditi
766 3856 852 3919 hic
890 3859 943 3903 et
989 3854 1148 3919 intra,
1194 3854 1642 3919 redemptionem:
1688 3870 1783 3915 pro
1830 3872 1936 3918 quo
1979 3859 2104 3907 Mss.

458 3924 783 3977 constanter,
813 3918 1170 3981 demptionem,
1204 3918 1379 3980 juxta
1405 3933 1562 3982 grtec.
1602 3920 1745 3979 LXX,
1781 3920 2103 3983 apbairema.

1224 315 1737 378 LOCUTIONUM
1781 316 1845 377 S.
1893 313 2315 377 AUGUSTINI
2358 313 2437 374 IN
2485 314 3124 377 HEPTATEUCHUM

3760 314 3878 376 516

2225 465 2330 520 que
2357 452 2620 521 praecepit
2650 452 2912 506 Dominus
2941 451 3066 521 ﬁeri
3097 448 3235 504 illud
3282 466 3381 518 per
3409 450 3643 521 Moysen,
3674 451 3877 505 attule-

2224 544 2358 593 runt
2384 540 2492 609 ﬁlii
2525 541 2693 595 Israel
2723 540 3094 611 demptionem
3125 540 3531 611 Domino.Ergo
3564 540 3763 596 omnis
3792 542 3877 594 vir

2223 631 2279 681 et
2306 627 2538 695 mulier,
2574 627 2984 699 intelliguntur
3014 626 3119 680 lilii
3154 625 3587 682 lsrael.Cieterze
3622 625 3873 682 locutio-

2225 732 2329 771 nes
2358 717 2583 773 similes
2614 716 3034 788 superioribus.

2297 806 2402 877 [1b.
2438 807 2651 877 32,33]
2685 807 2880 861 Facere
2910 822 3111 860 aurum
3141 814 3191 860 et
3219 810 3520 878 argentum
3547 811 3599 861 et
3628 820 3709 863 ws
3737 822 3875 877 :pro

2225 909 2291 949 eo
2322 896 2478 966 quod
2509 900 2598 951 est
2630 896 2813 951 facere
2843 912 2912 952 ex
2942 912 3083 951 auro
3133 900 3189 950 et
3214 899 3453 967 argento
3486 898 3541 950 et
3569 911 3681 950 iere
3709 913 3722 963 ;
3756 911 3872 951 non

2224 985 2379 1039 enim
2412 1002 2621 1040 aurum
2656 984 3077 1049 faciebant,sed
3109 1000 3179 1040 ex
3211 1000 3371 1040 auro.
3405 984 3545 1040 Tale
3576 989 3665 1039 est
3695 984 3870 1039 etiam

2225 1074 2381 1145 quod
2413 1073 2587 1146 paulo
2618 1078 2751 1146 post
2780 1073 3021 1143 dicit,Et
3050 1075 3276 1145 operari
3305 1073 3489 1144 ligna;
3521 1074 3632 1129 hoc
3662 1078 3773 1139 est,
3807 1089 3874 1129 ex

2222 1163 2421 1235 lignis.

2299 1254 2401 1320 [11).
2435 1253 2551 1325 35.]
2584 1256 2785 1308 Facere
2812 1254 3000 1308 omnia
3029 1267 3195 1324 opera
3224 1254 3404 1308 sancti
3432 1253 3678 1323 textilia,
3698 1256 3749 1309 et
3779 1269 3874 1307 va-

2222 1345 2311 1397 ria
2342 1346 2528 1398 texere
2554 1358 2705 1398 cocco
2735 1347 2788 1397 et
2818 1344 2997 1412 bysso,
3027 1344 3211 1412 facere
3237 1357 3395 1397 omne
3420 1358 3553 1413 opus
3604 1341 3872 1398 architec-

2223 1434 2467 1487 tonicam
2496 1431 2954 1487 varietatis.Ecce
2982 1435 3040 1487 et
3070 1431 3126 1486 in
3160 1432 3335 1488 rebus
3357 1430 3656 1487 textilibus
3685 1431 3874 1487 archi-

2222 1521 2576 1577 tectonicum
2628 1538 2773 1593 opus
2805 1519 3063 1591 appellat
3095 1536 3106 1575 :
3142 1522 3356 1577 mirum
3389 1521 3501 1577 nisi
3542 1525 3873 1593 propterea,

2224 1612 2363 1682 quia
2394 1610 2837 1666 tabernaculum
2869 1609 3228 1682 iiebat,quod
3261 1610 3488 1666 aedificii
3514 1610 3709 1666 simile
3740 1611 3871 1679 fuit,

2223 1704 2279 1755 et
2308 1705 2587 1771 tanquam
2639 1699 2851 1753 domus
2902 1698 3257 1769 erigebatur.
3290 1698 3438 1764 Quid
3487 1705 3685 1755 autem
3717 1700 3873 1756 dicat

2223 1804 2387 1860 opera
2415 1790 2616 1857 sancti,
2651 1804 2764 1843 non
2815 1786 3112 1841 evidenter
3155 1792 3416 1858 apparet,
3451 1792 3649 1843 utrum
3679 1788 3871 1844 sancti

2224 1878 2562 1945 sacerdotis,
2598 1875 2873 1949 quoniam
2903 1879 2958 1931 et
3006 1877 3075 1930 de
3108 1875 3257 1932 stola
3302 1876 3390 1931 vel
3420 1877 3491 1932 de
3544 1877 3712 1933 stolis
3743 1879 3873 1948 ejus

2223 1966 2344 2021 hinc
2376 1967 2686 2031 dicuntur;
2721 1983 2792 2020 an
2824 1965 3006 2020 sancti
3041 1964 3163 2033 Dei,
3197 1964 3256 2020 in
3289 1966 3460 2035 cujus
3491 1964 3718 2021 cultum
3750 1965 3875 2022 haec

2224 2056 2440 2111 ﬁebant
2468 2074 2479 2121 ;
2511 2073 2581 2110 an
2633 2071 2795 2125 opera
2842 2056 3043 2120 sancti,
3075 2056 3227 2109 sicut
3257 2055 3558 2110 dicebatur
3589 2056 3872 2112 Sanctum

2224 2149 2280 2200 et
2309 2146 2585 2201 Sanctum
2618 2148 2977 2200 sanctorum.

2298 2234 2598 2300 [ωλι-(μη,
2626 2234 2658 2287 8
2682 2232 2810 2303 (a).]
2836 2233 3157 2287 Ilumerulia
3182 2234 3517 2288 continentia
3542 2249 3612 2287 ex
3627 2235 3877 2304 utrisque

2219 2325 2473 2396 partibus
2500 2324 2615 2394 ejus
2642 2339 2652 2375 :
2680 2338 2793 2377 non
2816 2322 2961 2376 dixit
2982 2337 3050 2376 ex
3079 2321 3345 2393 utrisque
3366 2322 3627 2393 partibus
3650 2339 3877 2389 eorum,

2226 2413 2494 2483 quamvis
2518 2411 2616 2467 illa
2638 2412 3099 2476 humeralia,non
3126 2410 3427 2466 bumerale
3454 2411 3879 2478 dixisset,sicut

2225 2502 2373 2557 solet
2394 2501 2691 2557 bumerale
2705 2501 3117 2571 dicere;ipsum
3134 2500 3287 2555 enim
3306 2499 3616 2572 appellavit
3631 2500 3878 2572 plurali-

2223 2596 2313 2647 ter
2341 2591 2672 2655 humeralia,
2707 2588 2861 2645 sicut
2890 2588 3097 2644 stolam
3131 2593 3188 2644 et
3215 2590 3449 2645 easdem
3480 2589 3684 2645 stolas.

2297 2681 2401 2751 [1b.
2435 2680 2503 2735 37
2534 2680 2657 2750 (b).]
2690 2681 2752 2733 Et
2791 2680 2947 2733 Eliab
2997 2679 3147 2748 ﬁlius
3199 2678 3555 2733 Achisamach
3602 2678 3673 2734 de
3720 2680 3872 2733 tribu

2223 2771 2361 2840 Dan,
2394 2770 2491 2841 qui
2518 2768 2980 2824 architectonatus
3025 2776 3105 2823 est
3134 2768 3357 2823 textilia
3385 2776 3437 2824 et
3470 2767 3793 2834 consutilia,
3824 2774 3875 2823 et

2224 2860 2663 2923 diversicoloria,
2698 2862 2885 2913 texere
2934 2858 3000 2913 de
3028 2873 3181 2913 cocco
3211 2867 3261 2913 et
3310 2858 3486 2929 bysso.
3520 2857 3675 2912 Novo
3714 2874 3875 2913 more

2224 2949 2499 3005 dicuntur
2531 2947 2979 3003 architectonari
3010 2946 3442 3003 textilia.Etiam
3476 2947 3618 3001 illud
3641 2964 3675 3001 a
3708 2951 3873 3019 parte

2222 3043 2411 3094 totum
2444 3037 2887 3109 intelligendum
2933 3042 3023 3091 est
3069 3037 3221 3107 quod
3272 3037 3375 3100 ait,
3407 3041 3592 3091 texere
3640 3052 3793 3092 cocco
3821 3042 3873 3091 et

2224 3127 2379 3197 bysso
2411 3143 2423 3181 :
2457 3143 2525 3181 ex
2555 3126 2646 3181 bis
2697 3127 2852 3181 enim
2887 3131 2940 3180 et
2973 3131 3181 3181 caetera
3228 3124 3635 3198 intelligimus,
3671 3126 3732 3180 id
3764 3130 3870 3194 est,

2222 3232 2543 3289 purpuram
2575 3220 2632 3269 et
2666 3214 3066 3286 hyacintbum.

2292 3307 2400 3375 [1b.
2433 3322 2622 3373 xxxxx,
2654 3305 2765 3375 31.]
2802 3305 2861 3359 Et
2887 3305 3140 3375 fecerunt
3169 3305 3277 3375 ﬁlii
3298 3305 3468 3360 Israel
3494 3306 3639 3360 sicut
3664 3319 3873 3376 praece-

2220 3396 2307 3463 pit
2362 3396 2619 3449 Dominus
2669 3393 2856 3463 Moysi,
2908 3396 2985 3448 ita
3031 3397 3285 3463 fecerunt
3337 3411 3349 3449 :
3403 3392 3644 3465 plenum
3692 3398 3869 3459 esset,

2221 3483 2451 3539 etiamsi
2487 3500 2597 3538 non
2632 3484 2967 3549 adderetur,
2998 3486 3079 3538 ita
3106 3486 3376 3552 fecerunt.

2292 3575 2395 3643 [1b.
2428 3590 2516 3639 XL,
2554 3574 2661 3637 14.]
2694 3574 2756 3626 Et
2784 3575 2911 3642 fecit
2941 3574 3141 3645 Moyses
3170 3574 3356 3629 omnia
3386 3588 3504 3643 qua:
3534 3576 3801 3646 praecepit
3821 3575 3874 3629 ei

2218 3663 2500 3729 Dominus,
2533 3664 2619 3717 ita
2646 3662 2780 3734 fecit
2812 3679 2823 3715 :
2858 3661 3131 3718 similiter
3163 3668 3227 3716 ut
3257 3662 3478 3717 dictum
3511 3666 3601 3717 est
3632 3663 3708 3718 de
3739 3663 3870 3718 filiis

2221 3751 2417 3807 Israel.

2279 3858 2358 3920 (ιι)
2393 3857 2545 3919 Apud
2578 3858 2718 3906 Lxx.

2278 3922 2356 3983 (ὁ)
2387 3920 2540 3983 Apud
2574 3921 2731 3979 LXX;
2764 3921 2831 3967 At
2860 3920 2913 3968 in
2946 3920 3166 3983 Vulgata
3197 3934 3311 3981 cap.
3342 3920 3417 3978 38,
3450 3933 3499 3968 ν.
3532 3922 3612 3970 23.

1664 4092 2043 4186 LIBER
2109 4092 2663 4187 TERTIUS.

1821 4244 2140 4294 Locutiones
2167 4243 2232 4293 de
2260 4244 2511 4295 Levitico.

534 4456 610 4526 (α)
645 4454 851 4520 [stm
883 4470 1000 4526 cap.
1035 4470 1073 4521 1,
1109 4456 1142 4525 ᾖ
1172 4455 1249 4526 2.]
1283 4459 1456 4511 Homo
1484 4470 1557 4511 ea:
1584 4455 1740 4512 vobis
1769 4456 1818 4510 si
1854 4455 2111 4512 obtulerit

458 4544 604 4600 dona
637 4545 866 4606 Domino
895 4562 932 4599 a
959 4546 1299 4615 pecoribus,a
1333 4545 1499 4601 bobus
1531 4549 1579 4600 et
1608 4546 1674 4600 ab
1704 4547 1896 4601 ovibus
1925 4548 2110 4617 oﬂere-

459 4636 529 4689 tis
555 4651 573 4687 :
606 4633 714 4688 hoc
744 4632 909 4701 est,si
943 4651 975 4688 a
1000 4634 1305 4705 pecoribus
1337 4634 1654 4703 offeretis,a
1681 4634 1964 4703 bobus,ab
1988 4635 2076 4691 ovi
2106 4668 2111 4673 ο

460 4723 573 4779 bus
600 4722 1086 4778 oﬂeretisﬂvium
1120 4723 1357 4779 nomine
1377 4723 1551 4779 etiam
1583 4740 1891 4797 caprarum
1925 4740 2110 4797 genus

461 4810 723 4879 inclusit,
756 4812 908 4867 sicut
936 4811 995 4867 in
1027 4811 1156 4867 aliis
1189 4812 1331 4867 locis
1362 4812 1527 4868 solet.

534 4900 638 4968 [11).
673 4916 735 4965 n,
767 4901 846 4971 6.]
891 4902 955 4955 Et
1003 4902 1317 4971 con/'ringes
1362 4918 1437 4957 ea
1484 4904 1840 4973 fragmenta:
1894 4902 1951 4958 id
2002 4906 2109 4970 est,

462 4989 883 5061 confringendo
915 4989 1091 5045 facies
1121 5007 1189 5045 ea
1221 4991 1548 5062 fragmenta
1836 4981 1838 4984 ’

533 5080 549 5150 ξ
558 5078 639 5134 Ib.
674 5094 749 5146 1v,
782 5080 897 5149 23.]
932 5081 992 5134 Et
1018 5081 1298 5148 cognitum
1340 5082 1398 5135 ei
1422 5080 1605 5150 fuerit
1645 5094 1924 5151 peccatum
1973 5083 2113 5153 quod

460 5170 699 5239 peccauit
730 5169 789 5222 in
821 5167 1037 5224 eo.Duo
1059 5168 1215 5223 modi
1248 5168 1559 5225 locutionis
1578 5169 1673 5224 hic
1690 5173 2109 5241 notandisunt,

463 5262 520 5311 et
561 5259 846 5328 peceatum
893 5260 1155 5328 peccavit,
1187 5262 1244 5312 et
1273 5258 1429 5328 quod
1470 5258 1652 5329 addit,
1687 5260 1744 5313 in
1792 5275 1871 5317 eo.
1903 5262 1963 5316 In
1998 5278 2112 5333 quo

463 5345 621 5401 enim
652 5345 763 5401 nisi
798 5345 857 5399 in
889 5345 1039 5416 ipso,
1072 5344 1129 5399 id
1164 5350 1254 5401 est
1283 5345 1564 5417 peccato?

535 5433 788 5507 [Ib.v,l.]
819 5435 880 5489 Si
906 5440 1092 5489 autem
1123 5437 1312 5491 anima
1341 5437 1661 5506 peccaverit,
1682 5441 1731 5491 et
1760 5438 2001 5495 audierit
2020 5454 2114 5494 vo-

527 5524 602 5580 (η)
630 5523 753 5590 Mss.
790 5522 991 5590 aliquot
1019 5525 1074 5590 et
1101 5537 1289 5590 omnes
1317 5524 1957 5590 hactenuseditircarent
1978 5528 2117 5590 prio-

464 5585 614 5633 ribus
646 5584 790 5635 bisce
816 5584 886 5651 3f
908 5586 1427 5651 locationibusmum
1458 5601 1518 5635 ex
1547 5588 1881 5637 Cisterciensi
1912 5584 2117 5651 codice,

464 5661 674 5712 necnon
708 5663 771 5697 ex
818 5649 1126 5698 Corbeiensi
1152 5649 1365 5712 Optima:
1404 5654 1546 5700 notae
1582 5654 1637 5700 et
1665 5651 1790 5704 ante
1821 5657 1912 5703 800
1945 5649 2118 5704 annos

463 5711 765 5775 conscripto
798 5724 944 5762 nunc
976 5711 1207 5775 primum
1237 5715 1549 5778 vulgantur.

2218 4473 2330 4514 cem
2351 4459 2677 4528 jurationis,
2710 4464 2761 4513 et
2794 4460 2911 4530 ipse
2942 4459 3089 4513 testis
3132 4459 3324 4527 fuerit,
3372 4465 3468 4512 aut
3515 4457 3745 4524 viderit,
3778 4460 3875 4511 aut

2218 4548 2461 4602 conscius
2487 4548 2687 4615 fuerit,
2718 4548 2771 4603 si
2795 4563 2905 4602 non
2934 4548 3293 4612 nuntiaverit,
3322 4550 3371 4602 et
3418 4548 3649 4617 accipiet
3678 4561 3873 4617 pecea-

2220 4644 2375 4691 tum:
2408 4635 2541 4707 plus
2572 4637 2803 4691 videtur
2833 4637 3124 4705 habere,ct
3146 4654 3165 4697 ;
3189 4653 3321 4692 nam
3356 4652 3423 4692 eo
3453 4636 3693 4707 dempto
3726 4636 3873 4691 inte-

2220 4740 2321 4796 gre
2352 4724 2639 4796 sequitur,
2673 4728 2904 4798 accipiet
2929 4732 3235 4797 peccatum.

2292 4815 2396 4885 [1b.
2429 4816 2504 4881 4.]
2536 4816 2595 4871 Si
2623 4825 2802 4871 autem
2834 4817 3023 4871 anima
3050 4818 3373 4888 peccaverit,
3406 4823 3457 4870 et
3508 4814 3763 4870 audierit
3791 4830 3879 4868 vu-

2217 4920 2337 4961 cem
2353 4905 2680 4975 jurationis,
2715 4910 2763 4961 et
2795 4908 2906 4975 ipse
2934 4908 3084 4961 testis
3131 4905 3328 4979 fuerit,
3370 4909 3469 4961 aut
3520 4904 3737 4971 viderit,
3772 4912 3875 4958 aut

2219 4996 2472 5049 conscius
2500 4996 2674 5065 fuerit
2704 5011 2811 5050 non
2844 4998 3189 5051 nuntiaverit
3218 5013 3230 5051 :
3262 5003 3311 5050 et
3341 4995 3599 5067 positum
3632 4999 3743 5063 est,
3770 5009 3873 5063 pro

2220 5082 2277 5138 id
2310 5088 2399 5138 est
2431 5100 2443 5137 :
2481 5101 2613 5139 nam
2650 5084 2733 5139 sic
2765 5084 2878 5139 dici
2911 5091 3107 5157 posset
3140 5090 3347 5140 nostris
3387 5083 3701 5138 locutionis
3732 5098 3877 5137 con-

2223 5172 2618 5239 suetudine,Si
2652 5181 2844 5229 autem
2878 5176 3076 5230 anima
3108 5173 3448 5246 peccaverit,
3472 5173 3529 5227 id
3563 5177 3653 5228 est
3683 5170 3880 5227 audie-

2223 5262 2300 5316 rit
2328 5278 2523 5317 vocem
2550 5264 2892 5333 jurationis,
2926 5270 2984 5321 et
3014 5269 3239 5321 caetera.

2297 5349 2402 5422 [1b.
2433 5350 2510 5423 3.]
2561 5352 2665 5407 Aut
2713 5356 2963 5425 tetigerit
3006 5355 3074 5410 ab
3114 5352 3473 5410 immunditia
3509 5352 3780 5419 hominis,
3815 5347 3880 5404 ab

2224 5442 2379 5495 omni
2408 5440 2769 5497 immunditia
2799 5446 3108 5515 ejus,quam
3138 5445 3185 5499 si
3215 5445 3452 5513 tetigerit
3482 5443 3886 5512 inquinetur,et

2226 5528 2392 5585 latuit
2424 5545 2565 5598 eum,
2592 5540 2715 5602 post
2743 5533 2839 5588 hoc
2870 5543 3064 5590 autem
3102 5534 3410 5602 cognoverit
3458 5534 3508 5586 et
3537 5530 3880 5602 deliquerit;

2226 5634 2362 5674 cum
2394 5624 2549 5674 recto
2580 5622 2785 5677 ordine
2814 5622 3123 5679 dicendum
3158 5626 3332 5691 esset,
3366 5625 3417 5677 et
3446 5620 3888 5691 Jeliquerit,post

2224 5708 2323 5765 hoc
2354 5716 2539 5766 autem
2568 5714 2895 5783 cognoverit.
