4066 6350
170 316 286 374 517

252 446 360 516 [1b.
386 460 477 513 xv,
499 444 612 513 16.]
637 444 835 497 Anima
862 445 914 498 si
936 443 1162 497 latuerit
1184 457 1307 497 eum
1326 442 1625 510 oblivione,
1649 449 1696 496 et
1714 456 1834 512 pec-

178 535 387 590 caverit
408 533 599 589 nolens
625 548 637 587 :
664 549 778 588 non
804 532 905 602 ait,
931 531 980 587 si
1000 531 1234 587 latuerit
1253 530 1690 603 eam,quoniam
1716 528 1841 585 ani-

178 639 341 678 mam
356 638 461 693 pro
473 620 713 676 homine
734 619 1080 692 ponit,sicut
1101 619 1237 676 facit
1258 624 1315 676 et
1336 620 1394 675 in
1418 618 1567 689 aliis,
1589 619 1688 674 ubi
1713 618 1842 673 ani-

180 729 340 769 mam
388 711 552 783 prius
585 710 746 775 dicit,
783 726 915 781 qum
945 710 1177 781 generis
1211 708 1477 765 feminini
1503 714 1612 775 est,
1644 713 1846 780 postea

181 800 580 859 masculinum
606 800 781 855 infert
812 816 997 872 genus
1016 798 1086 853 ad
1108 798 1408 855 hominem
1434 800 1711 855 referens.
1733 796 1843 853 Sed

182 893 281 948 hic
310 889 500 946 multo
532 894 620 945 est
652 889 772 944 hac
806 888 1027 944 locutio
1058 876 1335 961 pressior,
1355 888 1633 960 quoniam
1658 886 1847 941 conti-

183 980 416 1039 nuatim
450 986 771 1050 utrumque
795 993 984 1050 genus
1019 978 1277 1051 positum
1307 983 1416 1045 est,
1441 983 1506 1033 ut
1536 977 1843 1050 diceretur,

178 1074 383 1128 Anima
412 1072 461 1125 si
493 1069 720 1125 latuerit
751 1083 893 1124 eum.
920 1068 1049 1123 Haec
1070 1068 1288 1123 locutio
1320 1067 1530 1123 terruit
1559 1067 1847 1138 interpre-

177 1168 270 1219 tes
301 1160 538 1227 latinos,
568 1163 624 1214 et
645 1158 960 1213 noluerunt
983 1174 1111 1214 eam
1152 1158 1490 1224 transferre,
1512 1157 1613 1213 sed
1644 1156 1724 1212 ita
1746 1172 1847 1227 po-

176 1255 429 1310 suerunt
458 1267 472 1306 :
505 1248 704 1305 Anima
733 1248 783 1303 si
806 1264 913 1318 qua
942 1248 1192 1316 latuerit,
1213 1252 1265 1303 et
1282 1250 1591 1319 peccaverit
1621 1262 1731 1302 non
1752 1262 1843 1301 vo-

176 1343 316 1414 lens,
352 1356 484 1396 cum
517 1338 673 1395 aliud
706 1338 783 1392 sit
814 1336 1017 1409 utique
1048 1336 1096 1392 si
1129 1338 1331 1393 anima
1366 1337 1566 1407 lateat,
1600 1335 1761 1391 aliud
1795 1350 1848 1408 si

176 1432 437 1490 animam
466 1430 644 1486 lateat
667 1444 680 1482 :
705 1427 815 1482 hoc
839 1432 1035 1483 autem
1067 1427 1373 1499 Scriptura
1406 1428 1567 1497 dicit,
1591 1426 1643 1482 si
1672 1426 1847 1485 lateat

176 1538 348 1589 eam;
382 1519 591 1587 non,si
623 1518 753 1590 ipsa
785 1516 980 1573 lateat.
1002 1518 1065 1572 In
1099 1533 1284 1589 graeco
1310 1521 1509 1573 autem
1543 1516 1655 1572 alio
1687 1518 1847 1572 inve-

179 1611 401 1677 nimus,
423 1610 680 1665 Animam
704 1609 720 1642 ¹
753 1608 807 1662 si
838 1608 1063 1663 latuerit
1091 1622 1165 1662 ea
1197 1606 1513 1668 oblivione;
1533 1607 1634 1662 sed
1668 1605 1845 1661 etiam

177 1702 309 1775 ipse
338 1701 397 1755 in
424 1696 928 1771 consequentibus
954 1696 1352 1753 masculinum
1384 1696 1585 1752 intulit
1620 1697 1846 1761 dicens,

180 1789 443 1847 Sacerdos
473 1787 726 1844 exorabit
752 1802 851 1857 pro
883 1801 966 1854 eo,
994 1790 1044 1842 et
1079 1786 1401 1843 dimittetur
1430 1786 1543 1853 illi,
1579 1785 1730 1854 quod
1764 1784 1845 1840 ibi

179 1880 361 1936 habet
390 1876 580 1947 αὐτῷ..
606 1875 767 1932 Unde
796 1880 1041 1946 apparet
1072 1874 1422 1946 scriptorem
1455 1874 1730 1929 timuisse
1754 1890 1847 1929 so-

178 1968 649 2033 loecismum,nec
671 1969 868 2020 tamen
894 1980 1261 2036 perseverare
1280 1963 1541 2036 potuisse
1562 1964 1618 2018 in
1637 1979 1847 2035 genere

180 2057 467 2116 feminino
499 2058 719 2111 victum
754 2053 1043 2109 evidentia
1064 2054 1373 2126 Scriptura:
1407 2053 1841 2125 consequentis.

256 2148 364 2219 [Ih.
398 2164 473 2213 v1,
505 2146 583 2218 9.]
610 2146 715 2200 Ista
744 2144 1134 2199 holocaustosz‘s
1150 2160 1315 2215 super
1334 2146 1709 2200 incensionem
1730 2144 1847 2215 ejus

179 2252 351 2308 super
381 2236 563 2292 altare
604 2242 770 2291 totam
818 2238 1028 2289 noctem
1076 2250 1243 2305 usque
1290 2234 1346 2287 in
1383 2250 1571 2299 mane,
1608 2237 1658 2289 et
1701 2234 1848 2303 ignis

181 2327 387 2383 altaris
416 2325 631 2380 ardebit
653 2339 816 2394 super
841 2324 983 2377 illud
1016 2341 1029 2379 :
1066 2324 1257 2395 potuit
1280 2340 1394 2379 non
1422 2323 1637 2379 haberi
1668 2327 1741 2390 et,
1766 2327 1847 2377 at-

184 2432 303 2489 que
336 2415 418 2471 ita
448 2414 583 2483 dici,
630 2417 799 2470 totam
830 2417 1042 2469 noctem
1094 2430 1268 2485 usque
1299 2414 1357 2468 in
1389 2429 1555 2469 mane
1584 2414 1733 2483 ignis
1762 2412 1845 2467 al-

184 2507 336 2560 turis
368 2504 605 2560 ardebit.
656 2504 767 2558 Sed
800 2502 999 2559 addita
1030 2502 1142 2559 ista
1193 2503 1528 2574 eonjunctio
1580 2503 1716 2559 facit
1745 2504 1845 2558 ob-

186 2594 534 2652 scuritatem
566 2592 659 2648 his
692 2592 791 2663 qui
848 2593 904 2647 in
938 2591 1155 2649 talibus
1206 2594 1637 2665 Scripturarum
1689 2592 1847 2649 locu-

184 2684 451 2741 tionibus
484 2699 602 2738 non
636 2682 953 2737 assuefacti
990 2686 1150 2738 sunt.

261 2774 370 2846 [1b.
408 2772 517 2845 14.]
550 2774 659 2827 lsta
690 2772 784 2827 lea:
801 2771 1086 2841 sacriﬁcii,
1115 2771 1254 2843 quod
1284 2773 1540 2845 oﬂerrent
1570 2770 1711 2827 illud
1740 2770 1853 2839 ﬁlii

188 2866 397 2933 Aaron,
456 2861 757 2917 sacerdotes
806 2866 934 2918 ante
977 2862 1312 2918 Dominum:
1350 2860 1495 2917 nihil
1543 2862 1768 2918 deesset
1797 2859 1848 2915 si

194 2970 313 3009 non
346 2951 609 3016 haberet,
644 2949 815 3006 illud.

267 3040 374 3112 [1b.
414 3039 522 3111 17.]
543 3042 747 3095 Sancta
762 3042 1079 3095 sanctorum
1097 3045 1193 3096 est.
1214 3040 1304 3095 Sic
1326 3039 1502 3095 habet
1526 3043 1582 3095 et
1601 3054 1846 3111 graecus,

192 3130 300 3186 sed
333 3144 520 3201 graeca
552 3129 766 3183 locutio
812 3136 919 3195 est,
954 3146 1131 3201 quam
1166 3129 1348 3185 nostri
1380 3129 1620 3201 quidam
1654 3134 1849 3185 trans-

194 3221 349 3276 ferre
382 3216 646 3273 nolentes
682 3218 973 3282 dixerunt,
1006 3222 1217 3274 Sancta
1248 3224 1583 3274 sanctorum
1617 3222 1778 3274 sunt.

270 3308 378 3377 [1b.
407 3306 476 3361 32
501 3306 627 3377 (a).]
652 3304 906 3362 Occident
928 3309 1151 3363 arietem
1167 3311 1265 3380 qui
1275 3324 1375 3379 pro
1391 3308 1587 3364 delicto
1608 3312 1736 3364 ante
1756 3309 1854 3363 Do-

192 3398 439 3452 minam.
469 3396 651 3475 Latini
687 3396 1034 3468 interpretes
1067 3398 1440 3463 addiderunt,
1475 3403 1586 3468 est,
1618 3402 1674 3454 et
1695 3398 1853 3453 dixe-

195 3491 362 3553 runt,
395 3486 490 3556 qui
516 3500 615 3556 pro
644 3485 843 3541 delicto
872 3490 971 3553 est,
994 3488 1149 3557 quod
1182 3504 1406 3559 graecus
1440 3504 1554 3543 non
1586 3487 1781 3543 habet.

270 3576 380 3644 [1b.
413 3590 513 3644 vu,
546 3576 580 3629 6
601 3574 721 3646 (b).]
754 3575 818 3627 Et
844 3577 899 3631 si
923 3584 1105 3631 votum
1121 3581 1220 3631 aut
1249 3577 1625 3633 voluntarium
1643 3576 1854 3646 sacriﬁ—

195 3666 409 3722 caverit
438 3663 644 3719 donum
676 3680 856 3730 suum,
888 3682 1227 3737 quacumque
1245 3666 1335 3722 die
1364 3667 1614 3722 obtulerit
1642 3667 1858 3737 sacriﬁ-

199 3758 372 3818 cium,
405 3754 598 3809 edetur
624 3755 867 3809 crastina
900 3754 989 3808 die
1022 3770 1035 3811 :
1071 3771 1175 3827 pro
1201 3771 1266 3811 eo
1299 3757 1452 3828 quod
1485 3761 1593 3823 est,
1630 3760 1861 3829 postera

206 3846 340 3911 die;
374 3844 530 3899 unde
560 3842 679 3910 alii,
711 3844 885 3899 altera
915 3844 1024 3911 die,
1057 3844 1418 3918 interpretati
1450 3850 1608 3902 sunt.

283 3934 394 4007 [1b.
424 3950 545 4001 vm,
578 3932 693 4005 31.]
738 3932 958 4005 Coquite
987 3950 1178 3991 carnes
1233 3937 1297 3992 in
1327 3937 1473 3992 atrio
1516 3934 1865 3992 tabernaculi

210 4026 521 4081 testimonii
554 4026 611 4078 in
659 4024 770 4079 loco
818 4029 1024 4095 sancto,
1056 4033 1107 4080 et
1151 4025 1233 4080 ibi
1278 4027 1445 4082 edetis
1476 4042 1586 4097 eas,
1619 4030 1669 4082 et
1698 4041 1863 4098 panes

209 4116 309 4187 qui
337 4120 467 4169 sunt
497 4114 555 4167 in
598 4115 839 4168 canistro
885 4116 1396 4182 consummationis,
1430 4116 1692 4187 quomodo
1716 4132 1864 4188 pra:-

208 4215 429 4278 ceptum
457 4212 534 4260 est
562 4205 703 4259 mihi
730 4204 938 4274 dicens,
961 4206 1143 4260 Aaron
1172 4210 1228 4260 et
1260 4206 1366 4276 ﬁlii
1390 4207 1507 4278 ejus
1536 4206 1693 4262 edent
1723 4223 1862 4263 eam.

212 4296 379 4352 Hanc
405 4293 764 4350 locutionem
790 4293 1031 4366 quidam
1064 4295 1381 4351 transferre
1412 4296 1676 4352 nolentes
1707 4294 1865 4351 dixe-

212 4387 359 4441 runt
388 4382 655 4456 quomodo
690 4384 946 4455 pracepit
976 4383 1118 4439 mihi
1146 4384 1329 4439 dicens
1349 4401 1368 4445 ,·
1402 4384 1541 4457 quia
1570 4384 1678 4441 hoc
1708 4385 1864 4441 vide-

212 4480 317 4531 tur
367 4488 751 4543 consequens,
793 4472 892 4527 ille
944 4476 1140 4528 autem
1188 4474 1246 4529 in
1294 4478 1509 4531 nostrae
1555 4474 1867 4531 locutionis

211 4561 640 4621 consuetudine
671 4546 1035 4618 soloecismus
1065 4568 1173 4619 est.

288 4654 398 4725 [1b.
430 4652 543 4722 35.]
580 4654 655 4706 Et
686 4654 763 4707 ad
782 4654 982 4707 ostium
1015 4652 1357 4708 tabernaculi
1390 4655 1690 4709 testimonii
1718 4654 1865 4710 sede-

214 4744 344 4799 bitis
372 4748 578 4814 septem
607 4741 742 4811 dies,
776 4741 871 4797 die
902 4746 952 4797 et
986 4749 1139 4798 nocte
1170 4758 1181 4797 :
1219 4759 1320 4815 pro
1352 4759 1418 4799 eo
1451 4744 1604 4815 quod
1637 4747 1745 4812 est,
1771 4744 1869 4800 ha-

212 4831 506 4889 bitabitis.

288 4922 398 4992 [1b.
433 4938 509 4989 Ix,
540 4919 619 4990 7.]
646 4920 707 4974 Et
722 4920 802 4976 ait
822 4921 1026 4992 Moyses
1043 4920 1112 4975 ad
1129 4924 1340 4989 Aaron,
1364 4922 1559 4978 Accede
1580 4922 1649 4978 ad
1673 4925 1870 4995 altare,

216 5023 268 5070 et
298 5015 392 5083 fac
420 5010 567 5083 quod
596 5025 692 5081 pro
722 5014 937 5081 peccato
968 5019 1080 5076 tuo,
1103 5020 1153 5066 et
1183 5010 1561 5067 holocaustum
1588 5030 1598 5068 :
1635 5017 1685 5068 el
1707 5029 1873 5069 exora

218 5118 319 5175 pro
349 5105 400 5157 te
429 5103 480 5156 et
508 5099 663 5155 domo
694 5104 875 5165 tua,et
902 5102 992 5171 fac
1008 5100 1151 5155 dona
1178 5101 1397 5173 pepuli,
1422 5105 1470 5157 et
1500 5119 1668 5158 exora
1682 5119 1782 5174 pro
1798 5106 1875 5159 eis

222 5190 487 5265 quomodo
506 5192 768 5263 praecepit
790 5190 1047 5246 Dominus
1064 5192 1261 5261 Moysi.
1292 5192 1415 5248 Non
1450 5193 1551 5263 ait,
1574 5195 1875 5259 Quomodo

226 5280 505 5355 praecepit
534 5280 822 5335 Dominus
854 5280 996 5334 mihi
1024 5304 1038 5347 ;
1071 5281 1170 5335 sed
1207 5280 1285 5335 ita
1312 5280 1544 5337 locutus
1576 5288 1683 5349 est,
1709 5283 1876 5356 quasi

222 5373 439 5429 fuisset
468 5368 613 5424 alter
643 5374 863 5441 Moyses
895 5368 987 5423 cui
1018 5368 1298 5425 Dominus
1332 5371 1625 5444 praecepit,
1649 5378 1704 5429 et
1734 5372 1880 5430 alter

225 5463 340 5519 iste
373 5458 473 5532 qui
505 5459 615 5514 hoc
647 5458 719 5515 ad
750 5466 939 5514 Aaron
972 5458 1343 5530 loquebatur.

290 5612 309 5677 1
345 5610 431 5677 Sic
445 5608 781 5677 vetuscodex
800 5610 1152 5677 Corbeiensis.
1177 5613 1241 5662 At
1268 5612 1648 5677 Cisterciensis,
1671 5617 1879 5669 Anima.

290 5674 368 5740 (ᾳ)
400 5672 554 5740 Αριιᾲ
590 5673 712 5740 μξξ
746 5688 757 5723 :
790 5678 843 5723 at
872 5674 927 5740 in
956 5674 1197 5740 Yulgata,
1231 5689 1346 5739 cap.
1378 5678 1424 5740 7,
1456 5692 1506 5727 v.
1538 5679 1585 5731 2.

292 5737 367 5801 (ὁ)
399 5736 558 5800 Apud
587 5737 713 5787 LXX
743 5751 756 5788 :
788 5741 842 5787 at
870 5737 926 5787 in
955 5736 1197 5802 Vulgata,
1226 5736 1387 5790 v.16.

1593 306 1824 368 LIBER
1863 304 2227 366 TERTIUS.

3486 312 3605 371 518

2025 438 2132 506 [1b.
2168 457 2221 505 ιε,
2249 440 2302 507 8,
2334 439 2415 510 9.]
2447 442 2511 493 Et
2542 440 2754 495 locutus
2801 449 2877 496 est
2909 442 3170 495 Dominus
3196 442 3270 496 ad
3304 444 3481 497 Aaron
3511 444 3600 497 di-

1951 543 2097 599 cens,
2136 529 2331 585 Vinum
2364 537 2413 584 et
2449 545 2680 585 siceram
2710 546 2819 585 non
2852 530 3127 597 bibetis,et
3158 536 3384 586 caetera.
3418 532 3600 595 Quam

1954 615 2306 673 locutionem
2329 619 2557 674 Domini
2572 620 2652 674 ita
2667 619 2983 685 concludit,
3009 620 3205 676 Omnia
3219 622 3467 692 legitima
3487 638 3605 691 qua

1957 706 2167 762 locutus
2196 716 2275 763 est
2306 710 2570 764 Dominus
2598 708 2668 763 ad
2715 725 2806 764 eos
2834 725 2933 780 per
2962 726 3193 764 manum
3222 710 3391 781 Moysi
3423 726 3435 765 :
3470 726 3603 765 eum

1957 796 2239 852 Dominus
2270 796 2626 869 loqueretur,
2659 816 2773 853 non
2805 800 2906 866 ait,
2940 799 3077 863 Quae
3107 798 3339 855 locutus
3370 816 3502 855 sum
3534 800 3605 855 ad

1957 899 2055 940 eos
2090 902 2191 957 per
2218 903 2459 942 manum
2511 888 2687 960 Moysi
2716 906 2729 955 ;
2764 888 2864 943 sed
2910 904 2977 943 ea
3007 886 3300 944 locutione
3346 905 3489 944 usus
3520 894 3609 945 est

1958 990 2077 1044 qua
2106 976 2378 1046 superius
2412 978 2533 1048 ipse
2563 980 2804 1049 Moyses.

2030 1084 2137 1151 [[b.
2166 1084 2246 1152 9.]
2280 1085 2606 1151 Legitimum
2654 1093 2925 1141 aeternum
2976 1085 3035 1139 in
3080 1086 3373 1156 progenies
3404 1090 3608 1142 vestras

1958 1172 2298 1242 distinguere
2329 1176 2472 1228 inter
2496 1173 2736 1229 medium
2771 1174 3100 1229 mundorum
3131 1183 3183 1230 et
3211 1177 3609 1232 contaminato-

1958 1280 2104 1329 rum,
2138 1268 2193 1317 et
2236 1268 2459 1318 caetera.
2512 1263 2843 1319 Notandum
2895 1264 3396 1334 quemadmodum
3429 1264 3609 1332 dicat,

1958 1360 2254 1419 aeternum,
2286 1352 2439 1422 quod
2474 1355 2674 1423 utique
2707 1368 2819 1407 non
2856 1351 2967 1408 erit
2998 1352 3123 1407 sine
3155 1352 3289 1407 fine.

2028 1461 2134 1531 [1b.
2166 1461 2275 1532 14.]
2294 1465 2515 1534 Moyses
2538 1461 2785 1533 loquens
2807 1462 2877 1515 ad
2902 1461 3356 1527 Aaron,Eleazar
3374 1464 3430 1516 et
3453 1460 3609 1517 Itha-

1960 1567 2085 1605 mar
2116 1550 2267 1606 ﬁlios
2289 1551 2607 1621 ejus,inter
2635 1554 2838 1605 caetera
2860 1550 3037 1605 etiam
3066 1550 3174 1605 hoc
3205 1551 3303 1619 ait,
3328 1552 3369 1606 Α
3389 1549 3611 1622 sacriﬁ-

1955 1642 2061 1697 ciis
2091 1639 2432 1696 salutarium
2458 1641 2704 1711 ﬁliorum
2735 1641 2907 1695 Israel
2933 1641 3221 1695 brachium
3240 1642 3537 1696 ablationis
3560 1649 3613 1697 et

1954 1731 2327 1801 pectusculum
2349 1732 2747 1803 segregationis
2803 1745 2970 1798 super
2992 1728 3202 1784 hostias
3223 1729 3449 1802 adipum
3478 1731 3612 1802 offe-

1956 1828 2097 1888 rent,
2129 1821 2559 1890 segregationem
2591 1835 2883 1890 segregare
2911 1825 3044 1875 ante
3072 1819 3261 1874 Deum.
3281 1820 3345 1875 Et
3375 1822 3485 1875 erit
3515 1820 3617 1877 tibi

1956 1917 2007 1964 et
2036 1910 2171 1978 filiis
2221 1911 2330 1964 tuis
2360 1913 2411 1964 et
2464 1908 2685 1978 ﬁliabus
2734 1910 2846 1963 tuis
2878 1917 3051 1964 tecum
3096 1910 3403 1978 legitimum
3450 1914 3612 1965 aeter-

1956 2015 2123 2059 num;
2156 2015 2289 2053 cum
2322 1998 2432 2054 hoc
2464 2004 2651 2053 totum
2688 1999 2863 2053 ﬁnem
2896 1998 3105 2053 fuisset
3136 1998 3499 2055 habiturum.

2030 2105 2137 2173 [1b.
2172 2122 2249 2171 ιιι,
2271 2105 2349 2174 9.]
2370 2109 2511 2159 Cum
2536 2106 2605 2159 de
2625 2104 3023 2159 animantibus
3051 2122 3176 2176 quae
3202 2105 3256 2159 in
3280 2106 3445 2174 aquis
3473 2109 3614 2161 sunt

1960 2195 2314 2266 praeciperet,
2337 2212 2464 2265 quae
2487 2194 2822 2249 sinteorum
2849 2195 3069 2248 munda
3087 2194 3171 2249 vel
3205 2195 3531 2262 immunda,
3552 2194 3615 2249 In

1959 2287 2142 2354 aquis,
2166 2284 2375 2354 inquit,
2400 2291 2451 2338 et
2470 2286 2526 2337 in
2543 2286 2709 2348 mari,
2729 2292 2781 2337 et
2809 2285 2865 2337 in
2892 2286 3241 2339 torrentibus.
3256 2284 3365 2339 Sed
3391 2285 3450 2338 in
3466 2284 3619 2339 mari

1958 2371 2125 2429 latini
2145 2372 2373 2428 codices
2392 2372 2628 2438 habent,
2650 2372 2789 2443 quia
2805 2372 2983 2426 nimis
3002 2372 3261 2427 insolens
3289 2373 3400 2427 fuit
3417 2372 3614 2444 plura-

1958 2461 2070 2517 lem
2104 2478 2418 2517 numerum
2444 2464 2760 2516 transferre
2793 2462 2863 2515 de
2886 2478 3092 2532 graeco,
3117 2468 3175 2517 et
3199 2479 3313 2519 non
3342 2464 3532 2518 dicere
3557 2464 3617 2519 in

1960 2552 2236 2619 mari,sed
2263 2553 2319 2605 in
2342 2550 2872 2617 maribus,maxime
2889 2555 3126 2622 propter
3147 2551 3614 2623 ambiguitatem,

1960 2659 2032 2697 ne
2064 2658 2177 2695 non
2213 2640 2417 2707 maria,
2444 2641 2541 2696 sed
2570 2657 2759 2695 mares
2792 2638 3282 2711 intelligerentur,
3306 2639 3362 2695 id
3387 2645 3475 2696 est
3501 2658 3619 2697 ma-

1960 2729 2143 2787 sculi:
2168 2745 2300 2785 nam
2334 2728 2518 2784 nihilo
2542 2729 2740 2783 minus
2766 2727 3028 2784 insolens
3046 2733 3155 2796 est,
3180 2730 3280 2786 sed
3307 2734 3504 2786 tamen
3528 2730 3616 2786 in-

1959 2824 2343 2891 terpretatum
2376 2824 2466 2873 est
2496 2818 2567 2872 de
2590 2816 3000 2889 sanguinibus,
3027 2818 3165 2888 quia
3196 2817 3381 2875 latina
3410 2819 3617 2892 lingua

1961 2908 2268 2980 sanguinis
2283 2923 2593 2962 numerum
2623 2905 2908 2977 pluralem
2925 2923 3040 2961 non
3066 2907 3385 2978 recipit,vel
3408 2908 3465 2962 in
3486 2909 3613 2980 ipso

1960 2998 2319 3054 nominativo
2343 2996 2654 3052 casu.Nam
2673 2995 2782 3051 etsi
2806 2996 2957 3051 abeo
2975 2997 3127 3066 quod
3149 3002 3236 3051 est
3259 3013 3416 3052 mare
3441 3013 3612 3053 nemo

1961 3086 2886 3156 dicitmaribus,dicunturtamen
2910 3084 3263 3151 maria,cum
3289 3086 3611 3156 sanguines

1962 3194 2077 3232 non
2102 3176 2455 3245 dicantur,et
2474 3178 2667 3229 tamen
2692 3174 2976 3245 scriptum
3002 3179 3109 3243 est,
3124 3175 3318 3229 Libera
3336 3192 3421 3230 me
3437 3193 3467 3230 a
3485 3192 3611 3231 san-

1962 3265 2222 3338 guinibus
2243 3264 2413 3336 (Psal.
2440 3281 2489 3331 L,
2516 3264 2596 3328 16)
2617 3280 2629 3329 ;
2654 3268 2732 3325 et,
2751 3264 2863 3317 Non
2882 3263 3218 3333 congregabo
3233 3264 3614 3319 conventicula

1963 3372 2150 3413 eorum
2177 3355 2244 3410 de
2272 3352 2639 3426 sanguinibus
2661 3352 2830 3423 (Psal.
2857 3368 2951 3419 xv,
2976 3353 3050 3419 4).
3083 3352 3232 3425 Ergo
3264 3357 3320 3408 et
3349 3353 3614 3408 maribus

1965 3446 2047 3502 ita
2068 3445 2183 3500 dici
2207 3449 2402 3517 posset
2420 3442 2621 3508 nisi,ut
2644 3440 3145 3513 dixi,ambiguitas
3159 3441 3457 3497 vitaretur.
3473 3442 3614 3497 Tor-

1968 3540 2159 3593 rentes
2172 3550 2305 3589 vero
2324 3534 2435 3588 isto
2451 3531 2574 3586 loco
2595 3548 2697 3603 pro
2718 3530 3065 3586 ﬂuminibus
3080 3532 3276 3602 posuit
3292 3532 3618 3604 Scriptura,

1969 3642 2100 3682 cum
2120 3628 2405 3679 torrentes
2422 3621 2653 3693 preprie
2668 3620 2936 3674 dicantur
2950 3618 3217 3674 hiemales
3232 3618 3391 3674 fluvii
3404 3619 3623 3691 quisic-

1970 3721 2177 3772 cantur
2207 3717 2426 3781 testate,
2460 3716 2515 3765 et
2554 3710 2682 3764 ideo
2730 3708 2918 3780 pisces
2951 3707 3163 3763 habere
3196 3725 3310 3763 non
3345 3713 3618 3779 possunt.

1971 3804 2134 3861 Unde
2156 3801 2418 3857 nonnulli
2438 3800 2783 3870 interpretes
2808 3796 2988 3853 nostri
3003 3814 3115 3852 non
3133 3801 3420 3853 torrentes
3441 3797 3625 3854 inter-

1973 3892 2209 3966 pretari,
2242 3891 2342 3946 sed
2367 3890 2613 3944 ﬂumina
2639 3887 2991 3943 maluerunt.
3018 3886 3159 3942 Poni
3182 3891 3377 3942 autem
3403 3888 3461 3942 in
3482 3886 3626 3943 Scri-

1974 3983 2163 4058 pturis
2193 3984 2479 4037 torrentes
2513 3995 2615 4049 pro
2665 3977 3013 4032 fluminibus
3062 3976 3226 4033 locus
3278 3976 3374 4033 ille
3404 3976 3624 4033 Psalmi

1974 4073 2119 4131 satis
2149 4069 2409 4127 ostendit
2438 4068 2537 4124 ubi
2569 4066 2802 4138 legitur,
2835 4068 2898 4121 Et
2929 4070 3169 4122 torrente
3198 4067 3490 4139 voluptatis
3516 4072 3626 4124 tua

1972 4164 2192 4237 potabis
2220 4177 2327 4218 eos.
2362 4159 2487 4215 Non
2519 4157 2673 4213 enim
2726 4156 2841 4212 tale
2873 4156 3097 4227 aliquid
3146 4156 3397 4229 intelligi
3446 4157 3629 4213 voluit

1977 4252 2214 4310 nomine
2244 4247 2519 4307 torrentis
2544 4246 2700 4319 quod
2728 4247 2800 4301 ad
2826 4250 3059 4317 tempus
3093 4245 3398 4313 ﬂueret,ao
3419 4246 3629 4303 deinde

1978 4345 2320 4409 sicoaretur,
2354 4355 2488 4395 cum
2522 4341 2806 4407 sequatur
2828 4340 2885 4391 et
2914 4336 3090 4401 dicat,
3110 4336 3384 4404 Quoniam
3414 4336 3631 4408 apud“

1976 4441 2053 4492 est
2084 4436 2207 4504 fons
2236 4432 2359 4487 vita:
2392 4426 2565 4500 (Psal.
2589 4442 2760 4494 xxxv,
2791 4426 2845 4491 9,
2882 4425 2969 4495 10)
2997 4442 3009 4492 ;
3037 4441 3165 4495 quas
3184 4427 3386 4497 utique
3416 4430 3633 4481 aaterna

1980 4529 2068 4581 est
2096 4528 2153 4577 et
2183 4518 2543 4577 indeﬁciens.
3395 4514 3403 4521 '

2052 4614 2157 4685 [1b.
2187 4610 2302 4679 21.]
2328 4607 2428 4664 Sed
2446 4607 2563 4664 Ιιίιέσ
2585 4605 2754 4661 edetis
2776 4621 2809 4659 a
2830 4606 3142 4675 repentibus
3162 4605 3496 4676 volatilibus,
3512 4620 3629 4675 qua

1980 4702 2269 4759 ambulant
2296 4714 2462 4769 super
2489 4700 2745 4767 quatuor,
2770 4710 2889 4765 qua:
2924 4694 3122 4750 habent
3145 4710 3315 4750 crura
3341 4698 3631 4763 superiora

1978 4794 2173 4866 pedum
2207 4792 2322 4852 eius
2354 4805 2365 4842 :
2401 4803 2513 4841 non
2549 4784 2715 4852 dixit,
2749 4786 2964 4855 pedum
2997 4800 3261 4840 suorum.

2056 4902 2161 4971 [1b.
2195 4899 2308 4967 44.]
2340 4898 2402 4953 Bt
2450 4895 2611 4951 eritis
2660 4894 2863 4962 sancti,
2916 4894 3177 4963 quoniam
3220 4899 3445 4948 sanctus
3486 4908 3628 4964 ego:

1983 4988 2339 5051 subauditur
2370 5000 2500 5041 sum
2528 5000 2541 5050 ;
2579 4984 2734 5038 unde
2760 4980 3023 5053 plerique
3054 4982 3239 5037 nostri
3270 4982 3633 5054 interpretati

1986 5086 2149 5147 sunt,
2181 5077 2443 5153 quoniam
2468 5076 2694 5129 sanctus
2725 5088 2848 5127 sum
2875 5088 3001 5140 ego.

2060 5191 2165 5264 [1b.
2200 5202 2300 5249 χιι,
2332 5183 2402 5255 1.]
2430 5184 2493 5237 Et
2515 5182 2724 5235 locutus
2743 5182 2820 5235 est
2842 5180 3191 5236 Dominusad
3206 5179 3635 5251 Moysendicens.

1986 5284 2115 5339 Haec
2132 5279 2221 5333 usi
2234 5273 2519 5330 latissima
2532 5270 2745 5325 locutio
2760 5276 2845 5325 est
2858 5275 2911 5324 et
2926 5270 3277 5326 creberrima
3298 5271 3355 5325 in
3376 5271 3638 5343 Scriptu-

1989 5374 2091 5437 ris,
2118 5372 2326 5425 locutus
2349 5366 2425 5417 est
2445 5362 2645 5416 dicens.
2661 5360 2768 5413 Sed
2796 5376 2863 5415 ea
2884 5377 3009 5432 quae
3032 5360 3321 5431 sequitur,
3336 5360 3525 5416 rarius
3548 5377 3639 5417 re-

1990 5462 2233 5537 peritur,
2248 5461 2305 5512 et
2332 5451 2496 5508 latini
2520 5450 2809 5506 sermonis
2831 5455 3085 5505 coarctat
3107 5450 3393 5522 inapiam:
3415 5465 3642 5522 graecus

1991 5536 2148 5611 enim
2174 5546 2369 5614 habet,
2405 5538 2493 5594 καὶ
2519 5536 2654 5613 ἐρεῖς
2676 5537 2810 5612 πρὸς
2835 5536 3028 5600 αὐτοὺς
3056 5536 3252 5612 λέγων,
3286 5540 3440 5612 quod
3464 5540 3643 5597 latine

1990 5636 2234 5715 exprimi
2252 5631 2541 5707 posset,et
2572 5627 2728 5683 dices
2751 5628 2821 5681 ad
2843 5644 2941 5683 eos
2964 5628 3193 5696 dicens;
3220 5629 3420 5685 minus
3442 5634 3641 5686 autem

1993 5729 2253 5796 oﬂ'endit,
2279 5725 2327 5781 ei
2344 5722 2597 5789 dicatur,
2620 5722 2677 5775 et
2693 5717 2924 5789 inquies
2936 5718 3008 5774 ad
3021 5734 3123 5774 eos
3145 5720 3377 5791 dicens;
3401 5726 3459 5778 et
3478 5719 3643 5777 simi.
