4066 6342
444 283 561 341 519

443 414 559 469 lius
585 419 675 468 est
721 428 928 484 grteco,
961 413 1101 483 quia
1132 417 1187 466 et
1236 411 1333 466 ille
1395 429 1508 468 non
1562 411 1726 478 dixit,
1758 408 1928 479 λέξεις
1959 407 2094 484 πρὸς

444 500 639 562 αὐτὸὒς
674 497 874 574 λὲγων,
901 501 1022 567 sed,
1051 498 1187 572 ἐρεῖς
1219 500 1353 575 πρὸς
1387 499 1578 560 αὐτοὺς
1611 498 1808 573 λέγων.

518 610 818 684 [Ib.xu,2.]
846 609 1052 665 Mulier
1074 623 1428 680 quaecumque
1448 625 1631 664 semen
1647 609 1912 680 receperit
1932 615 1985 662 et
2004 622 2094 678 pe-

439 701 648 772 pererit
675 699 1057 764 masculum,et
1086 697 1364 752 immunda
1392 700 1497 753 erit
1517 706 1721 768 septem
1744 697 1857 752 dies
1875 715 1894 750 :
1912 694 2095 750 nostri

446 788 710 861 plerique
734 787 1048 842 noluerunt
1073 787 1409 855 transferre,
1431 788 1531 840 sed
1556 787 1635 840 ita
1666 786 1958 853 dixerunt,
1982 784 2094 838 Mu-

446 879 552 934 lier
567 892 848 948 quaecumq
856 891 920 931 ue
934 891 1116 931 semen
1134 877 1399 947 receperit
1417 884 1467 931 et
1477 877 1752 948 pepererit
1771 875 2095 941 masculum,

448 964 735 1022 immunda
754 966 861 1019 erit
889 971 1094 1035 septem
1115 963 1250 1019 dies.
1277 963 1384 1020 Illa
1412 980 1548 1036 ergo
1572 965 1786 1021 locutio
1817 964 2096 1036 quoniam

447 1059 502 1111 et
531 1070 718 1128 graeco
751 1053 982 1126 eloquio
1013 1053 1299 1110 inusitata
1321 1059 1432 1125 est,
1462 1059 1662 1126 posset
1694 1070 1796 1110 nec
1827 1053 1884 1107 in
1912 1068 2096 1124 graeco

445 1143 750 1200 transferri
785 1161 798 1199 :
830 1143 967 1213 quia
1003 1160 1134 1198 vero
1187 1161 1314 1199 eam
1350 1144 1579 1199 Graecos
1630 1144 1950 1200 transferre
1981 1157 2098 1198 non

447 1233 656 1307 piguit,
689 1249 794 1288 cur
826 1232 1065 1289 Latinos
1098 1231 1375 1304 piguerit,
1410 1233 1633 1305 ignoro.
1681 1225 1692 1236 ’

519 1339 626 1410 [1b.
659 1339 738 1411 4.]
769 1340 1020 1407 Triginta
1056 1346 1108 1394 et
1156 1343 1265 1394 tres
1294 1339 1411 1395 dies
1437 1343 1454 1376 ι
1486 1340 1691 1396 sedebit
1741 1344 1802 1396 in
1828 1340 2095 1410 sanguine

447 1429 653 1485 mundo
673 1444 790 1484 suo.
810 1426 1092 1484 Similiter
1108 1433 1164 1483 et
1188 1429 1258 1483 de
1279 1427 1381 1484 illa
1397 1445 1524 1501 quis
1547 1429 1827 1484 feminam
1850 1427 2095 1500 peperit,

450 1518 675 1573 dictum
707 1522 818 1584 est,
850 1517 1060 1572 sedebit
1093 1519 1149 1572 in
1181 1521 1450 1589 sanguine
1478 1519 1684 1573 mundo
1713 1535 1831 1584 suo,
1854 1519 1952 1573 sed
1985 1518 2098 1572 du-

447 1605 678 1677 plicatis
699 1605 919 1661 eisdem
939 1605 1168 1675 diehus,
1194 1606 1248 1660 id
1282 1612 1389 1674 est,
1411 1607 1717 1679 sexaginta
1737 1623 1838 1663 sex
1867 1606 2095 1662 diebus.

446 1694 658 1752 Sedebit
687 1711 822 1768 ergo
854 1694 1079 1750 dictum
1111 1700 1200 1751 est
1229 1695 1512 1764 manebit,
1546 1712 1660 1752 non
1691 1696 1850 1752 enim
1883 1711 1984 1768 per
2015 1697 2102 1750 tot

445 1786 570 1841 dies
600 1785 671 1840 de
701 1784 846 1840 sella
875 1783 925 1838 ei
955 1799 1195 1856 surgere
1226 1801 1339 1840 non
1374 1784 1606 1840 licebat.

519 1892 625 1964 [1b.
658 1908 781 1958 χιιι,
813 1892 892 1962 2.]
925 1893 1155 1947 Homini
1181 1893 1232 1947 si
1259 1893 1352 1946 cui
1377 1893 1524 1962 facta
1541 1893 1710 1962 fuerit
1736 1893 1797 1945 in
1826 1895 1948 1945 cute
1975 1906 2100 1945 eor-

440 1986 592 2055 poris
614 1983 731 2051 eius
749 1982 986 2036 cicatrix
1004 1982 1154 2051 signi
1179 1982 1380 2037 lucida.
1411 1982 1741 2037 Notandum
1767 1980 2098 2035 cicatricem

443 2073 636 2128 dicere
663 2071 1024 2142 Scripturam
1071 2087 1186 2126 non
1236 2070 1517 2139 vulneris,
1551 2071 1652 2126 sed
1705 2071 1882 2125 etiam
1914 2069 2099 2126 solius

444 2160 654 2216 coloris
683 2163 905 2214 notam.

517 2268 624 2337 [1b.
656 2266 737 2336 2.]
771 2265 833 2319 Et
864 2266 1037 2335 fuerit
1066 2266 1126 2318 in
1156 2273 1276 2319 cute
1302 2265 1505 2319 coloris
1535 2265 1652 2335 ejus
1682 2272 1860 2320 tactus
1893 2263 2059 2334 lepra:
2084 2279 2097 2318 :

450 2361 670 2410 tactum
706 2354 848 2408 dicit
879 2353 1069 2423 ipsam
1104 2353 1422 2416 maculam,
1456 2354 1613 2423 quod
1643 2353 1768 2424 ipse
1814 2353 1988 2406 homo
2020 2351 2098 2406 le-

451 2461 557 2516 pra
587 2443 664 2498 sit
691 2447 906 2497 tactus.

523 2549 630 2621 [1b.
663 2548 740 2618 3.]
773 2552 837 2604 Et
860 2547 1063 2603 videbit
1081 2564 1206 2602 eum
1226 2547 1491 2616 sacerdos,
1517 2553 1568 2603 et
1593 2547 1911 2620 inquinabit
1931 2564 2057 2602 eum
2082 2561 2094 2602 :

454 2656 556 2712 pro
590 2654 656 2694 eo
688 2638 841 2708 quod
876 2641 981 2708 est,
1018 2636 1387 2708 inquinatum
1425 2635 1847 2710 pronuntiabit.

524 2746 633 2818 [1b.
665 2745 745 2817 3.]
777 2746 842 2800 Et
868 2744 1019 2817 pilus
1040 2746 1137 2816 qui
1155 2748 1234 2800 est
1257 2747 1316 2800 in
1343 2749 1498 2801 tactu
1526 2752 1883 2802 convertatur
1900 2745 2090 2800 albus:

453 2834 511 2889 id
544 2839 654 2903 est,
687 2838 1055 2889 convertatur
1079 2834 1138 2888 in
1170 2833 1390 2890 album.

522 2941 632 3013 [1b.
663 2943 742 3012 6.]
769 2942 832 2996 Et
845 2941 1100 3013 purgabit
1116 2958 1240 2997 eum
1256 2943 1545 3005 sacerdos;
1573 2945 1795 3012 signum
1816 2944 1963 2998 enim
1979 2953 2091 3000 est:

452 3037 767 3104 purgatum
827 3031 1268 3103 pronuntiabit;
1319 3031 1494 3098 sicut,
1545 3031 1899 3104 inquinabit,
1938 3035 2093 3105 quod

449 3137 629 3194 supra
657 3119 822 3189 dixit,
855 3119 1228 3191 inquinatum
1260 3121 1685 3193 pronuntiabit.

515 3227 626 3297 [[b.
657 3229 712 3294 7,
746 3227 824 3297 8.]
857 3229 919 3280 Et
948 3226 1146 3282 viderit
1175 3243 1301 3282 eum
1328 3229 1604 3296 sacerdos,
1629 3232 1679 3283 et
1708 3244 1825 3284 ecce
1851 3245 2092 3286 commu-

445 3321 563 3372 tata
590 3321 670 3371 est
696 3315 1033 3383 signiﬁcatio
1054 3317 1114 3369 in
1143 3320 1284 3382 cate,
1307 3321 1360 3370 et
1380 3317 1700 3388 inquinabit
1733 3318 1895 3372 illum
1919 3335 2095 3374 sacer-

447 3405 544 3461 dos
579 3422 592 3460 :
629 3405 761 3474 plus
797 3403 989 3468 habet,
1012 3414 1104 3464 et;
1136 3421 1272 3458 nam
1304 3420 1370 3459 ea
1396 3407 1805 3474 conjunctione
1835 3407 2096 3463 detracta

446 3493 676 3564 integer
697 3509 908 3547 sensus
933 3499 1023 3548 est
1053 3493 1162 3548 hoc
1188 3495 1384 3560 modo,
1408 3495 1468 3548 Si
1490 3504 1672 3549 autem
1692 3511 1954 3552 conversa
1973 3500 2094 3566 fue-

447 3585 524 3637 rit
549 3583 884 3653 signiﬁcatio
903 3583 961 3636 in
990 3586 1132 3646 cute,
1151 3591 1501 3653 posteaquam
1520 3585 1657 3638 vidit
1677 3601 1804 3639 eum
1825 3587 2092 3655 sacerdos,

449 3679 509 3725 ut
556 3675 756 3741 purget
787 3669 976 3737 illum,
1009 3679 1058 3726 et
1107 3674 1256 3725 visus
1283 3675 1456 3742 fuerit
1499 3672 1677 3727 denuo
1722 3675 2009 3740 sacerdoti,
2042 3681 2096 3732 et

445 3761 645 3816 viderit
673 3775 799 3814 eum
825 3763 1104 3829 sacerdos,
1137 3764 1189 3815 et
1217 3777 1335 3817 ecce
1365 3770 1698 3817 commutata
1719 3773 1793 3819 est
1821 3767 2096 3835 signiﬁca-

445 3850 518 3905 tio
551 3852 610 3904 in
638 3854 778 3918 cute,
809 3849 1125 3920 inquinabit
1154 3851 1316 3904 illum
1344 3852 1617 3907 sacerdos.

522 3957 627 4026 [[b.
661 3957 718 4022 9,
752 3956 862 4026 1Ο.]
899 3957 962 4012 Et
992 3959 1166 4012 tactus
1215 3959 1405 4029 leprte,
1437 3960 1487 4014 si
1533 3962 1711 4029 fuerit
1765 3962 1823 4016 in
1856 3962 2093 4031 homine,

448 4047 631 4102 veniet
659 4045 729 4100 ad
767 4047 1124 4113 sacerdotem,
1153 4057 1205 4103 et
1249 4048 1465 4104 videbit
1495 4050 1766 4114 sacerdos,
1797 4060 1846 4106 et
1875 4068 1990 4107 ecce
2017 4055 2095 4107 ci-

452 4136 634 4191 catrix
665 4135 793 4192 alba
824 4137 881 4189 in
923 4143 1060 4201 cute,
1093 4139 1146 4191 et
1173 4137 1287 4191 haec
1334 4140 1570 4193 mutavit
1597 4141 1776 4209 pilum
1805 4139 2017 4204 album,
2049 4149 2102 4198 et

450 4244 484 4282 a
511 4241 647 4282 sano
675 4227 861 4281 carnis
889 4228 1033 4283 viva?
1060 4227 1121 4282 in
1167 4229 1420 4283 cicalrice
1451 4245 1463 4282 :
1498 4227 1554 4284 id
1587 4234 1695 4301 est,
1732 4232 1979 4287 mutavit
2008 4232 2098 4304 pi-

450 4315 573 4372 lum
603 4315 662 4371 in
687 4313 886 4370 album
909 4315 1158 4371 colorem
1190 4316 1246 4371 in
1279 4317 1629 4388 cicatricem,
1653 4321 1888 4375 mutavit
1916 4325 2100 4378 autem

451 4423 484 4461 a
513 4421 646 4461 sano
675 4407 860 4460 carnis
906 4407 1064 4473 vivae,
1098 4406 1157 4460 id
1209 4411 1317 4470 est,
1364 4407 1502 4478 quia
1528 4424 1642 4462 non
1689 4409 1864 4465 talem
1913 4409 2098 4483 pilum

452 4493 652 4562 habet,
687 4494 840 4565 quod
874 4511 1084 4549 sanum
1113 4499 1202 4550 est
1228 4495 1284 4550 in
1318 4512 1489 4550 carne
1521 4497 1689 4552 vivat.

522 4601 629 4672 [1b.
663 4601 757 4670 45,
786 4601 855 4671 ηυϐ
881 4601 958 4673 (a)
986 4603 1005 4671 ]
1033 4603 1107 4656 De
1128 4601 1358 4674 leproso
1381 4619 1512 4658 cum
1538 4603 1897 4676 loqueretur,
1922 4606 2020 4678 ait,
2039 4608 2104 4664 Et

451 4689 768 4746 immundus
789 4690 1106 4746 immundus
1129 4691 1439 4758 vocabitur,-
1460 4693 1625 4765 quasi
1649 4711 1761 4749 non
1784 4696 1926 4751 satis
1947 4701 2104 4753 esset

452 4780 631 4837 semel
649 4780 1182 4849 dicere,immundus
1195 4782 1842 4855 vocabitur.Quanquam
1859 4787 2104 4842 nonnul-

455 4871 496 4926 li
528 4869 759 4928 codices
791 4870 870 4925 ita
900 4869 1175 4941 habeant,
1209 4871 1267 4926 in
1299 4870 1414 4926 alio
1445 4888 1631 4944 grseco
1663 4873 1742 4929 ita
1770 4874 2102 4933 invenimus

452 4959 634 5016 semel
692 4959 935 5026 dictum,
985 4961 1303 5016 immundus
1350 4962 1652 5018 vocabitur.
1718 4968 1855 5019 Item
1928 4965 2101 5036 paulo

453 5054 585 5122 post
615 5049 779 5119 dicit,
815 5049 951 5104 Cum
977 5050 1048 5105 sit
1075 5049 1415 5118 immundus,
1444 5052 1758 5108 immundus
1779 5056 1915 5122 erit;
1949 5055 2100 5126 quod

455 5139 513 5194 in
548 5138 796 5195 latinum
821 5139 891 5194 de
922 5156 1106 5211 graeco
1133 5157 1244 5196 non
1280 5141 1432 5196 sicut
1454 5141 1707 5212 positum
1736 5148 1825 5199 est
1855 5145 2102 5216 exprimi

452 5228 685 5299 potuit:
719 5229 802 5282 ait
843 5228 998 5284 enim
1048 5229 1302 5302 Graecus,
1350 5227 1647 5303 ἀκάθαρτος
1700 5226 1773 5285 ὥν
1802 5231 2099 5308 ἀκάθαρτος

454 5314 632 5372 ἔπαιε
659 5315 827 5387 quasi
849 5317 1084 5385 diceret,
1101 5317 1444 5374 immundus
1467 5319 1740 5388 existens,
1758 5321 2102 5379 immundus

452 5405 599 5462 erit:
625 5405 723 5460 sed
759 5422 872 5461 non
907 5405 1014 5462 hoc
1035 5411 1125 5462 est
1145 5407 1422 5477 existens,
1448 5409 1599 5479 quod
1627 5425 1849 5482 graecus
1880 5404 1972 5480 ὥν,
2000 5413 2100 5468 sed

460 5556 561 5664 "eis
576 5553 720 5663 1:11am,
750 5569 841 5602 sex
871 5554 994 5605 dies.
1028 5556 1129 5606 Sed
1163 5557 1328 5620 liquet
1356 5556 1641 5620 legendum
1663 5558 1750 5608 hic
1773 5559 1930 5622 juxta
1959 5561 2099 5623 LXX,

629 5631 715 5664 res.

510 5631 561 5663 εε
591 5631 715 5666 αιες.

459 5734 468 5738 _
518 5679 592 5742 (a)
632 5680 762 5729 Hinc
786 5679 922 5731 liber
951 5681 1140 5732 tertius
1169 5681 1357 5746 incipit
1384 5681 1439 5732 in
1469 5683 1617 5747 prius
1647 5683 1820 5735 editis.

1192 277 1699 340 LOCUTIONUM
1746 277 1808 336 S.
1857 274 2280 338 AUGUSTINI
2331 274 2408 334 IN
2454 273 3105 337 HEPTATEUCHUM

3749 279 3856 342 520

2211 409 2258 464 si
2293 408 2402 463 dici
2439 412 2654 480 posset,
2687 426 2909 478 essene,
2943 410 3012 466 ab
3044 426 3110 465 eo
3142 411 3294 482 quod
3325 416 3426 479 est
3454 428 3610 483 esse,
3645 430 3766 470 non
3793 416 3855 470 ab

2210 516 2275 554 eo
2308 500 2463 570 quod
2495 504 2581 554 est
2611 500 2874 555 existere.

2281 588 2389 658 [1b.
2421 605 2543 657 xm,
2577 589 2690 659 47.]
2722 593 2784 644 Et
2833 592 3152 646 vestimento
3195 591 3245 645 si
3270 593 3443 661 fuerit
3493 594 3556 648 in
3602 609 3668 649 eo
3700 598 3858 649 tactus

2213 678 2381 747 lepra?
2413 693 2424 732 :
2461 677 2647 748 potuit
2681 678 2894 734 usitate
2944 679 3023 733 ita
3057 680 3268 751 dicere,
3322 682 3388 736 Et
3420 683 3476 738 in
3510 683 3859 740 vestimento

2211 765 2260 820 si
2294 765 2468 820 fuerit
2495 770 2687 822 tactus
2719 766 2910 839 lepra.

2283 874 2390 943 [1b.
2421 874 2537 944 51.]
2569 875 2670 928 Aut
2701 877 2761 929 in
2795 878 2951 931 omni
2981 892 3111 932 vase
3150 879 3402 948 pelliceo,
3433 882 3490 934 in
3523 896 3864 952 quocumque

2209 964 2378 1034 fuerit
2409 965 2467 1016 in
2497 979 2556 1019 eo
2588 967 2759 1020 tactus
2792 981 2804 1019 :
2839 970 3065 1036 poterat
3096 967 3237 1023 satis
3263 985 3411 1039 esse,
3430 971 3488 1024 in
3521 987 3864 1043 quocumque

2207 1053 2384 1122 fuerit
2412 1060 2601 1107 tactus.

2282 1141 2388 1213 [lb.
2421 1143 2536 1212 55.]
2571 1143 2632 1196 Et
2674 1158 2790 1198 ecce
2817 1159 2927 1198 non
2974 1147 3332 1200 commutavit
3361 1150 3538 1203 tactus
3586 1153 3867 1220 aspectum

2208 1247 2374 1286 suum
2405 1246 2417 1284 :
2452 1230 2510 1285 id
2543 1235 2633 1287 est
2654 1230 2904 1287 colorem
2929 1233 2987 1288 in
3011 1249 3187 1304 quem
3211 1235 3492 1305 aspicitur
3517 1254 3529 1303 ;
3565 1253 3685 1293 non
3709 1238 3865 1294 enim

2212 1325 2512 1391 aspectum
2547 1337 2660 1390 quo
2692 1320 2818 1392 ipse
2862 1322 3071 1392 aspicit
3102 1339 3116 1378 :
3150 1328 3371 1380 tactum
3421 1325 3644 1398 quippe
3672 1327 3866 1399 ipsam

2217 1408 2507 1464 maculam
2534 1409 2695 1464 dicit.

2290 1499 2394 1569 [1b.
2427 1515 2541 1564 x1v,
2579 1500 2689 1569 45.]
2723 1503 2789 1555 Et
2815 1503 3088 1571 accipiens
3106 1504 3362 1558 sacerdos
3390 1504 3455 1561 de
3481 1504 3712 1561 hemina
3729 1509 3864 1576 olei,

2215 1588 2573 1658 super/undet
2604 1590 2661 1642 in
2694 1606 2918 1643 manum
2946 1591 3240 1648 sacerdotis
3268 1596 3553 1650 sinistram
3587 1614 3601 1652 :
3631 1613 3747 1653 non
3778 1599 3867 1653 di-

2211 1678 2314 1745 xit,
2335 1678 2393 1731 in
2419 1694 2658 1733 manum
2683 1695 2851 1734 suam
2879 1681 3202 1752 sinistram,
3221 1700 3355 1740 cum
3381 1686 3586 1757 utique
3606 1686 3666 1743 in
3690 1706 3864 1746 suam

2215 1767 2402 1822 faciet.

2281 1856 2388 1924 [1b.
2419 1873 2511 1919 xv.
2537 1857 2616 1930 2.]
2657 1859 2798 1924 Viro,
2833 1861 2953 1916 viro
2981 1862 3302 1934 cuicumque
3328 1865 3507 1934 fuerit
3533 1867 3696 1935 ﬂuor.

2285 1946 2390 2014 [1b.
2427 1947 2539 2016 l6]
2571 1947 2634 2001 Et
2663 1948 2818 2003 homo
2865 1952 3191 2021 cuicumque
3235 1955 3433 2009 exierit
3463 1971 3534 2010 ea:
3560 1973 3629 2014 eo
3659 1973 3864 2015 concu-

2213 2035 2355 2089 bitus
2383 2036 2630 2090 seminis.

2286 2125 2388 2190 [Ih.
2420 2125 2535 2196 2L]
2565 2127 2628 2181 Et
2656 2142 2815 2183 omne
2858 2145 3022 2200 super
3066 2130 3436 2204 quodcumque
3462 2135 3665 2192 dormit
3697 2154 3866 2209 super

2211 2213 2352 2268 illud
2383 2231 2395 2269 :
2427 2219 2481 2269 et
2501 2230 2660 2270 omne
2675 2232 2842 2288 super
2861 2219 3004 2288 quod
3020 2219 3222 2276 sederit
3239 2239 3402 2292 super
3421 2224 3585 2293 illud,
3613 2229 3860 2282 immun-

2211 2302 2340 2356 dum
2368 2305 2495 2358 erit.

2281 2392 2382 2461 [lb.
2418 2409 2528 2458 xw,
2557 2394 2670 2463 2L]
2703 2399 2766 2451 Et
2797 2397 2997 2452 emittet
3030 2400 3088 2452 in
3111 2416 3279 2454 manu
3309 2401 3553 2458 hominis
3576 2410 3771 2474 parati
3802 2410 3864 2462 in

2209 2496 2454 2535 eremum
2487 2499 2498 2535 ε
2535 2483 2590 2537 id
2623 2488 2729 2550 est,
2762 2486 2989 2541 emittet
3025 2487 3082 2542 in
3131 2505 3392 2546 eremum
3427 2492 3484 2546 in
3537 2509 3715 2549 manu
3750 2497 3863 2551 ho-

2212 2569 2389 2625 minis
2408 2571 2476 2626 ad
2503 2571 2609 2626 hoc
2641 2576 2821 2643 parati
2847 2592 2858 2641 ;
2893 2576 2963 2630 de
2990 2575 3150 2632 hirco
3179 2579 3484 2636 emissario
3505 2582 3864 2654 loquebatur

2210 2675 2342 2713 cum
2377 2659 2486 2714 hoc
2524 2661 2739 2717 diceret
2771 2679 2782 2716 :
2820 2665 3144 2720 notandum
3193 2673 3280 2722 est
3311 2674 3506 2724 autem
3558 2676 3861 2743 quomodo

2212 2748 2365 2804 dicat
2395 2751 2718 2822 Scriptura,
2753 2754 2811 2806 in
2842 2770 3034 2809 manu.

2283 2839 2390 2909 [1b.
2424 2855 2563 2904 xvu,
2595 2839 2672 2913 3.]
2706 2843 2890 2911 Homo,
2926 2843 3084 2899 homo
3132 2846 3377 2916 ﬁliorum
3409 2847 3575 2904 lsrael
3609 2866 3621 2904 :
3657 2850 3718 2907 id
3749 2857 3862 2919 est,

2209 2942 2277 2982 ex
2307 2926 2443 2983 filiis
2474 2929 2648 2984 lsrael
2674 2947 2688 2985 :
2726 2930 2841 2986 ista
2879 2938 3072 2988 autem
3106 2935 3369 3004 repetitio
3395 2938 3722 3007 quemlibet
3753 2940 3862 2997 ho-

2211 3016 2427 3072 minem
2457 3017 2686 3073 videtur
2717 3019 3070 3091 significare,
3101 3022 3156 3077 id
3193 3029 3299 3091 est,
3334 3025 3431 3081 ille
3461 3032 3564 3082 aut
3593 3027 3713 3086 ille.

2279 3123 2388 3193 [1b.
2415 3140 2577 3191 xvm,
2603 3125 2682 3196 7.]
2720 3127 3131 3198 Turpitudinem
3161 3133 3336 3201 patris
3365 3133 3450 3187 tui
3477 3142 3525 3189 et
3553 3137 3862 3208 turpitudi-

2206 3227 2332 3265 nem
2359 3213 2554 3266 matris
2585 3223 2693 3268 tuae
2723 3230 2831 3269 non
2862 3217 3126 3272 reuelabis
3151 3236 3162 3273 :
3188 3218 3295 3274 hac
3325 3219 3616 3278 locutione
3647 3241 3864 3283 concu-

2208 3299 2394 3354 bitum
2424 3302 2607 3356 vetuit
2637 3319 2769 3357 cum
2803 3303 2895 3359 his
2926 3308 3209 3376 personis.

2279 3389 2384 3461 [1b.
2423 3392 2530 3461 14.]
2564 3393 2976 3462 Turpitudinem
3005 3396 3206 3467 fratris
3233 3402 3410 3470 patris
3439 3403 3546 3457 tui'
3568 3420 3681 3458 non
3710 3423 3862 3463 reve-

2208 3479 2372 3548 labis,
2407 3485 2457 3534 et
2497 3480 2574 3535 ad
2606 3497 2836 3537 uxorem
2884 3485 3002 3552 ejus
3049 3501 3156 3541 non
3207 3489 3465 3546 introibis
3499 3509 3511 3546 :
3541 3497 3860 3568 propinqua

2207 3571 2357 3624 enim
2387 3575 2481 3624 tua
2509 3575 2589 3625 est
2621 3586 2633 3624 :
2669 3579 2720 3626 et
2754 3574 2966 3643 posuit,
3003 3591 3104 3645 pro
3136 3576 3190 3630 id
3225 3582 3350 3644 est;
3394 3579 3541 3636 hanc
3571 3585 3727 3639 enim
3763 3587 3861 3640 di-

2208 3657 2285 3713 cit
2317 3659 2739 3728 turpitudinem
2787 3659 2981 3716 fratris
3034 3664 3214 3733 patris
3265 3667 3412 3735 cjus,
3446 3668 3500 3723 id
3535 3676 3643 3739 est,
3678 3677 3866 3746 turpi-

2209 3748 2472 3802 tudinem
2505 3748 2717 3818 patrui,
2744 3751 3016 3817 pudenda
3048 3753 3245 3810 uxoris
3274 3757 3487 3826 patrui.

2285 3836 2390 3904 [1b.
2422 3836 2535 3906 25.]
2570 3838 2630 3891 Et
2660 3837 2950 3894 exhorruit
2996 3843 3144 3896 terra
3169 3859 3256 3898 eos
3304 3847 3400 3916 qui
3429 3848 3672 3906 insident
3698 3869 3866 3925 super

2210 3941 2330 3980 eam
2360 3942 2377 3978 :
2410 3925 2464 3978 id
2495 3933 2604 3986 est,
2638 3927 2806 3981 sedes
2840 3926 3074 4000 habent,
3109 3933 3263 4003 quod
3296 3940 3384 3991 est
3413 3936 3696 3995 habitant.

2282 4033 2390 4103 [lb.
2415 4050 2532 4098 xxx,
2565 4034 2640 4100 9.]
2675 4035 2735 4088 Et
2762 4038 3191 4105 permetentibus
3244 4041 3390 4098 vobis
3438 4062 3662 4102 messem
3691 4055 3864 4109 terrae

2212 4127 2427 4190 vestrae,
2459 4139 2569 4178 non
2595 4124 2886 4194 perﬁcietis
2935 4141 3162 4183 messem
3209 4135 3441 4187 ιιεδιναητ
3469 4138 3599 4204 agr,-
3626 4140 3714 4193 ιηί
3737 4156 3864 4210 ραν,

2211 4221 2430 4267 metere.
2469 4211 2584 4268 Hoc
2615 4214 2766 4284 quod
2803 4231 2835 4269 a
2864 4214 3074 4286 plurali
3098 4219 3291 4291 cmpit,
3319 4225 3375 4276 et
3395 4223 3467 4278 ad
3499 4223 3862 4298 singularem

2215 4302 3166 4378 numerumterminavit,plerique
3183 4307 3347 4365 latini
3371 4311 3737 4387 interpretari
3763 4336 3868 4375 no-

2213 4391 2473 4455 luerunt,
2500 4392 2598 4446 sed
2625 4391 3049 4464 dixerunt,agri
3070 4399 3362 4467 vestri,ubi
3386 4401 3606 4458 dictum
3626 4410 3716 4461 est
3733 4411 3868 4477 agri

2216 4481 2316 4546 tui,
2350 4480 2517 4570 quasi
2545 4496 2791 4570 graecus
2843 4482 2947 4538 hoc
2979 4500 3091 4538 non
3149 4493 3348 4558 posset
3396 4491 3586 4548 dicere
3621 4511 3634 4549 :
3671 4499 3865 4570 magis

2215 4585 2350 4640 ergo
2380 4568 2595 4623 locutio
2625 4570 2879 4624 notanda
2912 4571 3019 4626 fuit
3051 4590 3227 4644 quam
3261 4580 3644 4637 emendanda.

2285 4676 2371 4745 [Ib
2424 4694 2514 4741 xx,
2545 4677 2653 4746 17.]
2679 4678 3021 4751 Quicumque
3039 4687 3308 4753 acceperit
3327 4703 3574 4744 sororem
3603 4708 3774 4748 suam
3797 4710 3870 4750 ea:

2211 4778 2372 4839 patre
2400 4783 2496 4822 suo
2526 4775 2626 4821 aut
2668 4783 2737 4821 ex
2765 4777 2938 4824 matre
2981 4787 3100 4836 sua,
3133 4777 3184 4826 et
3216 4774 3416 4831 viderit
3463 4781 3868 4851 turpitudinem

2214 4855 2352 4924 eius,
2382 4860 2431 4911 et
2465 4857 2579 4926 ipsa
2610 4855 2805 4911 viderit
2848 4859 3252 4931 turpitudinem
3290 4866 3429 4934 ejus,
3463 4871 3870 4938 turpitudinem

2214 4946 2416 5000 sororis
2471 4959 2589 5000 suae
2645 4944 2932 5018 revelavit,
2985 4960 3267 5019 peccatum
3321 4971 3487 5010 suum
3543 4961 3866 5031 accipient:

2216 5038 2516 5106 peccatum
2552 5034 2745 5105 posuit
2775 5052 2878 5106 pro
2910 5053 3078 5108 pmna
3109 5043 3350 5110 peccati.

2288 5141 2391 5210 [lb.
2419 5140 2534 5210 25.]
2569 5144 2632 5195 Et
2659 5142 3012 5213 segregabitis
3047 5151 3398 5221 vosmetipsos
3446 5153 3593 5209 inter
3619 5159 3867 5214 medium

2210 5247 2466 5302 pecorum
2484 5229 2833 5298 mundorum,
2849 5242 2899 5287 et
2921 5234 3068 5289 inter
3087 5237 3330 5293 medium
3350 5257 3603 5311 pecorum
3627 5246 3870 5304 immun-

2213 5321 2644 5385 dorum,etinter
2655 5321 2899 5376 medium
2909 5325 3199 5382 volucrum
3211 5329 3546 5386 mundorum
3566 5338 3617 5388 et
3629 5335 3868 5392 immun-

2215 5410 2429 5465 darum.
2463 5409 2820 5480 Segregabitis
2852 5417 3212 5486 vosmetipsos,
3246 5418 3412 5487 dixit,
3443 5423 3594 5477 inter
3620 5427 3866 5482 medium

2213 5498 2546 5554 mundorum
2575 5502 2623 5551 et
2671 5500 3099 5570 immundorum,
3152 5507 3429 5576 quoniam
3482 5520 3868 5585 segregantur

2216 5587 2432 5644 munda
2446 5587 2515 5642 ab
2531 5587 2972 5657 immundis,vel
2989 5609 3021 5646 a
3035 5596 3270 5652 mundis
3285 5596 3770 5660 immundaznova
3782 5609 3868 5662 est

2217 5677 2455 5735 omnino
2477 5675 2714 5733 locutio.
2731 5676 2900 5735 Aliud
2923 5686 3014 5737 est
3032 5683 3556 5760 enim,Segregabis
3579 5690 3735 5750 inter
3749 5711 3866 5752 me-
