4066 6346
192 185 313 249 529

189 409 266 463 tis
287 410 493 464 vestris
513 422 569 464 et
588 409 930 467 voluntariis
952 410 1243 477 vestris,et
1256 415 1549 476 caetera,ut
1567 413 1844 478 cmperat;

188 498 293 553 sed
326 513 537 569 neque,
566 499 818 571 Excepta
847 505 978 555 vota
1002 505 1215 565 vestra,
1239 504 1305 554 ut
1325 501 1398 555 ab
1428 500 1556 571 ipso
1578 498 1734 554 velut
1754 515 1847 553 so-

186 586 450 643 lmcismo
479 587 765 658 inciperet
794 607 809 657 ;
844 588 945 644 sed
978 604 1111 643 cum
1145 592 1307 659 prius
1330 593 1483 644 recte
1514 587 1732 641 usitata
1760 585 1844 641 lo-

186 677 424 732 cutione
454 675 722 743 dixisset,
746 700 773 727 «
800 676 1063 749 Exceptis
1094 677 1242 732 votis
1266 676 1510 743 vestris;
1537 698 1565 725 »
1591 693 1658 731 ea
1680 674 1842 730 dein-

183 766 257 820 de
288 765 558 836 adjunxit
590 781 693 836 per
735 766 919 820 alium
976 782 1205 831 casum,
1242 766 1339 820 ubi
1390 764 1694 821 subaudiri
1728 780 1842 818 non

185 854 398 927 possit,
432 876 452 904 ι
490 854 766 927 exceptis,
788 874 816 907 ιι
844 855 968 921 sed,
993 862 1269 925 excepta;
1306 855 1461 925 quod
1494 870 1609 908 non
1636 852 1844 907 admit-

179 944 254 999 tit
285 960 389 999 nec
420 959 607 1015 graeca
640 960 744 999 nec
778 943 959 998 latina
995 943 1231 998 locutio.

255 1033 361 1105 [lb.
397 1050 527 1112 xxx,
560 1034 638 1102 3.]
672 1057 698 1082 ‹‹
749 1034 950 1100 Homo,
1005 1033 1179 1088 homo
1222 1034 1577 1103 quicumque
1627 1030 1844 1086 voverit

180 1128 384 1177 votum
415 1122 700 1178 Domino:
740 1142 766 1173 ι
803 1139 906 1194 pro
934 1139 999 1178 eo
1032 1122 1186 1193 quod
1240 1126 1348 1187 est,
1399 1120 1593 1178 omnis
1642 1119 1837 1175 homo.

257 1211 363 1284 [Ib.
398 1212 475 1282 4.]
510 1233 537 1262 ‹‹
570 1212 713 1267 Cum
746 1217 939 1267 autem
994 1210 1205 1267 mulier
1234 1210 1453 1266 voverit
1488 1215 1688 1265 votum
1724 1210 1833 1264 Do-

182 1300 368 1364 mino,
428 1305 530 1357 aut
585 1301 878 1357 definierit
936 1301 1274 1356 definitione
1328 1303 1382 1354 in
1435 1300 1608 1355 domo
1657 1299 1840 1370 patris

178 1388 276 1447 sui
327 1390 384 1444 in
431 1390 737 1461 juventute
785 1406 914 1446 sua.
968 1412 995 1440 »
1056 1391 1156 1445 llic
1204 1389 1508 1444 mulierem
1561 1388 1836 1443 feminam

174 1478 323 1534 dicit
351 1478 582 1534 etiamsi
613 1480 774 1552 virgo
807 1478 905 1548 sit,
961 1496 1122 1535 more
1164 1480 1600 1550 Scripturarum
1637 1496 1649 1532 :
1685 1477 1838 1532 unde

172 1567 354 1624 etiam
382 1569 454 1624 de
482 1569 710 1625 Christo
732 1574 842 1636 est,
866 1570 1021 1640 quod
1056 1568 1137 1624 ait
1164 1567 1499 1641 Apostolus,
1535 1591 1559 1617 ιι
1596 1567 1836 1623 Factum

173 1673 248 1714 ex
280 1655 522 1714 muliere
558 1680 579 1706 ι
616 1657 814 1729 (ϐαιαι.
846 1658 1016 1729 ιν,4).

248 1745 357 1820 [lb.
392 1746 468 1818 4.]
501 1768 529 1795 ‹‹
562 1746 630 1802 Et
660 1745 911 1803 audierit
942 1755 1102 1817 pater
1134 1748 1260 1816 ejus
1297 1750 1427 1800 vota
1451 1745 1581 1816 ejus
1611 1749 1667 1799 et
1692 1744 1838 1798 defi-

171 1835 432 1892 nitiones
459 1836 610 1908 ejus,
643 1853 792 1908 quas
846 1835 1132 1891 deﬁnivit.
1194 1834 1574 1890 Deﬁnitiones
1626 1834 1833 1889 defini-

177 1923 282 1995 vit,
315 1946 344 1973 »
376 1924 590 1981 locutio
615 1928 722 1981 est.

243 2014 348 2083 [lb.
382 2015 458 2086 4.]
491 2037 517 2064 ‹‹
540 2014 809 2070 Deﬁnivit
839 2016 1122 2070 adversus
1156 2016 1414 2069 animam
1450 2030 1623 2068 suam
1662 2030 1675 2067 :
1713 2036 1741 2062 n
1774 2013 1830 2068 id

164 2107 280 2171 est,
312 2104 593 2160 adversus
623 2104 1038 2160 delectationes
1070 2102 1280 2159 animas
1314 2119 1456 2158 sua.

236 2192 350 2265 [lb.
384 2193 459 2265 4.]
497 2212 520 2241 α
556 2194 623 2248 Et
668 2193 918 2248 tacuerit
949 2198 1113 2264 pater
1155 2193 1306 2263 ejus,
1346 2196 1404 2247 et
1428 2193 1672 2248 stabunt
1704 2209 1830 2248 om-

160 2280 265 2337 nia
307 2286 439 2337 vota
492 2285 619 2354 ejus
652 2300 665 2338 :
701 2303 730 2331 ι)
763 2282 857 2337 hic
892 2280 1025 2354 plus
1057 2282 1249 2350 habet,
1281 2289 1370 2343 et;
1413 2298 1547 2337 nam
1604 2281 1832 2355 integer

158 2387 380 2428 sensus
401 2375 510 2443 est,
538 2394 561 2421 κ
593 2371 652 2427 Si
683 2371 936 2428 audierit
965 2376 1024 2426 et
1054 2371 1305 2427 tacuerit
1339 2376 1501 2443 pater
1536 2372 1685 2444 ejus,
1712 2378 1829 2429 sta-

162 2460 317 2516 bunt
345 2462 545 2517 omnia
573 2466 707 2516 vota
737 2461 885 2532 ejus.
924 2482 952 2510 ››

238 2549 347 2624 [lb.
382 2552 463 2621 7.]
487 2574 516 2601 ‹‹
542 2550 601 2605 Si
634 2554 828 2606 autem
856 2551 1010 2605 facta
1044 2550 1220 2605 fuerit
1248 2550 1371 2606 viro
1420 2567 1433 2607 :
1473 2572 1501 2599 »

166 2642 292 2705 tur,
327 2638 631 2710 nupserit;
664 2638 970 2711 Scriptura
999 2639 1083 2694 sic
1112 2638 1392 2711 loquitur.

246 2727 350 2794 [lb.
380 2728 465 2800 7.]
497 2750 525 2777 «
561 2728 631 2783 Et
655 2732 788 2783 vota
819 2728 945 2798 ejus
976 2744 1155 2800 super
1197 2744 1325 2783 eam
1380 2745 1392 2783 :
1447 2728 1819 2799 subauditur,

157 2832 229 2872 su
248 2821 338 2883 nt,
372 2817 526 2888 quod
559 2814 824 2871 nonnulli
852 2815 1200 2889 interpretes
1230 2817 1404 2872 etiam
1447 2818 1817 2875 addiderunt.

232 2905 345 2977 [lb.
383 2906 498 2976 13.]
528 2927 555 2956 ‹‹
592 2905 803 2960 Omnia
832 2922 1216 2977 quaecumque
1258 2906 1504 2961 exierint
1534 2924 1599 2961 ex
1650 2906 1819 2963 labiis

1548 2550 1823 2624 intelligi-

1575 187 1807 248 LIBER
1851 188 2246 259 QUARTUS.

188 333 383 389 graeca
408 323 708 387 esset,non
741 323 1032 376 notarem:
1061 337 1172 376 non
1192 320 1347 376 enim
1365 319 1743 390 ait,Exceptis
1760 336 1854 374 vo-

3498 189 3620 252 530

1966 320 2130 389 rique
2163 319 2327 374 latini
2360 321 2586 377 codices
2619 322 2702 378 sic
2726 322 2941 379 habent
2974 340 2985 378 :
3021 324 3121 379 sed
3151 323 3282 379 ideo
3315 322 3618 395 pluraliter

1968 408 2194 462 videtur
2228 408 2447 463 illatum
2483 417 2542 464 ut
2564 411 2801 478 diceret,
2837 434 2863 462 ‹‹
2887 412 3081 468 intulit
3098 429 3186 482 ea,
3214 435 3240 462 ››
3271 411 3410 484 quia
3429 413 3615 470 multa

1965 514 2102 553 vasa
2158 498 2392 554 fuerant
2445 500 2718 571 superius
2776 504 3253 572 commemorata,
3284 501 3344 556 in
3396 502 3612 573 quibus

1964 591 2090 641 erat
2122 586 2229 642 hoc
2260 604 2492 644 aurum.

2032 676 2137 746 [lb.
2170 694 2344 743 χχχιι,
2380 679 2456 748 1.]
2488 701 2515 728 ‹‹
2552 679 2618 732 Et
2662 696 2889 749 pecora,
2936 678 3254 736 multitudo
3306 683 3432 734 erat
3474 679 3612 736 ﬁliis

1962 765 2165 821 Ruben
2198 771 2253 821 et
2284 765 2422 823 tiliis
2447 767 2592 834 Gad,
2619 767 2934 824 multitudo
2953 768 3189 838 copiosa
3209 768 3413 824 valde:
3439 790 3467 818 »
3492 785 3606 825 non

1958 852 2125 919 dixit,
2151 858 2209 910 et
2240 872 2514 925 pecorum
2546 856 2859 912 multitudo
2888 860 3033 912 erat.

2032 943 2139 1013 [lb.
2175 944 2250 1014 1.]
2287 966 2314 993 «
2348 945 2415 999 Et
2446 944 2715 1001 viderunt
2737 945 3031 1018 regionem
3051 947 3213 1002 Jazer
3231 950 3283 1001 et
3305 946 3604 1019 regionem

1959 1031 2201 1098 Galaad,
2232 1036 2289 1088 et
2317 1040 2440 1088 erat
2473 1033 2654 1100 locus,
2690 1034 2852 1090 locus
2886 1034 3225 1107 pecoribus:
3262 1057 3289 1084 ››
3322 1051 3437 1091 non
3461 1036 3603 1106 jun-

1957 1122 2215 1193 gendum
2246 1126 2337 1178 est
2365 1123 2423 1178 in
2456 1122 2929 1194 pronuntiatione
2958 1125 3115 1195 quod
3146 1123 3236 1180 bis
3281 1124 3426 1180 dixit
3460 1144 3482 1173 ι
3516 1125 3604 1180 lo-

1959 1226 2102 1278 cus;
2138 1233 2163 1259 ››
2201 1212 2301 1266 sed
2336 1212 2954 1284 subdistinguendum,
2978 1234 3005 1261 ‹‹
3038 1218 3097 1268 et
3125 1217 3248 1268 erat
3278 1212 3512 1284 locus,»
3547 1218 3605 1269 et

1958 1299 2170 1355 deinde
2204 1300 2627 1371 inferendum,«
2666 1303 2830 1357 locus
2851 1300 3180 1374 pecoribus.
3200 1323 3227 1352 »ι
3247 1301 3423 1369 Quasi
3444 1302 3602 1358 enim

1953 1394 2389 1458 exspectaretur
2419 1390 2614 1461 qualis
2652 1390 2837 1457 locus,
2873 1390 2954 1445 ita
2992 1391 3259 1462 repetitio
3309 1391 3603 1465 eleganter

1950 1476 2112 1532 illata
2141 1482 2248 1534 est.

2024 1567 2128 1635 [lb.
2161 1571 2237 1636 2.]
2273 1590 2300 1618 ‹‹
2336 1569 2405 1623 Et
2443 1569 2823 1625 accendentes
2854 1569 2957 1625 ﬁlii
2989 1571 3191 1627 Ruben
3226 1574 3282 1626 et
3314 1570 3416 1625 Iilii
3448 1570 3593 1641 Gad,

1948 1652 2221 1711 dixerunt
2236 1658 2307 1711 ad
2324 1658 2555 1730 Moysen
2572 1663 2628 1713 et
2641 1657 2873 1714 Eleazar
2888 1660 3417 1727 sacerdotem,etad
3432 1659 3593 1732 prin-

1949 1744 1997 1799 ci
2009 1762 2108 1815 pes
2122 1748 2620 1819 synagogm,dicen
2632 1752 2717 1803 tes
2734 1766 2746 1802 :
2766 1770 2792 1797 ››
2818 1766 2931 1803 non
2955 1753 3043 1804 est
3063 1748 3179 1804 ista
3199 1748 3283 1804 vel
3308 1765 3492 1821 graeca
3505 1749 3591 1804 vel

1946 1833 2131 1890 latina
2150 1835 2418 1902 locutio,«
2441 1836 2712 1892 dixerunt
2734 1837 3049 1908 dicentes,»
3063 1839 3163 1895 sed
3185 1837 3416 1894 hebraaa
3435 1837 3591 1893 vide-

1946 1928 2065 1980 tur.
2944 1976 2947 1977 ν

2018 2014 2124 2082 [lb.
2155 2014 2230 2081 5.]
2266 2034 2286 2062 α
2324 2018 2500 2069 Detur
2528 2019 2684 2069 terra
2714 2015 2828 2072 ista
2852 2015 3091 2072 famulis
3121 2015 3241 2073 tuis
3270 2016 3326 2072 in
3359 2032 3590 2088 posses-

1942 2101 2167 2157 sionem
2196 2121 2208 2159 :
2234 2125 2260 2153 ››
2285 2102 2454 2174 quasi
2485 2104 2555 2159 de
2585 2104 2717 2161 aliis
2747 2104 2986 2174 diceret,
3013 2122 3143 2160 cum
3169 2105 3281 2161 sibi
3307 2109 3589 2177 peterent.

2015 2199 2119 2270 [lb.
2160 2200 2273 2271 12.]
2304 2223 2328 2249 ‹‹
2368 2200 2492 2255 Non
2528 2202 2681 2258 enim
2718 2202 2899 2258 secuti
2936 2206 3075 2259 sunt
3103 2206 3235 2275 post
3266 2208 3592 2274 me,praeter

1941 2285 2156 2343 Chaleb
2192 2287 2351 2343 ﬁlius
2382 2290 2662 2361 Jepbone.
2717 2313 2745 2340 »ι
2796 2291 3043 2348 Videtur
3072 2292 3264 2348 dicere
3294 2291 3586 2358 debuisse,

1941 2380 2148 2450 praeter
2175 2377 2388 2433 Chaleb
2422 2379 2609 2435 ﬁlium
2642 2381 2938 2454 Jepbone;
2973 2382 3074 2437 sed
3108 2381 3465 2437 nominative
3496 2381 3584 2435 in-

1937 2464 2093 2531 tulit,
2127 2466 2264 2538 quia
2299 2468 2615 2540 precessit,
2652 2490 2680 2520 «
2730 2471 2913 2526 secuti
2945 2474 3102 2526 sunt.
3157 2492 3183 2519 ››
3235 2471 3338 2527 Est
3384 2474 3581 2526 autem

1934 2554 2051 2611 ista
2083 2555 2302 2612 locutio
2333 2557 2507 2614 etiam
2540 2556 2747 2625 latina,
2776 2560 2878 2615 sed
2912 2576 3061 2615 rara.

2007 2644 2114 2714 [lb.
2146 2645 2257 2716 13.]
2294 2667 2321 2695 ‹‹
2361 2650 2548 2702 Donec
2579 2652 3022 2703 consumeretur
3063 2647 3256 2704 omnis
3285 2647 3582 2720 generatio

1933 2732 2211 2788 facientes
2245 2734 2499 2806 maligna
2530 2735 2587 2790 in
2621 2741 2935 2809 conspectu
2969 2736 3193 2793 Domini
3230 2755 3242 2793 :
3293 2759 3319 2785 ››
3351 2753 3465 2792 non
3498 2736 3581 2791 di-

1928 2821 2032 2887 xit,
2067 2822 2284 2878 faciens
2318 2824 2615 2897 maligna;
2651 2842 2859 2896 neque,
2912 2826 3251 2882 facientium
3301 2825 3578 2898 maligna.

2000 2912 2107 2982 [lb.
2150 2914 2257 2981 16.]
2294 2936 2319 2963 ‹‹
2354 2918 2420 2968 Et
2449 2918 2820 2971 accesserunt
2849 2914 2923 2983 ei,
2957 2920 3014 2971 et
3044 2915 3315 2971 dixerunt
3348 2934 3361 2971 :
3395 2937 3422 2966 ››
3458 2933 3571 2971 non

164 2994 295 3065 ejus
322 2994 646 3051 secundum
677 2999 809 3050 vota
830 2996 978 3065 ejus,
1002 2999 1058 3049 et
1091 2995 1412 3049 secundum
1448 2996 1817 3052 definitiones
1929 2999 2008 3054 ait
2042 3002 2198 3072 quod
2232 3002 2518 3059 usitatum
2550 3008 2659 3068 est,
2691 3008 3063 3060 accesserunt
3091 3004 3163 3059 ad
3190 3020 3347 3060 eum.

163 3100 293 3155 quae
321 3085 598 3140 adversus
626 3083 885 3139 animam
908 3084 1190 3154 ejus,non
1226 3088 1423 3138 manet
1453 3084 1524 3150 ei,
1549 3107 1576 3133 »
1594 3090 1650 3140 et
1680 3103 1811 3142 cum
1999 3089 2104 3158 [lb.
2128 3091 2244 3162 24.]
2265 3115 2291 3140 «
2322 3092 2389 3146 Et
2410 3092 2773 3147 aediﬁcabitis
2803 3093 2966 3148 vobis
2996 3092 3141 3165 ipsis
3172 3092 3434 3148 civitates
3467 3093 3576 3148 im-

156 3176 598 3245 exspectaretur
628 3190 914 3228 numerus
945 3172 1208 3244 pluralis,
1243 3177 1308 3228 ut
1354 3174 1592 3241 diceret,
1638 3198 1665 3225 «
1698 3193 1812 3232 non
1924 3178 2281 3249 pedimentis
2312 3180 2519 3235 vestris
2554 3199 2621 3234 :»
2655 3198 2721 3237 ac
2752 3182 2802 3237 si
2837 3181 3444 3253 diceret,a2diﬁcabitis
3474 3199 3575 3238 vo-

157 3266 402 3319 manent
430 3261 478 3317 ei
508 3283 522 3327 ς
570 3287 589 3314 ιι
653 3278 788 3317 nam
838 3262 918 3317 ita
952 3260 1218 3317 nonnulli
1248 3261 1613 3334 interpretati
1653 3274 1809 3337 sunt,
1926 3266 2018 3322 bis
2051 3268 2196 3339 ipsis
2227 3268 2489 3326 civitates
2524 3275 2759 3343 propter
2787 3270 3210 3343 impedimenta
3233 3275 3443 3328 vestra.

151 3352 410 3407 vitantes
441 3350 619 3407 istum
652 3350 820 3423 quasi
852 3350 1272 3407 solcecismum.
1997 3356 2101 3427 [lb.
2135 3358 2224 3425 26,
2259 3359 2374 3431 27.]
2400 3382 2426 3408 «
2458 3359 2878 3431 Impedimenta
2910 3365 3112 3416 nostra
3130 3364 3186 3415 et
3218 3377 3425 3417 uxores
3447 3378 3575 3417 nos-

225 3441 338 3513 [Ib.
376 3458 528 3504 xxxx,
556 3441 633 3511 4.]
656 3463 684 3490 ‹‹
719 3439 874 3495 Mille
907 3456 975 3495 ex
995 3440 1173 3508 tribu,
1200 3445 1257 3495 et
1278 3438 1436 3494 mille
1458 3457 1526 3495 ex
1558 3442 1810 3511 tribu,ex

152 3532 433 3587 omnibus
462 3531 739 3586 tribubus
764 3532 957 3589 Israel.
991 3531 1288 3604 Numquid
1322 3532 1634 3589 duodecies
1663 3535 1811 3591 dixit

154 3619 361 3676 mille?
394 3620 459 3675 Et
488 3624 685 3676 tamen
716 3620 985 3692 repetitio
1031 3621 1143 3676 ista
1193 3619 1462 3677 millenos
1493 3621 1805 3695 significat.

223 3710 333 3781 [lb.
366 3707 446 3783 8.]
478 3732 505 3759 «
540 3710 962 3765 Interfecerunt
1008 3709 1202 3781 gladio
1254 3726 1266 3763 :
1317 3732 1344 3759 »
1397 3711 1553 3780 quod
1597 3713 1810 3769 usitate

153 3799 464 3862 diceretur,
499 3799 921 3856 interfecerunt
950 3798 1166 3872 gladio.

224 3890 334 3962 [lb.
371 3888 481 3960 10.]
517 3911 543 3938 «
576 3889 645 3944 Et
674 3904 880 3944 omnes
909 3888 1172 3944 civitates
1199 3905 1423 3957 eorum,
1451 3907 1578 3963 qua;
1607 3890 1665 3946 in
1701 3891 1804 3948 ha-

154 3976 542 4034 bitationibus
571 3994 775 4033 eorum
811 3995 823 4033 :
860 4000 887 4027 ››
921 3978 1297 4048 subauditur,
1331 3984 1516 4035 erant.

223 4066 334 4139 [lb.
367 4068 478 4138 10.]
503 4090 530 4117 «
558 4068 627 4123 Et
656 4065 826 4124 villas
856 4083 1059 4123 eorum
1084 4068 1475 4123 succederunt
1504 4069 1562 4124 in
1595 4070 1714 4143 igni
1738 4087 1750 4124 :
1779 4093 1807 4120 »

151 4159 310 4229 quod
346 4157 559 4213 usitate
582 4156 897 4226 diceretur,
931 4158 1365 4213 succenderunt
1394 4157 1535 4230 igni.

225 4247 335 4317 [1b.
374 4248 503 4320 18.].
543 4269 570 4300 α
604 4251 670 4302 Et
701 4263 936 4303 omnem
990 4245 1422 4303 multitudinem
1468 4248 1806 4317 mulierum,

151 4351 283 4407 qua
328 4351 439 4390 non
492 4336 647 4391 novit
696 4335 1072 4390 concubitum
1130 4336 1401 4402 masculi,
1431 4336 1740 4394 vivificate.
1775 4362 1803 4389 ››

152 4429 455 4495 Nusquam
482 4424 700 4479 certius
741 4430 985 4496 apparet
1016 4424 1245 4480 bebraea
1274 4424 1561 4483 locutione
1600 4428 1806 4484 mulie-

150 4529 247 4569 res
273 4512 450 4568 etiam
484 4514 595 4569 dici
623 4513 879 4585 virgines
910 4513 1116 4569 solere.

223 4601 333 4674 [lb.
366 4602 437 4657 28
464 4607 522 4658 et
550 4603 665 4673 29.]
698 4625 724 4653 ‹‹
752 4603 821 4658 Et
850 4620 884 4658 a
931 4602 1181 4658 dimidia
1230 4609 1392 4676 parte
1421 4622 1622 4661 eorum
1655 4607 1803 4663 acci-

147 4690 346 4765 pietis,
380 4695 437 4748 et
464 4692 635 4748 dabis
657 4708 725 4747 ea
758 4690 991 4748 Eleazar
1035 4694 1323 4749 sacerdoti
1373 4693 1662 4766 primitias
1696 4696 1803 4752 Do-

148 4780 299 4837 mini
336 4797 347 4835 :
384 4806 406 4833 a
443 4798 558 4837 non
592 4780 755 4848 dixit,
792 4781 1029 4837 dabitis.

224 4871 332 4940 [lb.
365 4872 475 4943 35].
514 4894 541 4921 ι(
567 4872 633 4926 Et
662 4870 870 4926 animae
902 4871 1207 4928 hominum
1235 4890 1269 4929 a
1302 4873 1804 4948 mulieribus,quas

149 4976 269 5015 non
324 4966 719 5032 cognoverunt
766 4960 1143 5016 concubitum
1189 4962 1319 5028 viri,
1368 4963 1561 5018 omnis
1609 4965 1806 5020 anima

148 5050 269 5106 duo
317 5053 374 5105 et
417 5049 660 5123 triginta
702 5048 932 5105 millia:
971 5071 998 5098 υ
1030 5054 1087 5105 et
1133 5049 1228 5107 hic
1276 5052 1545 5125 superior
1588 5053 1804 5111 locutio

149 5139 500 5196 conﬁrmata
530 5143 639 5205 est,
675 5137 948 5195 mulieres
992 5138 1103 5194 dici
1146 5139 1321 5196 etiam
1373 5159 1500 5214 quae
1551 5160 1665 5200 non
1708 5162 1800 5201 co-

148 5234 480 5301 gnoverunt
510 5228 885 5284 concubitum
909 5227 1038 5298 viri,
1071 5227 1127 5281 id
1161 5234 1249 5283 est
1279 5229 1551 5302 virgines.

224 5319 333 5389 [Ib‘.
356 5318 470 5390 54.]
504 5340 529 5366 ‹‹
568 5319 628 5373 El
663 5317 885 5387 accepit
914 5319 1140 5390 Moyses
1171 5323 1227 5373 et
1259 5319 1490 5375 Eleazar
1530 5324 1803 5379 sacerdos

149 5423 363 5463 aurum
401 5424 433 5463 a
463 5406 796 5462 chiliarchis
828 5410 883 5462 et
928 5423 961 5460 a
1009 5408 1474 5477 centurionibus,
1519 5417 1575 5467 et
1608 5412 1803 5468 intulit

150 5514 219 5553 ea
248 5496 310 5552 in
344 5495 789 5552 tabernaculum
823 5495 1165 5551 testimonii.
1210 5496 1452 5554 Videtur
1481 5501 1672 5558 dicere
1701 5502 1801 5558 de-

152 5587 378 5655 buisse,
398 5591 456 5642 et
476 5584 674 5642 intulit
694 5586 839 5641 illud
868 5585 925 5640 in
958 5585 1398 5643 tabernaculum
1426 5592 1743 5648 testimonii
1785 5612 1800 5659 ;

154 5675 437 5751 quoniam
467 5691 677 5732 aurum
710 5681 1011 5747 acceptum
1040 5692 1168 5732 esse
1201 5678 1562 5751 praedixerat,
1595 5686 1653 5737 et
1683 5682 1803 5756 ple-

1924 3449 2024 3500 ιω
2057 3451 2115 3501 et
2144 3448 2342 3502 omnia
2374 3464 2580 3520 pecora
2603 3453 3003 3504 nostra-erunt
3025 3449 3080 3503 in
3105 3449 3437 3505 civitatibus
3460 3449 3574 3506 Ga-

1915 3525 2071 3601 laad,
2107 3536 2267 3607 pueri
2302 3544 2498 3593 autem
2532 3538 2617 3593 tui
2648 3538 2983 3594 transibunt
3007 3555 3213 3595 omnes
3253 3540 3464 3595 armati
3501 3563 3568 3606 ς»

1917 3641 2032 3679 non
2067 3625 2358 3691 dixerunt,
2394 3644 2499 3681 nos
2539 3631 2734 3682 autem
2787 3627 3172 3683 transibimus
3220 3645 3425 3685 omnes
3472 3646 3561 3685 ar-

1917 3713 2076 3783 mati,
2110 3716 2209 3769 sed
2243 3720 2525 3786 tanquam
2560 3717 2629 3771 de
2660 3715 2792 3771 aliis
2823 3716 3098 3773 dicerent.

1986 3802 2094 3875 [lb.
2118 3805 2229 3871 28.]
2257 3825 2281 3855 α
2308 3804 2375 3858 Et
2395 3804 2824 3861 commendavit
2853 3803 2937 3860 eis
2969 3805 3197 3878 Moyses
3219 3806 3450 3863 Eleazar
3471 3825 3561 3865 sa-

1914 3893 2205 3949 cerdotem
2233 3898 2290 3949 et
2316 3893 2519 3949 Jesum
2553 3893 2739 3949 filium
2770 3894 2945 3962 Nave,
2974 3898 3031 3951 et
3068 3895 3361 3968 principes
3395 3897 3563 3952 fami-

1915 3982 2128 4039 liarum
2162 3984 2421 4038 tribuum
2460 3984 2655 4039 Israel.
2700 3984 2822 4040 Non
2868 3984 2968 4053 ait,
3008 3987 3439 4042 commendavit
3465 4004 3565 4044 eos

1916 4070 2145 4144 Moyses
2176 4072 2412 4127 Eleazar
2440 4072 2750 4141 sacerdoti,
2786 4074 2939 4144 quod
2974 4073 3177 4146 utique
3214 4076 3354 4132 ordo
3404 4075 3564 4133 locu-

1916 4160 2092 4217 tionis
2128 4161 2352 4217 usitatae
2386 4162 2651 4235 exigebat
2687 4179 2699 4217 :
2736 4179 2837 4235 per
2884 4162 2990 4219 hos
3039 4163 3195 4219 enim
3244 4163 3563 4223 introducti

1914 4255 2055 4307 sunt
2085 4250 2141 4305 in
2177 4256 2417 4317 terram,
2470 4268 2647 4323 quam
2683 4252 2961 4323 petebant
3002 4269 3015 4307 :
3061 4253 3215 4309 unde
3264 4254 3449 4326 magis
3479 4255 3562 4311 illi

1913 4339 2043 4395 istis
2058 4358 2088 4394 a
2103 4340 2387 4412 quibusin
2399 4340 2937 4409 troducebantur,in
2952 4345 3165 4397 terram
3182 4342 3533 4415 postulatam
3546 4389 3561 4413 ,

1913 4447 2089 4501 quam
2120 4430 2215 4487 isti
2249 4430 2347 4502 qui
2392 4430 2859 4496 introducebant,
2893 4429 3009 4488 illis
3049 4449 3199 4503 quos
3229 4432 3561 4493 introduce-

1912 4520 2076 4585 bant,
2110 4519 2505 4575 commendati
2536 4520 2830 4576 videntur.

1984 4609 2090 4678 [lb.
2124 4609 2239 4680 30.]
2274 4632 2299 4658 (ι
2323 4608 2379 4663 Si
2414 4613 2608 4663 autem
2644 4625 2753 4663 non
2776 4608 3117 4688 transierint
3136 4612 3347 4668 armati
3369 4613 3561 4670 vobis-

1912 4715 2044 4753 cum
2078 4698 2133 4751 in
2168 4697 2386 4752 bellum
2422 4697 2479 4751 in
2522 4701 2837 4769 conspectu
2871 4696 3123 4764 Domini,
3158 4704 3215 4754 et
3246 4703 3563 4758 transferte

1910 4786 2333 4860 impedimenta
2362 4803 2564 4842 eorum
2601 4804 2613 4841 :
2653 4810 2673 4833 τι
2712 4784 2844 4857 plus
2877 4785 3073 4856 habet,
3105 4792 3180 4843 et.

1984 4877 2085 4949 [lb.
2123 4878 2239 4948 3].]
2271 4899 2298 4925 ‹‹
2336 4878 2400 4931 Et
2432 4876 2593 4931 dedit
2622 4875 2849 4948 Moyses
2882 4874 3016 4931 (iliis
3048 4876 3165 4931 Gad
3198 4880 3255 4933 et
3286 4877 3422 4936 ﬁliis
3445 4880 3557 4936 Ru-

1909 4966 2021 5021 ben
2058 4982 2071 5021 :
2106 4965 2237 5037 plus
2271 4964 2464 5033 habet,
2500 4988 2527 5014 ‹‹
2562 4964 2667 5020 eis.
2703 4985 2727 5013 η

1982 5054 2088 5125 [lb.
2124 5072 2321 5121 xxxm,
2350 5055 2458 5125 14.]
2490 5078 2516 5103 ‹‹
2553 5054 2618 5108 Et
2649 5070 2760 5109 non
2785 5052 2860 5108 ibi
2894 5059 3019 5109 erat
3048 5071 3199 5127 aqua
3229 5056 3445 5130 populo
3476 5059 3557 5115 bi-

1911 5143 2081 5201 bere:
2112 5168 2136 5191 »ι
2162 5160 2262 5216 pro
2293 5160 2358 5199 co
2390 5144 2543 5212 quod
2575 5146 2684 5211 est,
2717 5142 2785 5197 ad
2820 5142 3159 5199 bibendum.

1985 5235 2084 5301 [lb.
2122 5235 2283 5305 51.]‹‹
2308 5240 2560 5305 Loquere
2595 5232 2732 5286 {iliis
2765 5230 2958 5300 Israel,
2992 5236 3048 5287 et
3080 5233 3239 5290 dices
3268 5237 3337 5293 ad
3361 5254 3498 5295 eos:
3528 5261 3556 5288 ››

1910 5326 2175 5379 sufﬁcere
2207 5324 2456 5387 videtur,
2490 5344 2516 5370 ‹‹
2552 5321 2789 5393 loquere
2821 5320 2956 5376 ﬁliis
2982 5322 3175 5377 Israel.
3206 5348 3232 5372 η

1982 5414 2086 5485 [lb.
2119 5414 2234 5485 52.]
2266 5437 2289 5461 (ι
2324 5414 2393 5468 Et
2421 5411 2619 5467 omnia
2652 5409 2805 5464 idola
2832 5410 3032 5467 fusilia
3062 5427 3263 5470 eorum
3299 5417 3555 5489 perdetis

1909 5519 1975 5559 ea
2010 5521 2021 5559 :
2062 5526 2087 5551 ι)
2120 5502 2255 5574 plus
2286 5502 2480 5568 habet,
2518 5523 2544 5549 ‹‹
2577 5516 2662 5556 ea.
2702 5521 2729 5549 »

1981 5594 2089 5662 [lb.
2123 5610 2311 5663 xxx1v,
2342 5592 2418 5663 6].
2448 5614 2474 5641 (ι
2498 5590 2617 5646 Hoc
2646 5589 2755 5646 erit
2774 5590 2937 5647 vobis
2968 5592 3114 5650 fines
3148 5596 3358 5653 maris:
3383 5617 3413 5649 ι
3438 5616 3552 5655 non

1910 5682 2056 5739 dixit
2086 5682 2144 5738 hi
2174 5686 2348 5739 erunt
2375 5681 2558 5737 vobis.
