4066 6342
458 201 569 261 831
1222 206 1730 267 LOCUTIONUM
1780 208 1846 266 S.
1896 205 2321 267 AUGUSTINI
2369 204 2443 263 ΙΝ
2493 201 3132 263 HEPTATEUCHUM

562 334 645 388 Ib.
678 334 731 387 7.
768 356 793 384 «
829 335 895 389 Et
920 334 1029 389 hoc
1058 336 1169 391 erit
1200 337 1364 392 vobis
1400 338 1544 393 fines
1570 338 1640 393 ad
1676 338 2027 409 Aquilonem
2057 355 2069 391 :
2095 359 2121 386 ››

470 425 679 479 eadem
714 423 958 494 repetita
984 424 1199 479 locutio
1231 432 1336 479 est.

553 512 660 582 [1b.
694 529 858 577 xxxv,
899 512 977 585 3.]
1010 536 1035 561 ‹‹
1070 513 1133 567 Et
1164 520 1336 568 erunt
1366 514 1627 570 civitates
1659 518 1743 571 eis
1776 515 2040 571 habitare
2068 531 2080 570 :
2104 538 2130 563 ››

489 618 593 673 pro
624 618 689 655 eo
722 602 876 671 quod
909 602 1021 656 diei
1056 603 1222 666 solet,
1256 605 1325 658 ad
1359 603 1774 659 habitandum.

558 689 663 759 [1b.
700 690 809 759 11.]
845 711 870 741 ι
902 690 1146 761 Refugia
1177 698 1348 745 erunt
1381 693 1541 746 vobis
1576 694 1774 763 fugere
1813 692 1909 747 illo
1946 692 2133 747 homi-

481 778 680 833 cidam
719 797 730 832 :
768 800 795 826 »
828 780 981 848 quod
1018 780 1228 835 usitate
1276 780 1390 835 dici
1441 785 1651 852 potest,
1687 787 1750 836 ut
1799 782 1982 853 fugiat
2036 782 2134 835 illo

484 867 803 923 homicida.

3774 200 3893 259 532

2310 337 2417 407 [lb.
2455 336 2564 406 15.]
2590 358 2614 383 ‹‹
2644 336 2711 389 Et
2734 336 2933 388 incola:
2956 333 3055 403 qui
3089 333 3145 387 in
3186 332 3367 393 vobis,
3392 332 3517 387 istae
3539 331 3805 386 civitates
3832 332 3889 385 in

2244 427 2529 497 refugium
2566 442 2577 477 :
2608 447 2629 470 η
2657 424 2941 495 singulari
2970 439 3211 476 numero
3238 422 3490 491 positum
3534 427 3625 475 est
3661 444 3689 469 «
3736 422 3889 475 inco-

2242 515 2309 569 lae
2340 533 2352 581 ;
2384 537 2411 563 ι»
2436 515 2489 567 id
2526 518 2639 577 est,
2666 514 2799 567 huic
2836 510 3037 566 incola:
3071 511 3169 581 qui
3204 511 3260 564 in
3284 512 3445 565 vobis
3466 511 3750 580 quoniam
3784 512 3893 564 mi-

2248 621 2359 658 nus
2391 602 2589 667 habet,
2614 626 2638 651 (ι
2666 606 2787 655 est:
2816 618 2929 655 non
2956 600 3111 655 enim
3146 599 3243 663 ait,
3269 600 3366 670 qui
3394 600 3451 653 in
3482 598 3648 653 vobis
3678 604 3894 663 est,no-

2247 693 2481 747 tissima
2540 691 2855 759 locutione,
2904 690 3002 743 sed
3057 689 3274 743 rariore
3337 688 3394 741 in
3461 688 3665 758 lingua
3716 686 3898 742 latina

2249 798 2424 853 quam
2461 782 2516 835 in
2554 795 2759 851 graeca.

1674 1125 2050 1218 LIBER
2136 1122 2708 1233 QUINTUS.

1762 1307 2078 1356 Locutiones
2107 1305 2173 1355 de
2208 1303 2643 1355 Deuteronomio.

574 1588 839 1659 [Damam
865 1607 982 1661 cap.
1002 1608 1040 1657 ι,
1068 1592 1200 1661 vi]
1228 1614 1247 1639 σι
1276 1591 1471 1662 Usque
1493 1593 1564 1647 ad
1588 1593 1807 1647 flumen
1843 1610 2145 1665 magnum,

506 1677 721 1731 flumen
761 1678 1113 1749 Euphratem
1153 1696 1165 1732 :
1198 1702 1225 1728 ››
1259 1697 1371 1735 non
1403 1681 1568 1748 dixit,
1601 1698 1788 1752 usque
1816 1683 1885 1736 ad
1932 1682 2149 1737 flumen

508 1780 788 1835 magnum
826 1766 1199 1837 Euphratem.

584 1854 690 1921 [1b.
732 1856 835 1924 17.]
868 1878 895 1903 «
950 1856 1015 1909 Et
1037 1856 1325 1924 judicium
1362 1859 1513 1927 quod
1548 1858 1760 1913 durum
1796 1860 1971 1914 fuerit
2002 1877 2035 1914 a
2062 1877 2155 1914 vo-

512 1942 627 2010 bis,
687 1943 940 1999 aﬂ'eretis
969 1944 1110 1999 illud
1142 1946 1211 1999 ad
1244 1961 1336 2001 me
1368 1962 1381 2000 ε
1413 1964 1525 2001 non
1557 1948 1718 2015 dixit,
1752 1950 1906 2019 quod
1940 1950 2155 2003 durum

518 2029 692 2085 fuerit
720 2032 906 2102 vobis,
939 2034 1064 2098 sed,
1098 2057 1123 2083 «
1159 2052 1192 2089 a
1221 2035 1382 2089 vobis
1410 2053 1423 2101 ;
1459 2058 1485 2083 ››
1520 2036 1574 2089 id
1599 2041 1706 2103 est,
1744 2038 1817 2091 ita
1852 2038 2160 2104 durum,ut

518 2136 551 2173 a
583 2122 745 2176 vobis
769 2122 1023 2190 judicari
1057 2139 1170 2177 non
1204 2124 1408 2194 possit.

586 2209 910 2281 [Ib.35.]«Si
925 2210 1140 2266 videbit
1160 2212 1375 2284 aliquis
1396 2214 1646 2268 virorum
1669 2214 1914 2268 istorum
1942 2220 2155 2269 terram

515 2299 797 2369 Optimam
832 2298 1001 2364 hanc,
1037 2317 1211 2369 quam
1238 2303 1428 2371 juravi
1464 2303 1725 2372 patribus
1754 2319 1978 2371 eorum,
2013 2320 2157 2373 pra:-

513 2390 604 2441 ter
632 2386 845 2441 Cbaleb
879 2388 1035 2442 ﬁlius
1063 2390 1345 2459 Jephone,
1372 2390 1463 2444 hic
1492 2391 1708 2445 videbit
1739 2408 1865 2445 eam
1902 2409 1914 2445 :
1953 2414 1973 2439 ι
2011 2398 2069 2445 et
2098 2393 2156 2446 in

514 2474 660 2530 libro
678 2475 1064 2530 Numerorum
1090 2478 1265 2531 istam
1289 2477 1639 2532 locutionem
1660 2479 2161 2549 notavimus,quia

515 2579 629 2617 non
653 2563 1261 2635 dixit,praeterChaleb
1279 2566 1461 2619 tilium
1478 2566 1925 2637 Jephone;sed,«
1944 2568 2157 2622 ﬁlius.»

587 2660 693 2728 [1b.
716 2678 778 2729 ιι,
802 2662 881 2731 7.]
920 2682 946 2713 ι
971 2662 1250 2717 Dominus
1272 2664 1426 2717 enim
1460 2668 1609 2718 Deus
1648 2670 1835 2719 vester
1866 2665 2161 2719 benedixit

516 2754 573 2804 te
602 2749 662 2804 in
696 2751 856 2804 omni
889 2768 1059 2821 opere
1082 2768 1365 2807 manuum
1397 2758 1633 2808 tuarum
1672 2770 1684 2808 :
1718 2771 1829 2809 non
1863 2755 1960 2819 ait,
1988 2756 2157 2808 bene-

518 2838 663 2893 dixit
693 2855 792 2893 vos
832 2840 889 2893 in
923 2841 1079 2894 omni
1116 2856 1286 2911 opere
1320 2858 1598 2896 manuum
1644 2848 1991 2909 vestrarum,
2026 2860 2158 2897 cum

520 2927 902 2998 praadixisset,
938 2949 966 2977 ‹‹
996 2932 1205 2996 vester,
1244 2951 1269 2977 ››
1304 2946 1417 2983 non
1451 2935 1607 2984 tuus.

594 3016 695 3080 [lb.
718 3016 833 3087 24.]
852 3038 879 3065 ‹‹
906 3017 1069 3071 Nunc
1091 3035 1226 3085 ergo
1250 3020 1555 3089 surgite,et
1576 3025 1929 3090 promovete,
1955 3026 2010 3076 et
2034 3038 2158 3093 per-

518 3106 766 3159 transite
796 3122 896 3159 vos
924 3105 1131 3161 vallem
1164 3111 1350 3162 Arnou
1384 3126 1395 3175 ;
1427 3125 1555 3163 ecce
1583 3110 1793 3164 tradidi
1840 3110 1897 3164 in
1951 3128 2163 3165 manus

518 3198 652 3248 tuas
699 3200 845 3248 Seon
899 3210 1090 3265 regem
1142 3196 1365 3250 Esebon
1402 3213 1411 3250 :
1449 3218 1477 3246 ››
1512 3214 1621 3251 non
1659 3198 1820 3268 dixit,
1854 3199 1910 3253 in
1954 3215 2164 3254 manus

518 3286 761 3349 vestras,
796 3283 894 3336 sed
930 3300 962 3336 a
994 3283 1201 3353 plurali
1236 3285 1305 3337 ad
1340 3284 1694 3355 singularem
1729 3288 1980 3342 transiit.

592 3370 704 3437 [1b.
738 3388 810 3435 IV,
835 3371 915 3441 7.]
950 3392 977 3421 ‹‹
1024 3373 1309 3436 Quoniam
1345 3390 1469 3443 qua:
1503 3380 1591 3428 est
1621 3391 1763 3445 gens
1805 3392 2038 3445 magna,
2072 3379 2164 3432 cui

523 3466 611 3513 est
642 3459 692 3513 ei
724 3458 877 3514 Deus
900 3461 1257 3531 appropians
1280 3460 1396 3516 illis
1428 3479 1441 3516 :
1479 3485 1505 3511 »
1539 3465 1653 3518 duo
1676 3470 1815 3519 sunt
1838 3466 1930 3519 hic
1962 3472 2167 3520 notan-

522 3548 598 3601 da
628 3564 641 3613 ;
674 3546 758 3601 vel
791 3548 942 3618 quod
976 3548 1078 3612 ait,
1102 3551 1196 3604 cui
1226 3556 1312 3604 est
1335 3551 1406 3612 ei.
1436 3573 1455 3599 ι
1488 3551 1573 3606 vel
1606 3554 1755 3623 quod
1796 3571 1907 3608 non
1944 3556 2043 3623 ait,
2068 3572 2169 3626 ap-

524 3636 800 3707 propians
832 3636 937 3705 illi,
972 3638 1094 3705 sed,
1129 3662 1155 3687 ‹‹
1189 3639 1543 3710 appropians
1576 3640 1709 3696 illis.

596 3724 701 3794 [1b.
739 3724 848 3797 12.]
894 3748 921 3774 ‹‹
975 3725 1041 3779 Et
1089 3726 1537 3783 similitudinem
1588 3746 1701 3783 non
1764 3730 2013 3795 vidistis,
2074 3732 2172 3788 sed

529 3830 721 3868 vocem
758 3830 770 3867 :
810 3831 944 3869 cum
978 3832 1082 3869 vox
1116 3834 1230 3870 non
1257 3817 1440 3887 possit
1468 3818 1668 3886 videri,
1695 3820 1790 3873 sed
1826 3822 2175 3889 generaliter

529 3902 637 3957 hoc
668 3903 907 3958 verbum
943 3906 1156 3975 posuit,
1192 3911 1472 3977 tanquam
1519 3908 1587 3962 ad
1648 3924 1881 3963 omnem
1915 3910 2174 3981 corporis

530 4008 770 4046 sensum
805 3992 997 4047 videre
1030 3994 1332 4063 pertineat.

599 4080 769 4150 [lb.5
799 4086 857 4135 et
903 4082 1012 4149 14.]
1064 4106 1089 4129 ‹‹
1149 4084 1205 4136 In
1260 4100 1435 4153 quam
1486 4102 1585 4139 vos
1632 4085 2009 4156 ingredimini
2054 4087 2172 4158 illo,

529 4169 870 4224 haereditare
900 4187 1027 4224 eam
1064 4189 1075 4225 :
1116 4194 1142 4219 ››
1177 4172 1412 4241 plenum
1454 4178 1607 4228 esset
1657 4175 1880 4231 etiamsi
1926 4193 2039 4231 non
2075 4177 2174 4230 ad-

530 4259 719 4313 ditum
754 4265 927 4325 esset,
965 4282 991 4308 ‹‹
1026 4260 1141 4313 illo.
1176 4283 1201 4309 »

602 4348 707 4417 [1b.
743 4348 858 4417 20.]
895 4371 914 4395 ι
956 4350 1163 4403 Eduxit
1193 4368 1293 4405 vos
1326 4352 1396 4405 de
1431 4354 1663 4407 fornace
1706 4354 1890 4407 ferrea
1914 4369 1979 4407 ex
2013 4356 2177 4425 Aigy-

532 4441 629 4507 pto
664 4452 675 4490 :
714 4438 1001 4491 fornacem
1056 4441 1319 4505 ferream,
1356 4441 1562 4495 duram
1615 4441 2055 4495 tribulationem
2088 4442 2175 4496 in-

536 4525 717 4597 telligi
750 4527 931 4581 voluit
962 4545 974 4583 :
1006 4531 1331 4584 secundum
1366 4530 1474 4585 hoc
1500 4537 1556 4585 et
1595 4532 1664 4584 de
1703 4531 1917 4602 Joseph
1953 4533 2173 4586 dictum

535 4620 625 4670 est
652 4616 711 4670 in
746 4617 1056 4683 Psalmis,u
1080 4620 1315 4674 Ferrum
1341 4622 1677 4691 pertransiit
1707 4622 1962 4675 animam
1996 4624 2176 4691 ejus»

536 4705 706 4774 (Psal.
739 4723 851 4768 Civ,
887 4708 1009 4777 18).:

610 4796 713 4865 [lb.
746 4797 859 4869 22.]
888 4820 912 4845 η
936 4799 1003 4851 Et
1034 4816 1147 4852 non
1185 4804 1415 4853 transeo
1445 4800 1758 4854 Jordanem
1786 4800 1971 4867 hunc;
1997 4825 2014 4848 ι
2044 4818 2181 4871 qua-

536 4886 584 4939 si
617 4891 674 4939 et
706 4885 854 4940 alius
887 4886 961 4940 sit
992 4886 1266 4941 Jordanis
1301 4902 1312 4941 :
1348 4903 1415 4941 ex
1447 4888 1555 4941 hoc
1588 4888 1880 4944 locutione
1930 4890 2181 4945 arbitror

535 4990 685 5044 saepe
717 4974 827 5028 dici
863 4976 1039 5029 etiam
1074 4976 1227 5029 hunc
1263 4978 1571 5043 mundum,
1597 4978 1763 5047 quasi
1793 4978 1944 5033 alius
1976 4977 2070 5031 sit.

604 5070 707 5141 [1b.
740 5070 854 5141 ‘25.]
888 5094 913 5119 ‹‹
951 5070 1008 5125 Si
1044 5075 1235 5125 autem
1266 5073 1539 5142 genueris
1573 5073 1722 5129 ﬁlios
1753 5080 1809 5128 et
1850 5074 1999 5129 filios
2031 5074 2175 5131 tilio-

531 5176 660 5214 rum
694 5164 929 5213 tuorum
967 5176 977 5213 :
1036 5180 1063 5209 »
1109 5162 1361 5215 notenda
1410 5160 1623 5217 locutio
1656 5168 1764 5230 est,
1801 5163 1898 5218 ubi
1940 5168 1995 5218 et
2045 5181 2179 5219 avos

530 5251 773 5315 nepotes
805 5246 945 5299 dicit
975 5246 1231 5316 gignere.

601 5337 704 5400 [1b.
736 5336 850 5404 29].
891 5358 910 5383 α
952 5334 1012 5387 Et
1043 5337 1312 5404 qumretis
1358 5337 1435 5391 ibi
1480 5337 1789 5393 Dominum
1827 5339 2003 5393 Deum
2057 5357 2182 5394 ves-

532 5429 729 5490 trum;
766 5423 1071 5477 invenietis
1104 5441 1258 5489 eum,
1304 5429 1537 5496 quando
1582 5428 1898 5498 exquiretis
1949 5445 2080 5481 eum
2116 5445 2180 5483 ex

537 5517 656 5566 toto
688 5512 861 5565 corde
891 5523 1010 5575 tuo,
1043 5518 1098 5567 et.
1146 5530 1210 5567 ex
1256 5521 1369 5569 tota
1404 5522 1603 5570 unima
1636 5523 1737 5570 tua
1764 5519 1817 5569 in
1855 5516 2182 5571 tribulatio-

540 5618 611 5655 ne
636 5606 737 5653 tua
771 5617 784 5654 :
820 5622 846 5648 ››
880 5618 993 5655 non
1025 5602 1185 5669 dixit,
1222 5604 1277 5657 in
1312 5608 1429 5658 toto
1460 5607 1631 5659 corde
1665 5611 1875 5673 vestro,
1920 5609 1975 5659 et
2004 5606 2062 5659 in
2098 5612 2181 5661 to-

539 5694 599 5744 ta
628 5688 825 5744 anima
858 5694 1065 5757 vestra,
1103 5691 1153 5744 in
1189 5691 1567 5749 tribulatione
1596 5700 1805 5749 vestra.

2336 1591 2437 1657 [1b.
2471 1592 2637 1660 32.]u
2686 1590 3043 1660 Interrogata
3083 1589 3206 1644 dies
3244 1589 3485 1659 priores,
3533 1588 3631 1657 qui
3680 1578 3921 1642 fuerunt

2260 1682 2483 1752 priores
2517 1686 2569 1734 te
2599 1696 2610 1734 :
2653 1702 2672 1728 ι
2709 1696 2824 1733 non
2859 1680 3003 1747 dies,
3040 1682 3137 1733 sed
3171 1677 3437 1732 homines
3467 1676 3918 1748 intelligendum

2262 1775 2371 1825 est.
2398 1768 2683 1823 Similiter
2704 1774 2758 1822 et
2781 1767 2885 1822 hoc
2911 1768 3232 1821 notandum
3260 1768 3414 1837 quod
3432 1767 3607 1821 etiam
3646 1766 3921 1836 superius

2264 1874 2397 1913 cum
2427 1858 2654 1921 dixerit,
2685 1876 2705 1903 ι
2744 1858 3093 1925 interrogate
3125 1878 3151 1904 n
3174 1854 3534 1926 pluraliter,«
3560 1853 3783 1925 priores
3816 1859 3874 1908 te
3896 1877 3921 1903 η

2266 1946 2468 2001 intulit
2499 1945 2909 2017 singulariter;
2944 1962 3080 2009 non,
3117 1944 3339 2014 priores
3369 1944 3551 1997 vobis.

2340 2036 2445 2105 [lb.
2477 2036 2589 2103 34.]
2624 2058 2647 2083 ‹‹
2681 2035 2737 2087 Si
2768 2040 2825 2088 et
2852 2034 3095 2087 tentavit
3127 2033 3280 2087 Deus
3308 2033 3607 2102 ingressus
3652 2032 3922 2103 accipere

2267 2124 2378 2179 sibi
2410 2129 2640 2195 gentem
2664 2124 2736 2177 de
2754 2122 2945 2176 media
2967 2128 3171 2191 gente:
3198 2122 3459 2189 tentavit,
3483 2145 3502 2172 ι
3532 2138 3634 2191 pro
3666 2137 3734 2175 eo
3757 2121 3915 2192 quod

2268 2218 2357 2267 est
2384 2212 2588 2276 voluit,
2623 2212 2878 2281 positum
2914 2218 3022 2277 est,
3055 2218 3155 2265 aut
3188 2211 3326 2280 quid
3380 2210 3537 2265 aliud
3571 2227 3583 2264 :
3619 2211 3774 2280 quod
3809 2227 3915 2264 au-

2268 2304 2383 2355 tem
2417 2300 2516 2365 ait,
2550 2322 2577 2348 ‹‹
2614 2301 2684 2353 de
2725 2300 2915 2354 media
2954 2308 3143 2369 gente,
3185 2321 3204 2347 ι
3268 2299 3337 2353 de
3386 2298 3593 2353 mediis
3642 2298 3920 2369 gentibus

2267 2388 2712 2459 intelligendum
2743 2393 2851 2453 est,
2878 2387 3162 2458 singulari
3196 2387 3382 2456 posito
3416 2403 3515 2457 pro
3549 2384 3760 2456 plurali
3788 2403 3801 2451 ;
3844 2386 3925 2439 si-

2268 2484 2366 2531 cut
2396 2483 2743 2547 serpentem,
2780 2493 3005 2541 ranam,
3039 2481 3094 2530 et
3123 2475 3431 2544 locustam,
3484 2492 3585 2544 pro
3630 2476 3925 2545 serpenti-

2270 2566 2416 2631 bus;
2450 2568 2609 2620 ranis
2642 2571 2697 2618 et
2730 2564 2991 2630 locustis,
3024 2565 3309 2635 scriptum
3344 2563 3615 2634 legimus.

2342 2663 2445 2729 [lb.
2481 2664 2594 2731 34.]
2627 2686 2653 2711 «
2686 2663 3020 2716 Secundum
3066 2661 3263 2715 omnia
3294 2677 3417 2730 qua:
3463 2660 3595 2713 fecit
3628 2660 3918 2713 Dominus

2273 2755 2422 2805 Deus
2452 2757 2641 2805 vester
2689 2751 2747 2804 in
2792 2751 3030 2821 Egypto
3060 2766 3252 2805 coram
3304 2754 3357 2803 te
3391 2748 3622 2803 vidente
3660 2766 3672 2802 :
3708 2770 3736 2796 n
3773 2748 3919 2803 nihil

2272 2842 2472 2894 minus
2501 2845 2608 2907 est,
2640 2839 2745 2893 etsi
2782 2856 2893 2893 non
2931 2839 3201 2902 addatur,
3242 2860 3261 2884 ι
3297 2836 3545 2890 vidente.
3576 2857 3602 2884 n

2346 2930 2623 2997 [lb.v,5.]
2654 2952 2680 2976 «
2716 2928 2782 2981 Et
2820 2944 2925 2999 ego
2958 2928 3190 2981 stabum
3215 2928 3367 2981 inter
3389 2925 3701 2980 Dominum
3735 2930 3795 2979 et
3823 2942 3926 2979 vos

2271 3018 2329 3071 in
2362 3022 2621 3087 tempore
2674 3016 2794 3081 illo,
2830 3015 3178 3069 annuntiare
3224 3015 3388 3068 vobis
3432 3013 3606 3068 verba
3640 3013 3876 3067 Domini
3912 3033 3923 3079 ;

2274 3107 2551 3176 quoniam
2585 3106 2871 3159 timuistis
2902 3122 2934 3157 a
2965 3105 3108 3159 facie
3136 3104 3309 3175 ignis,
3340 3108 3396 3156 et
3427 3119 3540 3157 non
3574 3103 3926 3157 ascendistis

2272 3195 2332 3249 in
2366 3201 2648 3263 montem,
2674 3195 2893 3262 dicens,
2916 3195 3031 3264 Ego
3064 3210 3192 3247 sum
3222 3192 3503 3246 Dominus
3532 3191 3689 3245 Deus
3723 3198 3923 3256 tuus,»

2274 3289 2383 3339 etc.
2418 3307 2445 3333 ‹‹
2484 3285 2687 3338 Dicens
2720 3306 2747 3331 ››
2781 3282 2994 3348 posuit,
3030 3298 3151 3353 pro,
3184 3298 3315 3336 cum
3350 3280 3587 3334 diceret.

2347 3383 2454 3450 [1b.
2492 3384 2601 3454 14.]
2634 3405 2659 3430 ‹‹
2695 3383 2764 3436 Et
2794 3383 3015 3435 advena
3047 3380 3147 3451 qui
3178 3378 3379 3435 incolit
3416 3380 3472 3433 in
3506 3384 3562 3433 te
3597 3395 3609 3431 :
3650 3400 3678 3426 ››
3712 3380 3927 3449 populo

2278 3472 2499 3526 dictum
2546 3470 2947 3541 accipiendum
2994 3476 3101 3534 est,
3151 3485 3265 3523 non
3316 3468 3479 3538 quasi
3533 3468 3633 3521 uni
3682 3466 3926 3532 homini,

2279 3561 2418 3632 quia
2447 3560 2504 3614 in
2542 3558 2753 3631 populo
2782 3557 2983 3612 incolit
3012 3560 3253 3612 advena.

2350 3651 2453 3721 [1b.
2489 3649 2600 3718 15.]
2642 3669 2670 3695 ‹‹
2708 3650 2943 3719 Propter
2972 3646 3081 3701 hoc
3133 3646 3440 3701 constituit
3488 3646 3593 3699 tibi
3651 3648 3930 3702 Dominus

2283 3743 2432 3793 Deus
2466 3742 2626 3802 tuus,
2659 3740 2722 3791 ut
2753 3738 3023 3791 observes
3054 3736 3206 3790 diem
3242 3734 3488 3801 sabbati,
3522 3740 3579 3789 et
3608 3737 3931 3790 sanctiﬁca-

2282 3845 2341 3882 re
2373 3843 2505 3882 eum
2541 3844 2551 3880 :
2586 3826 2656 3892 si,
2695 3846 2721 3875 ι
2751 3830 2827 3889 et,
2857 3847 2882 3873 ››
2918 3841 3028 3879 non
3061 3824 3315 3891 haberet,
3345 3841 3453 3877 non
3488 3824 3792 3879 videretur
3814 3828 3935 3879 inu-

2284 3916 2454 3972 sitata
2486 3914 2723 3980 locutio,
2763 3934 2790 3966 α
2818 3918 2879 3967 ut
2905 3915 3174 3967 observes
3206 3913 3359 3967 diem
3392 3912 3619 3967 sabbati
3668 3915 3932 3968 sanctiﬁ-

2284 4022 2413 4059 care
2444 4020 2574 4058 eum
2613 4019 2625 4057 :
2660 4026 2679 4050 ι
2709 4006 2809 4057 aut
2840 4008 2991 4057 certe
3022 4002 3069 4056 si
3094 4002 3174 4055 ita
3204 4005 3450 4065 esset,ut
3471 4002 3744 4057 observes
3780 4004 3932 4057 diem

2284 4092 2512 4147 sabbati
2542 4091 2937 4147 etsanctiflces
2957 4107 3089 4145 eum
3118 4106 3130 4155 ;
3165 4094 3263 4145 aut
3286 4090 3749 4161 ita,propterhoc
3775 4108 3937 4146 cons-

2284 4181 2563 4236 tituittibi
2593 4180 2869 4236 Dominus
2883 4180 3184 4234 Deustuus
3208 4180 3514 4233 observare
3532 4179 3683 4233 diem
3708 4179 3936 4234 sabbati

2286 4278 2343 4326 et
2375 4272 2737 4325 sanctiﬁcare
2767 4286 2897 4324 eum
2924 4286 2935 4323 :
2964 4286 3119 4323 nunc
3148 4286 3300 4337 vero,
3321 4290 3348 4317 ‹‹
3384 4274 3447 4322 ut
3476 4268 3747 4323 observes
3783 4270 3937 4323 diem

2288 4360 2535 4423 sabbati,
2569 4364 2623 4414 et
2656 4359 3019 4413 sanctiﬁcare
3048 4374 3203 4427 eum,
3238 4377 3267 4409 ι
3308 4358 3593 4412 inusitata
3626 4362 3681 4411 et
3722 4363 3937 4412 notan-

2287 4452 2360 4504 da
2389 4449 2605 4503 locutio
2638 4453 2746 4502 est.

2359 4540 2464 4609 [1b.
2490 4556 2563 4599 vi,
2588 4537 2697 4605 13.]
2727 4557 2752 4586 α
2773 4537 3017 4590 Attende
3046 4536 3172 4603 tibi,
3201 4552 3271 4590 ne
3302 4535 3581 4589 dilatetur
3616 4551 3715 4589 cor
3746 4539 3937 4595 tuum,

2288 4635 2343 4683 et
2373 4627 2735 4683 obliviscaris
2773 4625 2995 4679 Domini
3034 4624 3128 4679 Dei
3159 4625 3241 4677 tui
3288 4640 3299 4677 :
3343 4645 3369 4673 ››
3404 4624 3727 4677 notandum
3764 4625 3937 4678 etiam

2288 4719 2344 4773 in
2381 4718 2532 4773 malo
2565 4717 2675 4771 dici
2710 4733 2879 4786 posse
2919 4716 3319 4770 dilatationem
3353 4716 3583 4781 cordis;
3620 4714 3935 4771 exsultatio

2288 4807 2502 4877 quippe
2534 4807 2589 4859 in
2617 4805 2957 4859 dilatatione
2982 4804 3445 4876 intelligitur,cui
3470 4804 3773 4858 contraria:
3801 4811 3935 4859 sunt

2289 4896 2595 4967 angustim,
2632 4895 2685 4947 id
2720 4899 2807 4947 est
2848 4893 3089 4948 tristitia
3138 4910 3150 4947 :
3209 4898 3527 4964 utrumque
3576 4898 3772 4947 autem
3841 4909 3939 4963 po-

2288 4991 2401 5039 test
2427 4990 2484 5038 et
2517 4985 2570 5035 in
2608 4983 2758 5036 bono
2792 4988 2849 5035 et
2881 4982 2936 5034 in
2972 4981 3124 5036 malo
3154 4981 3356 5052 accipi.

2360 5073 2468 5143 [1b.
2502 5072 2614 5139 20.]
2642 5094 2660 5118 α
2694 5070 2883 5125 Eterit
2913 5087 3045 5125 cum
3078 5069 3523 5140 interrogaverit
3545 5074 3596 5124 te
3624 5068 3781 5123 filius
3806 5075 3941 5123 tuus

2291 5179 2419 5217 cras
2448 5162 2648 5215 dicens
2686 5177 2697 5213 :
2738 5183 2756 5206 η
2794 5177 2921 5215 cras
2955 5159 3167 5230 posuit,
3212 5176 3311 5230 lro
3352 5160 3543 5213 futuro
3575 5174 3942 5230 quocumque

2290 5256 2572 5321 tempore.

2364 5341 2471 5413 [1b.
2497 5356 2596 5403 vn,
2624 5339 2694 5404 1.]
2718 5362 2742 5386 ‹‹
2770 5338 3000 5407 Septem
3054 5341 3255 5407 gentes
3282 5352 3525 5408 magnas
3553 5341 3608 5390 et
3632 5337 3879 5391 multas:
3912 5359 3934 5381 η

2293 5428 2585 5500 quomodo
2617 5443 2752 5496 ergo
2797 5425 3039 5491 multas,
3071 5425 3118 5480 si
3164 5433 3385 5497 septem
3410 5426 3437 5479 ?
3471 5427 3569 5480 sed
3606 5428 3825 5481 multas
3858 5427 3936 5480 di-

2292 5518 2375 5573 xit
2406 5516 2843 5571 multitudinem
2883 5515 3185 5570 habentes.

2364 5606 2719 5678 [lb.2.]uNon
2737 5604 3012 5672 dispones
3031 5604 3099 5657 ad
3116 5619 3213 5657 eos
3238 5608 3711 5671 testamentump
3726 5622 3853 5659 cum
3874 5606 3937 5657 de

2294 5694 2799 5767 gentibusdiceret
2817 5708 2829 5745 :
2848 5695 3265 5748 testamentum
3282 5708 3416 5764 ergo
3439 5710 3541 5764 pro
3564 5697 3731 5764 pacto
3753 5694 3939 5764 posuit
