2033 3173
136 103 198 134 5'33

174 169 228 205 [11).
245 172 262 199 3
275 177 301 200 et
315 173 353 209 4.]
368 185 382 199 ‹‹
401 175 435 202 Et
451 176 539 205 ﬁliam
551 179 616 214 ejus
628 189 685 207 non
702 190 800 209 sumes
816 182 874 209 lilio
890 186 959 212 tuo:

136 214 287 245 discedere
301 219 380 246 enim
396 220 482 248 faciet
498 222 591 251 filium
605 227 686 252 tuum
705 235 721 252 a
738 235 793 258 me,
811 230 838 253 vt
855 228 961 254 serviet

136 260 196 288 diis
215 261 290 297 aliis,
311 265 339 290 et
367 263 511 293 irascetur
537 267 739 305 indignatione
763 271 905 299 Dominus
931 271 960 299 in

135 312 187 332 vos
200 314 207 332 ι
220 316 234 329 ››
244 315 299 333 non
317 307 366 342 ait,
380 309 552 344 irascar,sed
569 316 708 349 tanquam
720 316 755 342 de
771 315 828 343 alio
841 316 958 344 diceret.

172 350 225 384 [11).
243 359 281 382 xx.
299 352 338 387 1.]
353 364 366 377 «
383 353 518 384 Civitates
535 366 655 392 magnas
673 362 701 386 et
718 363 850 387 moratas
867 369 960 396 usque

135 393 165 420 in
182 395 286 423 cmlum
302 404 307 424 :
328 408 338 421 ι
355 397 540 434 hyperbolice
555 402 677 430 dictum.

171 439 224 474 [11).
241 440 280 476 4.]
295 452 309 465 u
325 441 365 469 Ne
376 442 456 471 dicas
474 444 501 471 in
514 446 599 473 corde
611 449 671 482 tuo,
683 456 748 475 cum
766 458 957 485 consumpse-

135 482 176 510 rit
191 483 333 513 Dominus
360 487 434 515 Deus
459 491 528 516 tuus
552 494 654 526 gentes
677 492 750 520 istas
768 496 836 521 ante
855 494 957 521 faciem

134 530 228 560 tuam,
245 529 355 566 dicens,
374 531 494 568 Propter
513 535 646 568 justitias
670 545 750 566 meas
776 539 891 566 induxit
912 547 959 567 me

134 573 276 601 Dominus
301 575 470 604 hereditaro
483 581 589 607 terram
609 581 712 609 bonam
730 583 815 610 istam
830 591 836 611 :
854 595 865 609 ι
886 584 957 611 ordo

132 619 189 649 est,
208 628 221 641 «
239 620 278 646 Ne
294 619 374 648 dicas
388 620 415 648 in
433 623 518 650 corde
535 627 582 651 tuo
599 626 708 653 dicens.
727 639 739 650 ιι

169 662 222 697 [11).
238 663 295 699 28.]
320 676 333 689 ‹‹
350 665 390 693 Ne
415 668 533 701 quando
559 669 655 697 dicant
681 672 880 700 inhabitantes
896 675 953 700 ter-

132 714 206 739 ram,
224 708 299 736 unde
322 710 447 738 eduxisti
474 721 526 740 nos
550 714 634 741 inde:
663 728 675 739 υ
695 725 773 743 more
798 718 955 754 Scriptum

131 751 265 779 additum
282 756 336 789 est,
356 767 365 779 ι
385 756 459 784 inde.
479 768 490 781 ι)

169 796 222 830 [11).
239 806 277 831 ιι,
294 799 332 834 3,]
347 811 360 824 ι‹
372 801 440 832 Quae
450 803 514 829 fecit
526 804 661 832 virtutem
673 807 870 841 [Egyptiorum
883 816 889 835 :
901 808 955 835 hoc

131 839 305 876 interpretes
316 844 435 878 quidam
449 845 529 873 latini
543 856 639 875 minus
653 839 845 886 intelligentiae
855 851 955 879 nolue-

131 887 201 912 runt
216 886 310 915 dicere
322 889 464 924 virtutem,
478 892 526 918 sed
542 895 647 925 virtuti,
662 894 703 921 vel
716 897 869 930 acerrimi,-
882 904 953 932 quo-

130 929 210 956 niam
222 930 249 958 id
268 933 342 968 quod
361 934 400 961 ait
416 935 531 964 Graecus
549 935 674 972 Eductam,
692 940 823 966 nonnulli
843 941 952 968 exerci-

131 975 195 1001 tum
209 974 480 1007 intellexerunt.Sed
499 981 616 1017 elegans
627 983 733 1010 locutio
745 987 797 1013 est.
812 998 823 1007 «ι
837 985 903 1016 Qum
916 986 952 1012 fe-

127 1018 310 1048 citvirtutein
318 1030 418 1050 eorum
428 1033 433 1055 ;
444 1036 456 1048 ››
469 1025 688 1062 intelligendum
701 1032 744 1055 est
755 1030 823 1064 quid
835 1038 898 1057 eam
910 1030 952 1057 fe-

127 1062 184 1093 cit:
202 1065 339 1097 quoniam
356 1068 391 1094 ad
409 1068 479 1095 nihil
498 1078 561 1097 eam
586 1072 713 1107 redegit:
737 1062 785 1100 sed
804 1073 872 1109 quia
888 1074 950 1110 plu-

127 1106 228 1135 raliter
242 1109 352 1138 dictum
369 1115 422 1144 est,
440 1113 502 1140 ideo
518 1106 734 1144 subobscurum
753 1121 806 1145 est.

164 1152 216 1187 [11).
232 1154 272 1189 6.]
289 1167 301 1178 ιι
318 1156 394 1187 Quos
408 1158 541 1192 aperiens
558 1163 633 1187 terra
649 1170 681 1188 os
696 1170 781 1189 suum
798 1163 952 1199 deglutivit

124 1205 185 1230 eos,
203 1200 231 1225 et
245 1199 348 1227 domos
359 1209 470 1232 eorum,
488 1206 516 1230 et
527 1205 841 1235 tabernuculaeorum:
860 1219 874 1233 ››
885 1209 950 1236 due

124 1241 287 1270 locutiones
303 1244 349 1271 hic
366 1248 498 1274 notandis
512 1254 590 1281 sunt,
607 1252 683 1285 quod
701 1254 728 1278 ct
744 1253 877 1280 additum
894 1256 948 1288 est,

124 1293 179 1320 eos,
189 1294 255 1314 cum
269 1289 401 1316 sufiicere
411 1294 506 1325 posset
518 1295 593 1327 quod
603 1295 796 1330 aitsuperius,
812 1305 923 1332 «quos;
936 1309 945 1321 νι

125 1333 154 1358 et
164 1342 173 1354 α
186 1331 394 1361 domoseorum
405 1346 416 1358 η
430 1344 496 1363 cum
508 1337 772 1372 dixissci,addiditu
783 1331 950 1370 ettaberna-

124 1374 192 1402 cula
206 1384 317 1410 eorum,
330 1388 342 1403 »δ
358 1381 441 1414 quasi
454 1381 526 1408 alias
540 1382 565 1409 in
584 1392 679 1412 eromo
692 1385 830 1413 haberent
847 1387 948 1414 domos

126 1419 181 1446 nisi
193 1421 388 1451 tabernacula.
401 1425 453 1451 Sed
466 1427 604 1454 nimirum
613 1429 717 1455 domus
729 1430 848 1466 intelligi
858 1430 948 1458 voluit

125 1463 258 1493 homines
275 1467 308 1493 ad
327 1476 374 1495 eoe
392 1470 580 1505 pertinentes,
600 1473 674 1500 sicut
687 1475 740 1509 ipsi
759 1475 863 1510 populo
880 1475 948 1503 dici-

124 1510 182 1543 tur,
195 1521 207 1533 ‹‹
219 1509 251 1536 Et
262 1519 338 1539 nunc
350 1514 392 1547 tu,
405 1514 607 1543 domusJacob
620 1530 628 1540 υ
643 1519 715 1551 (Isai.
730 1528 758 1551 ll,
776 1509 812 1552 Si.
826 1520 947 1547 Necieta

123 1553 232 1581 locutio
248 1555 342 1584 aliena
359 1560 403 1584 est
418 1567 433 1585 a
451 1559 540 1587 latina
557 1561 675 1596 lingua:
695 1572 760 1590 num
778 1567 805 1591 ct
821 1565 945 1592 Romani

120 1597 191 1625 dicti
207 1602 276 1626 sunt
291 1601 395 1629 domus
420 1604 552 1632 Assaraci
569 1607 686 1640 (:I'Jneid.
712 1609 759 1635 ΙιἸ).
782 1610 804 1641 1,
829 1618 852 1636 υ.
869 1610 944 1646 284),

119 1643 198 1678 quod
215 1652 248 1671 ex
263 1646 403 1674 Assaraco
419 1648 544 1683 Trojano
560 1652 700 1687 originem
718 1654 867 1682 dueerent.

156 1687 210 1723 [lb.
228 1689 266 1722 7.]
283 1701 295 1714 τι
313 1692 454 1724 Quoniam
472 1694 565 1722 oculis
586 1697 674 1724 vestri
694 1698 825 1725 viderunt
844 1700 943 1727 omnia

117 1740 207 1768 opera
223 1733 337 1762 Domini
356 1745 472 1772 magna,
491 1748 553 1774 qua!
581 1741 646 1768 fecit
664 1742 690 1768 in
707 1744 788 1770 vobis
806 1744 909 1772 hodie:
928 1756 941 1769 »

116 1785 183 1804 cum
201 1778 235 1806 de
247 1778 293 1807 his
304 1781 441 1816 operibus
453 1784 570 1817 diceret,
586 1795 649 1821 qum
662 1796 712 1822 per
723 1796 853 1816 eremum
866 1789 942 1817 facta

114 1825 187 1850 sunt
213 1831 246 1851 eo
273 1827 402 1861 tempore
427 1837 484 1863 quo
510 1830 546 1856 ibi
573 1831 871 1861 circumducebantur
891 1842 942 1869 per

114 1868 311 1904 quadraginta
323 1879 415 1898 annos
431 1882 436 1905 ;
452 1876 546 1900 tamen
562 1887 574 1899 μ
588 1875 673 1902 hodie
689 1888 700 1900 ι)
713 1877 793 1910 dixit,
805 1879 882 1913 quod
896 1879 939 1906 in-

114 1911 206 1948 telligi
224 1913 314 1941 voluit
326 1915 379 1942 hoc
397 1918 536 1953 tempore,
550 1923 691 1955 quotquot
707 1922 743 1948 ibi
757 1911 849 1950 annos
865 1923 939 1951 idem

114 1958 233 1992 tempus
249 1958 355 1987 habere
372 1962 525 1996 potuisset.

150 2002 202 2034 [11).
219 2003 258 2038 9.]
276 2015 289 2027 ‹‹
303 2004 419 2033 Terram
435 2016 522 2042 quam
533 2009 644 2043 juravit
656 2011 795 2038 Dominus
808 2013 939 2047 patribus

114 2047 219 2074 vestris
235 2048 303 2076 dare
318 2049 370 2082 eis,
388 2051 553 2087 seminique
570 2061 667 2081 eorum
682 2059 746 2090 post
762 2065 828 2084 eos:
846 2068 860 2082 ››
877 2060 938 2085 tan-

113 2098 203 2126 quam
220 2092 338 2126 diceret,
356 2094 382 2121 id
406 2098 451 2123 est
467 2097 570 2124 semini
596 2108 696 2126 eorum
715 2104 779 2136 post
794 2110 862 2135 eos;
880 2110 936 2130 non

112 2135 192 2163 enim
209 2139 236 2164 et
252 2136 324 2172 ipsis
340 2139 430 2173 dedit,
442 2142 492 2168 sed
509 2142 549 2169 ita
567 2143 637 2177 ipsis
651 2135 740 2178 dedit,
753 2154 818 2173 cum
832 2147 937 2175 semini

111 2187 214 2207 eorum
231 2181 320 2210 dedit.

149 2224 200 2257 [1b.
219 2226 273 2261 13.]
292 2238 305 2252 «
336 2227 363 2255 Si
392 2231 489 2257 autem
520 2232 621 2259 auditu
653 2234 807 2262 audieritis
836 2236 936 2264 omnia

111 2269 252 2297 mandate.
266 2272 340 2305 ejus.
353 2282 416 2307 quas
429 2283 481 2310 ego
499 2277 604 2304 mando
620 2278 671 2304 tibi
686 2279 787 2311 hodie;
807 2280 934 2308 auditu»

109 2313 225 2341 videtur
235 2317 481 2354 superfluum,sed
494 2320 598 2348 locutio
610 2323 814 2358 estScripturer.
827 2328 935 2353 sanctis

111 2357 354 2389 familiarissima.

146 2403 200 2438 [11).
220 2404 272 2438 14.]
291 2417 303 2429 α
322 2406 356 2433 Et
367 2407 586 2444 dabitpluviam
599 2414 679 2439 terra:
692 2413 788 2440 tumin
805 2416 934 2449 tempore

109 2455 165 2475 suo
182 2450 360 2478 matutinum
377 2455 404 2479 et
419 2454 579 2482 serotinum
593 2458 611 2483 '.
631 2467 644 2480 η
661 2460 729 2484 Cum
756 2458 933 2486 matutinum

110 2493 228 2528 tempus
244 2494 306 2522 dies
329 2496 453 2531 dicatur,
476 2501 615 2534 numquid
633 2501 679 2528 hic
707 2502 827 2538 intelligi
845 2503 935 2531 voluit

110 2538 228 2573 tempus
244 2540 311 2566 anni
329 2541 480 2576 primum?
497 2544 662 2573 Scrotinum
675 2556 740 2574 vero
757 2549 855 2576 minus
871 2548 934 2576 lati-

109 2590 180 2609 num
197 2586 257 2617 est;
275 2586 324 2612 sed
343 2595 398 2613 non
424 2589 518 2623 potuit
541 2591 633 2625 magis
659 2594 774 2628 proprie
791 2594 825 2621 de
839 2602 933 2630 grmco

108 2626 243 2662 exprimi,
261 2630 337 2664 quod
365 2631 405 2658 illi
432 2632 650 2669 dicuntv’i'fecgmv
670 2640 765 2665 tamen
793 2639 878 2666 etiam
904 2639 933 2666 in

108 2671 200 2700 latina
217 2673 315 2709 lingua
331 2676 415 2712 vulgo
433 2679 571 2706 usitatum
594 2683 657 2713 est;
677 2685 707 2708 ut
729 2683 842 2710 dicatur
857 2692 933 2711 sero-

108 2715 214 2750 tinum,
233 2719 282 2745 sed
313 2721 388 2755 quod
419 2723 530 2750 tardius
560 2734 646 2759 quam
677 2730 809 2761 oporteat
826 2728 932 2756 factum

107 2763 172 2793 est;
190 2761 236 2789 hic
251 2771 317 2790 vero
329 2767 445 2801 tempus
462 2768 528 2794 ulmi
544 2770 639 2803 potius
656 2770 777 2805 intelligi
796 2772 895 2800 \‘uillit.

146 2806 198 2841 [1b.
220 2807 251 2833 15
265 2813 289 2835 et
308 2809 361 2844 16.]
378 2822 390 2833 ιι
420 2811 451 2837 Et
476 2821 541 2839 cum
573 2815 744 2849 comederis,
767 2820 794 2843 et
810 2818 934 2845 satiatus

109 2850 211 2882 fueris.
237 2853 354 2881 attende
370 2854 421 2882 tibi
439 2855 494 2892 ipsi
520 2866 555 2885 ne
571 2858 708 2886 dilatetur
731 2868 780 2887 cor
795 2863 890 2893 tuum.
907 2864 934 2889 et

143 2901 150 2917 ¹
167 2900 230 2926 Mss.
246 2901 365 2934 quinque
393 2903 435 2930 hic
451 2907 552 2932 tantum
575 2908 729 2934 matutinum
745 2911 770 2934 et
783 2910 933 2936 serotinum.

831 116 945 146 LIBER
967 115 1152 151 QUINTUS.

1786 112 1845 142 534

1017 181 1242 217 ρΓὲῺνΗΓῘεΟΙΠῘΠῘ
1260 185 1287 208 et
1299 181 1432 208 servietis
1448 181 1503 208 diis
1516 180 1591 208 aliis.
1604 192 1613 204 ι
1624 180 1689 208 Jam
1705 178 1842 215 superius

1018 226 1088 253 tales
1102 226 1173 252 locu:
1183 227 1261 253 ioncs
1274 226 1448 259 notavimus,
1460 226 1521 253 sive
1533 225 1610 261 quod
1622 233 1637 251 a
1649 224 1790 260 singulari
1803 224 1839 251 ad

1018 269 1157 305 pluralem
1175 272 1291 302 transit,
1309 270 1368 297 sive
1384 270 1459 306 quod
1477 270 1505 297 in
1519 269 1595 297 malo
1610 268 1702 296 voluit
1718 267 1840 303 intelligi

1017 314 1160 347 dilatetur,
1177 315 1226 342 ubi
1245 316 1359 343 noxiam
1375 315 1599 351 prosperitatem
1618 313 1803 349 signiﬁcavit.

1053 360 1105 393 [1b.
1123 360 1178 392 24.]
1196 371 1208 384 u-
1226 361 1259 387 Et
1283 360 1391 387 ﬂumen
1408 367 1547 395 magnum
1575 361 1682 386 ﬂumen
1709 358 1842 393 Euphra-

1016 407 1086 435 tem,
1106 416 1119 428 ›ι
1134 404 1320 440 repelitiones
1338 405 1399 432 ista:
1415 405 1528 432 usitatas
1540 406 1609 431 sunt
1625 404 1651 431 in
1669 403 1840 438 Scripturis,

1016 451 1044 476 et
1060 457 1119 476 rem
1137 449 1273 476 decenter
1287 449 1504 476 commendant.

1052 494 1104 528 [11).
1121 495 1176 527 25.]
1198 504 1209 518 ι
1226 494 1371 521 Timorem
1393 496 1523 520 vestrum
1548 495 1576 520 et
1591 495 1747 520 tremorem
1773 501 1839 520 ves-

1016 541 1093 565 trum
1110 539 1241 574 imponet
1258 538 1397 566 Dominus
1422 538 1498 565 Deus
1513 541 1608 565 vester
1630 545 1719 573 super
1734 537 1838 565 faciem

1014 583 1158 610 universae
1174 586 1275 610 terras:
1295 594 1308 607 ››
1327 591 1383 611 non
1399 583 1534 610 timorem
1557 584 1586 610 et
1608 585 1765 609 tremorem
1781 590 1839 618 quo

1014 627 1069 662 ipsi
1086 627 1191 655 timent
1207 631 1234 655 et
1249 630 1389 660 tremunt,
1407 627 1457 655 sed
1484 635 1541 663 quo
1556 627 1698 654 timentur
1711 628 1740 654 et
1767 626 1839 655 alios

1013 674 1137 699 tremere
1153 672 1276 700 faciunt.

1047 717 1100 751 [11).
1119 725 1169 749 xu,
1187 718 1242 752 17.]
1260 730 1271 742 (ι
1290 719 1352 744 Non
1370 716 1477 752 poteris
1498 716 1675 744 manducare
1692 716 1719 743 in
1735 716 1836 744 civita-

1011 761 1091 789 tibus
1116 762 1176 789 tuis
1200 761 1422 789 decimationem
1447 761 1588 788 frumenti
1615 760 1677 789 tui:
1702 772 1715 785 »
1736 768 1788 796 pro
1803 769 1836 789 eo

1011 806 1087 842 quod
1103 809 1157 840 est,
1174 815 1232 834 non
1249 806 1379 834 debebis.

1046 851 1099 886 [1b.
1116 859 1177 886 xm,
1197 851 1252 886 16.]
1268 863 1280 876 ‹‹
1297 852 1331 878 Et
1347 851 1485 878 incendes
1509 849 1654 878 civitatem
1670 850 1699 877 in
1722 849 1802 886 igni:
1820 861 1834 874 υ

1010 904 1062 923 nos
1080 895 1218 923 usitatius
1232 896 1406 930 diceremus,
1424 895 1496 931 igni.

1043 940 1097 976 [11).
1117 949 1173 972 xw,
1189 941 1246 975 24.]
1262 952 1275 965 ‹‹
1292 940 1319 967 Si
1335 943 1432 978 autem
1460 939 1545 975 longe
1560 939 1648 967 fuerit
1663 939 1710 967 vis
1721 947 1738 967 a
1753 941 1800 967 te:
1819 951 1833 963 ››

1008 993 1041 1011 ac
1056 985 1079 1012 si
1096 984 1215 1018 diceret,
1244 986 1330 1021 longe.
1345 985 1390 1011 via
1416 984 1521 1017 fuerit;
1539 983 1708 1012 adverbium
1736 984 1834 1019 posuit

1007 1037 1059 1064 pro
1075 1030 1202 1057 nomine.

1042 1074 1094 1109 [1b.
1111 1083 1156 1107 xv,
1172 1075 1212 1109 6.]
1229 1074 1289 1101 «Et
1302 1074 1446 1102 fenerabis
1461 1075 1562 1110 gentes
1574 1072 1692 1101 multas.
1712 1085 1725 1097 »ι
1742 1074 1829 1102 Fene-

1006 1119 1147 1146 rationem
1162 1119 1312 1154 Scriptura
1328 1118 1396 1146 dicit
1422 1120 1523 1146 mutuo
1548 1118 1646 1145 datam
1663 1118 1830 1154 pecuniam,

1005 1163 1120 1191 etiamsi
1138 1172 1232 1191 usurae
1244 1172 1301 1191 non
1318 1163 1500 1199 accipiantur
1512 1171 1518 1190 :
1532 1162 1609 1190 unde
1619 1164 1663 1190 est
1673 1164 1702 1190 et
1716 1162 1787 1190 illud
1800 1163 1829 1191 in

1005 1208 1132 1242 Psalmo,
1158 1220 1171 1234 «
1189 1209 1295 1237 Beatus
1320 1209 1369 1244 qui
1397 1208 1554 1236 miseretur
1576 1210 1604 1236 et
1624 1208 1790 1236 commodat
1815 1220 1828 1233 ››

1004 1253 1089 1289 (Psal.
1113 1262 1168 1287 cxx,
1195 1254 1234 1288 5).
1257 1253 1316 1281 Hoc
1342 1253 1420 1281 enim
1451 1253 1620 1280 maluerunt
1645 1252 1829 1289 interpretari

1004 1299 1107 1331 nostri,
1125 1299 1173 1334 qui
1186 1298 1360 1326 sententiam
1373 1298 1469 1334 potius
1478 1306 1567 1334 quam
1580 1297 1668 1325 verba
1680 1298 1830 1333 sequenda

1002 1345 1197 1379 putaverunt:
1215 1351 1284 1371 nam
1299 1343 1328 1371 in
1345 1351 1437 1379 graeco
1454 1340 1676 1377 habet'datvaitst,
1691 1343 1768 1378 quod
1784 1346 1829 1372 est

1002 1387 1160 1416 feneratur.

1037 1432 1090 1468 [1b.
1107 1433 1146 1468 6.]
1163 1444 1176 1458 ι(
1192 1433 1226 1461 Et
1241 1432 1451 1468 principaberis
1466 1431 1598 1468 gentium
1610 1432 1828 1467 multarum;tui

1000 1480 1098 1504 autem
1112 1486 1167 1505 non
1185 1477 1448 1513 principabuntur:
1468 1488 1478 1500 -
1491 1478 1631 1511 tanquam
1647 1477 1826 1510 diceret,tihi

1001 1529 1056 1548 non
1078 1521 1377 1554 dominabuntur,hoc
1391 1522 1435 1548 est
1451 1522 1552 1556 gentes
1565 1529 1571 1548 :
1584 1521 1730 1556 genitivus
1745 1522 1823 1549 enim

999 1574 1085 1593 casus
1101 1569 1146 1594 est
1161 1566 1319 1602 singularis
1331 1566 1420 1600 hujus
1437 1565 1619 1601 pronominis
1634 1566 1756 1601 quodait
1770 1567 1821 1602 tm',

998 1610 1083 1645 cujus
1100 1611 1214 1638 dativus
1230 1613 1275 1638 est
1290 1611 1363 1644 tibi;
1389 1618 1445 1637 non
1461 1609 1584 1645 pluralis
1609 1610 1820 1645 nominativus,

997 1655 1082 1690 cujus
1097 1655 1254 1691 genitivus,
1270 1657 1314 1683 est
1330 1657 1458 1682 tuorum.

1032 1701 1083 1735 [11).
1101 1702 1141 1736 7.]
1159 1714 1171 1726 ι‹
1189 1702 1218 1729 Si
1230 1704 1328 1729 autem
1345 1700 1469 1728 fueritin
1480 1702 1625 1736 teegenus
1636 1701 1664 1728 in
1682 1701 1820 1730 fratribus

995 1746 1054 1773 tuis
1067 1755 1093 1779 ;ι
1104 1754 1159 1774 non
1169 1746 1402 1779 unihomini,sed
1412 1746 1794 1782 populodicitur,ideointe.
1804 1759 1817 1771 ιι

1031 1792 1123 1826 [11).7,
1139 1793 1179 1827 8.]
1195 1804 1209 1817 ‹‹
1226 1792 1254 1819 Si
1271 1794 1369 1819 autem
1386 1791 1473 1819 fuerit
1493 1790 1523 1818 in
1540 1793 1569 1818 te
1588 1799 1698 1827 egenus
1713 1792 1742 1819 in
1759 1792 1818 1820 fra-

993 1836 1088 1864 tribus
1101 1836 1159 1864 tuis
1176 1837 1204 1864 in
1216 1846 1275 1864 una
1290 1836 1440 1864 civitatum
1454 1838 1583 1867 tuarum,
1595 1836 1623 1863 in
1642 1838 1719 1864 terra
1730 1845 1819 1872 quain

996 1881 1137 1909 Dominus
1153 1882 1229 1909 Deus
1244 1884 1312 1909 tuus
1324 1881 1374 1909 dat
1384 1881 1447 1913 tibi,
1464 1889 1521 1908 non
1533 1883 1646 1909 avertes
1657 1889 1708 1909 cor
1722 1884 1818 1916 tuum,

993 1934 1087 1962 neque
1097 1926 1281 1962 constringes
1292 1934 1412 1953 manum
1422 1927 1502 1953 tuam
1513 1933 1529 1952 a
1541 1925 1629 1953 fratre
1637 1928 1687 1953 tuo
1697 1929 1817 1962 egente:

992 1970 1127 2006 aperiens
1143 1970 1256 2006 aperies
1272 1978 1379 1997 manus
1395 1972 1461 1997 tuas
1476 1969 1513 2002 ei,
1531 1969 1616 1997 fenus
1631 1969 1777 1998 fenerabis
1793 1970 1818 1999 ei

992 2017 1265 2050 quantumcumque
1281 2013 1419 2050 postulat,
1436 2016 1464 2041 et
1484 2016 1627 2049 quantum
1644 2016 1718 2050 eget.
1737 2026 1750 2039 »
1766 2014 1818 2043 Hic

991 2061 1068 2086 certe
1087 2067 1153 2086 cum
1170 2067 1258 2094 opera
1273 2057 1480 2085 misericordia:
1504 2057 1662 2093 praecipiat,
1685 2066 1742 2086 non
1759 2059 1819 2086 uti-

990 2111 1045 2138 que
1056 2102 1383 2131 usurarum-crudelitas
1396 2102 1586 2138 suscipienda
1596 2105 1638 2130 est
1654 2112 1660 2131 :
1676 2103 1754 2131 unde
1764 2112 1815 2140 np-

990 2150 1072 2183 paret
1086 2147 1163 2183 quod
1179 2147 1230 2180 ait,
1248 2159 1260 2170 ‹‹
1279 2147 1362 2175 fenus
1378 2146 1523 2175 fenerabis
1538 2147 1576 2179 ei,
1594 2158 1607 2171 ιι
1624 2150 1726 2175 mutuo
1741 2148 1814 2176 dan-

989 2193 1059 2220 dum
1076 2193 1152 2228 quod
1172 2192 1341 2228 postularet,
1366 2191 1489 2228 intelligi
1505 2191 1643 2220 voluisse.
1664 2193 1744 2225 Quod
1761 2201 1812 2221 au-

988 2239 1045 2264 tem
1063 2237 1112 2271 ait,
1129 2248 1143 2262 ‹‹
1161 2237 1295 2273 aperiens
1311 2236 1423 2272 aperias
1448 2245 1555 2264 manus
1572 2238 1647 2272 tuas,
1666 2249 1677 2262 ι
1696 2237 1752 2265 tale
1767 2239 1812 2265 est

987 2283 1015 2308 et
1031 2281 1108 2316 quod
1124 2280 1268 2315 sequitur,
1285 2292 1297 2304 α
1313 2281 1396 2307 fenus
1408 2280 1563 2314 fenerabis,
1581 2292 1594 2304 ιι
1607 2281 1715 2309 usitata
1729 2280 1811 2309 locu-

986 2325 1026 2352 tio
1042 2327 1087 2352 est
1102 2325 1130 2351 in
1147 2324 1304 2360 Scripturis
1322 2324 1442 2351 sanctis.

1023 2370 1076 2404 [1b.
1090 2370 1145 2405 17.]
1161 2371 1231 2396 Cum
1248 2369 1283 2397 de
1300 2378 1368 2396 aure
1384 2369 1586 2405 pertundenda
1611 2369 1685 2397 servi
1700 2378 1810 2405 praece-

987 2414 1088 2450 pisset,
1105 2426 1118 2439 ‹‹
1137 2415 1171 2442 Et
1186 2413 1335 2448 ancillam,
1352 2425 1365 2438 »ι
1383 2413 1491 2450 inquit,
1506 2426 1515 2439 ι
1531 2415 1612 2442 tuam
1628 2414 1715 2442 facies
1731 2414 1810 2443 simi-

986 2460 1070 2487 liter:
1090 2472 1099 2483 ιι
1118 2460 1317 2487 accusativum
1343 2468 1393 2495 pro
1416 2459 1514 2487 dativo
1534 2467 1666 2495 ponens;
1683 2468 1741 2488 non
1758 2460 1809 2495 ait,

985 2504 1099 2532 ancilla:
1113 2506 1170 2531 tuna
1187 2504 1284 2537 facies,
1302 2504 1379 2540 quod
1396 2503 1551 2532 locutionis
1566 2505 1671 2532 nostra:
1686 2512 1808 2533 consue-

985 2549 1057 2576 tudo
1073 2548 1218 2584 poscebat.

1021 2594 1073 2630 [11).
1090 2595 1134 2622 21.
1153 2594 1159 2630 ]
1181 2607 1189 2618 -
1207 2594 1235 2621 Si
1247 2596 1344 2621 autem
1357 2593 1445 2621 fuerit
1459 2593 1487 2621 in
1500 2601 1532 2621 eo
1545 2593 1658 2629 vitium,
1670 2593 1807 2623 claudum

985 2642 1169 2671 autczecum,
1200 2637 1241 2666 vel
1268 2646 1354 2665 omne
1369 2637 1472 2665 vitium
1497 2637 1630 2665 malum:
1650 2649 1663 2662 ››
1688 2647 1745 2666 non
1757 2639 1808 2675 ait,

985 2683 1159 2711 claudicatio
1176 2686 1225 2710 aut
1240 2684 1364 2714 cmcitas,
1385 2683 1449 2718 ipsa
1465 2682 1543 2710 enim
1568 2685 1637 2710 sunt
1653 2682 1741 2717 vitia;
1757 2684 1808 2712 sed

989 2741 998 2752 α
1008 2728 1156 2761 claudum,
1164 2740 1173 2752 υ
1183 2731 1372 2761 etuczecum,»
1380 2728 1454 2762 quod
1463 2729 1532 2755 sunt
1541 2736 1595 2755 non
1604 2727 1674 2756 vitia
1682 2729 1742 2762 ;sed
1749 2729 1809 2757 ani-

986 2772 1076 2800 malia
1094 2781 1157 2808 quis
1171 2772 1279 2800 habent
1293 2772 1370 2800 vitia.
1384 2772 1441 2799 Hec
1458 2781 1574 2808 quoque
1591 2773 1750 2801 notandum
1765 2777 1810 2801 est

986 2818 1062 2853 quod
1074 2818 1125 2851 ait,
1144 2828 1158 2842 ‹‹
1172 2817 1276 2845 vitium
1302 2817 1424 2851 malum,
1443 2829 1455 2841 ιι
1478 2817 1561 2853 quasi
1578 2820 1675 2854 posset
1687 2827 1751 2846 esse
1767 2819 1809 2847 vi-

986 2863 1059 2890 tium
1075 2862 1194 2890 bonum.

1021 2908 1153 2943 [11).)ινι,
1172 2908 1210 2943 4.]
1227 2919 1240 2932 ‹‹
1267 2907 1301 2935 Et
1323 2916 1380 2935 non
1406 2907 1531 2934 dormiet
1555 2908 1591 2935 de
1612 2907 1760 2941 carnibus,
1777 2907 1812 2935 de
