4066 6346
484 219 601 279 535

488 350 704 423 quibus
731 350 1176 405 immolaveritis
1218 366 1455 419 vespere
1502 348 1593 403 die
1636 348 1822 419 primo
1855 365 2041 419 usque
2073 348 2127 400 in

490 458 701 497 mane:
736 464 764 489 »
798 457 900 512 pro
932 457 997 495 eo
1021 442 1173 511 quod
1208 446 1318 503 est,
1353 456 1463 494 non
1493 440 1817 493 remanebit
1847 455 1913 493 ea
1945 445 2131 507 nocte,

490 555 517 582 «
552 549 667 587 non
700 530 950 587 dormiet
983 554 1002 579 ι
1039 532 1257 586 dictum
1291 536 1396 586 est.

561 622 663 692 [11).
696 639 831 688 xvxi,
868 622 943 689 1.]
978 621 1151 675 «Non
1184 622 1388 676 offeres
1417 620 1655 675 Domino
1683 622 1793 674 Deo
1840 626 1940 673 tuo
1991 619 2134 672 vitu-

488 710 611 765 lum
643 709 729 765 vel
763 726 947 775 ovem,
980 710 1037 764 in
1072 726 1186 779 quo
1218 715 1306 764 est
1337 711 1393 764 in
1427 710 1555 779 ipso
1586 709 1788 763 vitium
1820 728 1830 763 :
1870 733 1894 755 ››
1922 708 2137 761 usitata

489 799 705 854 locutio
734 804 906 862 esset,
947 822 965 846 α
1003 800 1059 852 in
1094 816 1207 869 quo
1238 804 1327 853 est
1370 797 1570 852 vitium
1600 815 1612 865 ;
1650 819 1677 845 »
1711 798 1811 851 sed
1846 798 1955 852 ista
1985 797 2135 851 Scri-

494 888 682 959 pturis
714 892 800 941 est
820 888 1105 942 usitatior.

567 976 671 1044 {1b.
704 976 758 1028 :3.
795 975 809 1045 ]
844 998 869 1023 ‹‹
906 975 973 1028 Et
1004 974 1294 1045 lapidabis
1338 991 1436 1029 eos
1470 975 1525 1028 in
1576 974 1892 1045 lapidibus,
1927 978 1984 1028 et
2016 990 2135 1027 mo-

495 1064 753 1119 rientur:
792 1087 816 1111 ››
852 1064 1005 1133 quod
1038 1080 1106 1118 ex
1138 1069 1339 1117 nostra
1374 1063 1796 1117 consuetudine
1830 1064 2135 1127 diceretur,

495 1153 813 1225 lapidibus,
846 1169 959 1207 non
995 1176 1021 1203 «
1056 1153 1114 1207 in
1148 1152 1460 1224 lapidibus.
1500 1175 1528 1203 ι)

569 1242 674 1315 [11).
710 1244 819 1313 16.]
853 1266 879 1293 ‹‹
914 1242 1038 1297 Non
1082 1242 1495 1313 multiplicabit
1542 1242 1652 1297 sibi
1686 1258 1938 1313 equum:
1978 1266 2003 1289 ››
2039 1258 2139 1312 pro

498 1333 668 1404 equis
694 1332 782 1387 vel
808 1349 909 1404 pro
931 1332 1215 1403 equitatu,
1233 1356 1257 1381 ‹‹
1280 1348 1497 1402 equum
1522 1354 1547 1380 »
1565 1331 1757 1403 posuit
1782 1349 1795 1397 ;
1820 1332 1969 1387 unde
1996 1347 2138 1386 non-

498 1420 646 1477 nulli
677 1422 1005 1493 equitatum
1043 1446 1063 1469 »
1091 1421 1452 1493 interpretati
1484 1428 1642 1476 sunt.

573 1512 680 1581 [11).
716 1511 827 1580 15.]
862 1532 889 1560 «
920 1510 1043 1565 Non
1094 1511 1307 1581 poteris
1356 1511 1710 1565 constituere
1748 1526 1925 1581 super
1956 1514 2009 1563 te
2043 1509 2140 1563 ho-

504 1598 721 1654 minem
755 1597 1032 1664 alienum,
1068 1600 1206 1670 quia
1230 1616 1342 1653 non
1371 1607 1455 1653 est
1485 1600 1663 1654 frater
1684 1603 1859 1653 tuus:
1899 1597 2021 1653 Non
2050 1613 2145 1668 po-

502 1690 664 1755 teris,
698 1712 725 1738 ‹‹
770 1689 993 1744 dictum
1026 1694 1116 1744 est
1146 1706 1269 1759 pro,
1306 1706 1419 1743 non
1456 1688 1719 1744 debebis.

575 1778 674 1844 [11).
710 1793 869 1837 xvxxx.
906 1778 1016 1845 16.]
1053 1799 1080 1826 ‹‹
1109 1778 1440 1831 Secundum
1472 1777 1669 1832 omnia
1698 1793 1825 1844 quae
1863 1774 2080 1846 petiisti
2113 1790 2146 1828 a

500 1866 745 1922 Domino
782 1865 891 1920 Deo
913 1870 1014 1920 tuo
1046 1865 1103 1920 in
1138 1864 1427 1945 Horebhin
1459 1866 1551 1920 die
1583 1864 2031 1930 convocationis,
2058 1862 2141 1916 di-

502 1961 736 2013 centes:
771 1975 797 2006 ιι
834 1971 966 2009 cum
1001 1954 1211 2009 dixerit
1241 1955 1512 2027 superius
1534 1979 1554 2002 ι
1584 1955 1800 2026 petiisti
1832 1955 2141 2008 dicentes»

501 2045 774 2113 subjecit,
808 2061 945 2109 non,
979 2044 1201 2099 dicens.

574 2136 681 2208 [11).
713 2152 806 2203 xx,
843 2136 919 2205 4.]
958 2158 977 2183 ι
1013 2134 1298 2198 Quoniam
1331 2134 1616 2189 Dominus
1639 2138 1789 2189 Deus
1820 2132 2144 2204 noster,qui

499 2224 777 2299 praecedit
804 2224 1103 2279 vobiscum
1131 2240 1143 2279 :
1175 2244 1204 2273 ››
1237 2241 1352 2278 non
1384 2224 1528 2279 dixit
1558 2240 1679 2278 vos.

573 2314 681 2385 [11).
713 2330 850 2378 xxxx,
880 2313 960 2382 6.]
1010 2335 1037 2362 ί(
1072 2312 1133 2367 Si
1182 2313 1506 2368 occurreris
1556 2313 1693 2368 nido
1724 2312 1845 2367 avis
1896 2315 2031 2367 ante
2065 2311 2145 2365 fa-

503 2403 651 2458 ciem
682 2406 844 2456 tuam
876 2401 936 2454 in
967 2400 1078 2455 via.
1118 2424 1137 2449 ι
1176 2402 1509 2457 Notandum
1529 2402 1684 2473 quod
1722 2424 1742 2449 ι
1778 2400 2146 2455 occurreris»

504 2490 649 2546 dixit
678 2489 856 2545 etiam
890 2504 1003 2544 non
1035 2489 1382 2545 ambulanti.

577 2580 682 2651 [11).
715 2580 795 2649 8.]
828 2601 854 2629 ‹‹
888 2578 946 2633 Si
979 2583 1173 2634 autem
1214 2580 1590 2635 aedificaveris
1641 2581 1881 2635 domum
1916 2595 2145 2647 novam,

502 2669 684 2726 facies
759 2684 1035 2723 coronam
1122 2668 1332 2723 solario
1406 2674 1506 2724 tuo
1562 2714 1576 2739 ,
1637 2674 1693 2723 et
1778 2684 1893 2723 non
1974 2666 2148 2722 facies

500 2756 883 2814 homicidium
942 2756 999 2811 in
1059 2756 1229 2811 domo
1286 2760 1432 2826 tua,
1492 2757 1541 2811 si
1591 2757 1759 2812 cadat
1818 2756 1917 2827 qui
1975 2754 2145 2811 ceci-

504 2848 592 2903 dit
622 2847 693 2902 ab
727 2862 793 2901 eo
823 2862 835 2901 :
870 2868 899 2895 »
932 2846 988 2900 id
1021 2851 1126 2913 est,
1162 2864 1195 2901 a
1227 2846 1437 2901 solario
1469 2847 1633 2902 cadat
1656 2847 1754 2919 qui
1784 2845 2025 2911 cecidit;
2062 2844 2146 2897 ni-

507 2936 620 2992 mis
652 2934 933 2990 inusitata
964 2933 1180 2989 locutio
1207 2941 1313 2989 est.

578 3027 685 3101 [11).
712 3042 863 3094 xxiv,
896 3030 932 3080 2
958 3029 1007 3081 et
1037 3026 1113 3096 3.]
1146 3048 1173 3075 ‹‹
1209 3026 1273 3080 Et
1305 3025 1508 3081 abiens
1534 3025 1706 3081 fuerit
1737 3024 1857 3080 viro
1888 3022 2149 3087 alteri,et

507 3116 693 3173 oderit
721 3131 848 3171 eam
879 3114 966 3169 vir
999 3114 1374 3169 novissimus.
1408 3136 1436 3164 η
1464 3115 1793 3171 Notandum
1820 3132 1885 3169 ex
1917 3112 2146 3167 duobus

505 3204 885 3278 posteriorem
913 3203 1297 3258 novissimum
1324 3204 1433 3258 dici
1462 3222 1472 3258 :
1496 3203 1626 3258 talis
1655 3204 1867 3258 locutio
1894 3208 1981 3259 est
2002 3207 2057 3257 et
2089 3201 2143 3253 in

509 3293 1078 3365 Evangelio,quando
1103 3293 1381 3364 quarritur
1397 3310 1463 3347 ex
1482 3294 1711 3348 duobus
1727 3293 2000 3347 fratribus
2015 3293 2149 3363 quis

506 3400 706 3439 eorum
744 3381 940 3436 fecerit
996 3380 1347 3435 voluntatem
1411 3382 1611 3452 patris,
1655 3387 1712 3435 et
1767 3384 2150 3453 respondetur

506 3494 536 3522 ‹‹
570 3470 948 3540 novissimus,
985 3492 1010 3518 ››
1044 3486 1175 3525 cum
1224 3472 1335 3525 duo
1371 3470 1587 3525 fuerint
1634 3472 1854 3537 (Matth.
1890 3489 2003 3541 xxx,
2036 3473 2143 3541 31).

572 3571 677 3642 [11).
709 3571 789 3639 6.]
823 3592 847 3619 ‹‹
886 3574 1005 3625 Non
1030 3568 1365 3639 pignerabis
1393 3568 1628 3638 molam,
1665 3585 1854 3640 neque
1886 3574 2147 3642 superio-

500 3676 623 3717 rem
657 3659 913 3730 lapidem
949 3658 1135 3723 molas,
1171 3658 1310 3729 quia
1339 3658 1597 3713 animam
1644 3658 1752 3713 iste
1786 3659 2084 3729 pignerat:
2124 3686 2147 3709 ν

501 3766 605 3822 pro
636 3765 701 3804 eo
733 3749 889 3819 quod
923 3753 1034 3812 est,
1069 3747 1205 3817 quia
1236 3748 1492 3801 animam
1526 3746 1817 3819 pigneras,
1844 3750 1891 3802 si
1926 3749 2147 3804 feceris.

502 3838 720 3895 Deinde
761 3837 1084 3892 notandum
1144 3836 1403 3890 animam
1462 3836 1697 3904 dixisse,
1764 3856 1864 3909 pro
1912 3855 1976 3892 ea
2037 3841 2154 3893 vita

499 3943 678 3997 quam
712 3926 887 3981 habet
919 3925 1115 3980 anima
1138 3925 1196 3980 in
1230 3942 1469 3996 corpore
1496 3943 1507 3979 :
1543 3944 1609 3981 ex
1638 3944 1755 3997 qua
1785 3926 2075 3983 locutione
2099 3935 2152 3982 et

497 4014 644 4071 illud
690 4020 781 4070 est
826 4016 882 4068 in
944 4014 1276 4085 Evangelio,
1331 4037 1357 4065 «
1392 4016 1593 4070 Nonne
1651 4016 1847 4072 anima
1907 4016 2037 4087 plus
2067 4022 2156 4073 est

500 4121 674 4177 quam
707 4120 841 4159 esca
871 4104 1081 4171 (Matth.
1116 4121 1195 4171 vx,
1229 4107 1317 4174 25)
1340 4105 1365 4158 ?

572 4194 677 4264 [11).
708 4196 789 4262 7.]
824 4214 852 4241 ‹‹
884 4194 943 4247 Si
975 4199 1169 4247 autem
1227 4194 1698 4265 deprehendatur
1747 4196 1919 4250 homo
1954 4198 2154 4251 furans

507 4282 767 4337 animam
800 4297 868 4334 ex
915 4280 1191 4334 fratribus
1224 4281 1348 4334 suis
1399 4281 1534 4336 ﬁliis
1569 4282 1783 4337 Israel:
1820 4304 1847 4332 ››
1898 4282 2153 4338 animam

506 4388 609 4444 pro
639 4369 879 4425 homine
911 4369 1125 4440 posuit.
1179 4370 1441 4442 Denique
1489 4372 1772 4440 sequitur,
1820 4393 1839 4419 α
1873 4378 1929 4427 et
1959 4374 2156 4444 oppri-

507 4475 673 4515 mens
707 4474 839 4513 eum
888 4459 1251 4524 vendiderit;
1289 4481 1314 4506 η
1347 4477 1474 4530 qua:
1525 4476 1638 4515 non
1672 4462 1869 4516 minus
1903 4464 2158 4517 notanda

508 4553 597 4604 est
626 4546 878 4603 locutio:
935 4548 1119 4601 noluit
1166 4549 1322 4602 enim
1358 4548 1570 4613 dicere,
1620 4566 1771 4613 eam,
1816 4550 1967 4619 quod
2001 4556 2157 4605 esset

511 4636 702 4705 magis
736 4651 1120 4707 consequens,
1154 4636 1433 4705 quoniam
1475 4636 1730 4690 animam
1763 4638 2020 4703 dixerat;
2056 4640 2153 4692 sed

512 4747 540 4774 «
574 4740 731 4793 eum,
767 4746 793 4772 »
824 4723 881 4777 id
914 4727 1005 4778 est
1052 4723 1372 4789 hominem,
1420 4725 1476 4778 in
1533 4726 1701 4795 cujus
1732 4726 2157 4796 significatione

512 4814 737 4869 dixerat
766 4812 1045 4869 animam.

585 4902 693 4972 [Ι1).
732 4903 844 4971 1Ο.]
878 4924 905 4951 ‹‹
940 4902 996 4957 Si
1030 4901 1293 4956 debitum
1330 4903 1504 4957 fuerit
1534 4903 1591 4957 in
1639 4904 1899 4973 proximo
1934 4910 2030 4960 tuo
2062 4908 2159 4961 de-

512 4990 700 5047 bitum
734 4992 1189 5061 quodcumque:
1236 5013 1262 5039 »
1300 4992 1565 5062 repetitio
1614 4992 1771 5046 verbi
1807 4992 2157 5050 locutionem

513 5080 831 5135 notandam
867 5079 1021 5133 facit.

588 5170 694 5240 [11).
727 5185 855 5235 xxv,
887 5171 967 5237 7.]
1002 5192 1026 5216 ‹‹
1063 5168 1120 5223 Si
1154 5175 1347 5224 autem
1402 5168 1651 5225 noluerit
1700 5170 1870 5227 homo
1902 5172 2161 5243 accipere

518 5274 759 5313 uxorem
790 5258 985 5312 fratris
1017 5258 1127 5323 sui,
1162 5266 1217 5313 et
1249 5260 1523 5314 ascendet
1564 5260 1773 5314 mulier
1802 5262 1858 5315 in
1895 5268 2059 5332 porta
2091 5263 2156 5316 ad

518 5351 789 5405 senatum
826 5352 881 5399 et
904 5346 1074 5410 dicet,
1110 5348 1228 5403 Non
1254 5349 1377 5402 vult
1408 5351 1584 5404 frater
1607 5349 1712 5403 viri
1739 5351 1847 5404 mei
1883 5352 2163 5405 suscitare

521 5450 734 5491 nomen
770 5434 966 5488 fratris
997 5435 1087 5488 sui
1122 5436 1178 5489 in
1204 5436 1398 5501 Israel,
1430 5437 1616 5493 noluit
1640 5439 1816 5493 frater
1836 5439 1937 5493 viri
1975 5440 2107 5494 mei.
2135 5461 2161 5487 ν)

522 5523 798 5589 Quamvis
853 5524 1157 5579 verborum
1219 5527 1588 5597 repetitiones
1643 5534 1799 5582 amet
1845 5528 2163 5598 Scriptura,

524 5612 863 5667 inusitatior
890 5618 979 5667 est
1010 5618 1201 5670 tamen
1229 5617 1492 5684 repetitio
1525 5616 1644 5671 haec
1670 5634 1680 5671 τ
1713 5620 1810 5672 sed
1840 5618 2164 5687 elegantius

530 5701 780 5773 querelxe
811 5709 1065 5756 ostentat
1092 5707 1296 5757 affectu
1309 5722 1385 5758 m.

603 5788 707 5856 [11).
740 5806 911 5861 xxvxx,
943 5794 1053 5859 21.]
1092 5816 1112 5841 ι
1150 5792 1488 5851 Maledictus
1510 5796 1701 5851 omnis
1733 5797 1832 5867 qui
1865 5797 2168 5857 dormierit

1227 215 1737 279 LOCUTIONUM
1783 219 1847 275 S.
1899 214 2325 277 AUGUSTINI
2372 216 2449 275 ΙΝ
2498 217 3140 281 HEPTATEUCHUM

3766 221 3886 283 536

2245 363 2375 402 cum
2411 350 2565 402 omni
2618 367 2854 421 pecore:
2909 369 3011 422 pro
3042 369 3107 406 eo
3141 354 3294 423 quod
3348 358 3457 421 est,
3486 354 3887 409 concubuerit.

2246 436 2461 493 Deinde
2484 458 2509 488 α
2541 455 2673 493 cum
2709 440 2867 494 omni
2899 457 3124 511 pecore,
3160 464 3188 490 υ
3224 459 3324 513 pro
3358 458 3423 498 eo
3452 444 3605 513 quod
3639 449 3886 511 est,cum

2244 526 2503 597 quolibet
2541 544 2766 598 pecore.

2309 615 2416 685 [11).
2446 633 2644 683 xxvxxx,
2680 619 2789 688 48.]
2827 641 2852 667 «ι
2906 620 2965 673 Et
3016 620 3233 676 servies
3280 620 3534 675 inimicis
3566 620 3706 687 tuis,
3742 637 3887 693 quos

2240 704 2517 760 immittet
2544 708 2822 761 Dominus
2846 709 2995 762 Deus
3016 712 3434 780 tuussuperte.
3459 710 3691 764 Graecus
3716 709 3887 763 habet

2241 791 2574 868 λατρεύσεις,
2607 797 2705 850 ubi
2739 796 2957 853 latinus
2987 799 3406 870 interpretatus
3435 804 3543 868 est,
3570 822 3596 848 ‹‹
3632 800 3885 855 servies:

2242 883 2386 937 solet
2410 888 2599 937 autem
2635 884 2741 939 hoc
2775 887 3012 940 verbum
3045 886 3194 941 inea
3219 888 3431 941 virtute
3462 888 3765 959 Scriptura
3786 904 3882 959 po-

2242 988 2532 1045 nere,quaa
2556 974 2797 1029 debetur
2814 975 2927 1029 Deo
2951 993 2964 1041 ;
2986 976 3138 1030 unde
3158 975 3472 1031 idololatria
3491 976 3877 1047 appellantur,

2243 1061 2342 1131 qui
2375 1078 2441 1115 ea
2470 1064 2748 1118 servitute
2780 1063 2950 1117 idolis
2982 1063 3277 1119 serviunt:
3312 1080 3447 1135 ergo
3479 1065 3571 1119 hic
3606 1065 3888 1121 inusitate

2246 1150 2500 1220 pesitum
2533 1157 2617 1205 est
2651 1152 2757 1205 hoc
2803 1152 3059 1208 verbum.
3094 1155 3439 1225 Quanquam
3474 1155 3658 1225 possit
3706 1155 3887 1209 etiam

2244 1238 2401 1293 hunc
2432 1256 2672 1295 sensum
2705 1240 2938 1308 habere,
2974 1244 3125 1312 quod
3158 1247 3276 1297 tam
3309 1244 3559 1315 graviter
3587 1243 3775 1299 multa
3803 1245 3889 1299 di-

2244 1328 2412 1397 xerit,
2451 1334 2510 1383 ut
2540 1329 2795 1385 inimicis
2823 1331 2947 1386 suis
2979 1330 3227 1387 nimium
3252 1332 3729 1405 superbientibus
3762 1338 3891 1388 tan-

2248 1435 2422 1490 quam
2454 1418 2562 1474 diis
2594 1420 2841 1475 servisse
2874 1425 3178 1492 cogantur.

2318 1508 2424 1578 [1b.
2460 1508 2571 1578 149.]
2600 1532 2625 1556 ››
2648 1509 2890 1564 Gentem
2915 1512 3085 1579 cujus
3109 1528 3222 1565 non
3245 1511 3446 1566 audies
3464 1526 3660 1566 vocem
3679 1513 3842 1582 ejus:
3864 1535 3891 1563 ι»

2248 1600 2306 1651 et
2338 1596 2447 1652 hoc
2489 1599 2812 1652 notandum
2864 1603 2973 1664 est,
3019 1600 3174 1670 quod
3207 1604 3263 1655 et
3326 1619 3347 1647 ι
3382 1601 3551 1670 cujus
3583 1622 3609 1649 ››
3642 1600 3809 1667 dixit,
3841 1605 3897 1656 et

2249 1708 2277 1734 ‹‹
2310 1686 2459 1755 ejus,
2494 1708 2521 1734 »
2552 1686 2701 1741 sicut
2729 1687 2887 1758 loqui
2920 1688 3226 1759 Scriptura
3269 1689 3499 1756 solent;
3532 1696 3589 1745 et
3643 1690 3700 1744 in
3734 1691 3892 1761 quod

2250 1774 2351 1840 ait,
2386 1797 2413 1823 ‹‹
2448 1776 2616 1845 cujus
2647 1794 2761 1831 non
2793 1778 2995 1833 audies
3036 1794 3259 1845 vocem,
3292 1802 3319 1827 ››
3352 1796 3455 1850 pro
3500 1795 3566 1833 eo
3596 1780 3750 1850 quod
3782 1783 3893 1845 est,

2251 1864 2418 1933 cujus
2451 1863 2711 1935 linguam
2748 1882 2860 1921 non
2890 1866 3201 1938 intelliges.

2324 1952 2423 2022 [11).
2457 1954 2525 2007 54
2556 1961 2603 2008 et
2632 1954 2745 2023 55.]
2777 1978 2801 2003 ‹‹
2835 1955 3101 2011 Mollisin
3136 1962 3187 2011 te
3218 1960 3276 2011 et
3296 1960 3495 2011 tenera
3524 1956 3687 2013 valde
3721 1958 3894 2013 fasci-

2252 2040 2415 2096 nabit
2432 2041 2594 2097 oculo
2618 2060 2725 2098 suo
2746 2042 2984 2100 fratrem
3008 2061 3201 2105 suum.
3228 2050 3283 2100 et
3307 2061 3542 2101 uxorem
3570 2062 3695 2118 qua
3721 2052 3813 2101 est
3835 2047 3895 2102 in

2252 2129 2385 2185 sinu
2418 2132 2564 2199 ejus,
2593 2136 2649 2187 et
2669 2134 2767 2200 qui
2793 2133 3006 2204 reliqui
3033 2138 3171 2189 sunt
3193 2133 3296 2188 filii
3320 2134 3677 2206 quicumque
3708 2135 3896 2190 relicti

2254 2218 2470 2273 fuerint
2502 2219 2585 2274 illi
2612 2246 2625 2287 ;
2651 2222 2730 2277 ita
2753 2227 2817 2277 ut
2838 2223 2936 2278 det
2957 2222 3056 2277 uni
3079 2238 3147 2278 ex
3168 2222 3252 2279 eis
3279 2240 3311 2278 a
3336 2224 3610 2279 carnibus
3643 2223 3895 2279 filiorum

2254 2324 2494 2363 suorum
2519 2310 2589 2364 de
2610 2311 3081 2384 quibuscumque
3104 2312 3327 2381 edet,eo
3350 2313 3497 2382 quod
3525 2329 3639 2367 non
3662 2312 3900 2368 derelic-

2254 2401 2377 2450 tum
2404 2396 2480 2451 sit
2499 2398 2548 2452 ei
2574 2398 2895 2470 quidquam
2924 2400 2980 2454 in
3004 2402 3276 2474 angustia
3296 2400 3766 2472 ettribulatione,
3783 2418 3902 2472 qua

2254 2484 2621 2541 tribulabunt
2650 2492 2703 2542 te
2752 2488 2973 2544 inimici
3023 2490 3108 2545 tui
3157 2490 3215 2545 in
3260 2491 3535 2546 omnibus
3565 2490 3903 2546 civitatibus

2256 2573 2393 2628 tuis.
2421 2597 2449 2622 ››
2475 2575 2808 2631 Notandum
2831 2585 2917 2631 est
2940 2580 3436 2648 quemadmodum
3462 2578 3556 2634 hic
3576 2579 3799 2634 dictum
3824 2580 3905 2634 sit

2256 2685 2282 2711 ‹‹
2319 2664 2681 2730 fascinabit,»
2707 2682 2807 2737 pro
2830 2666 2985 2721 invid
3000 2668 3200 2738 ebit,et
3222 2673 3500 2740 tanquam
3523 2668 3596 2723 ah
3618 2667 3724 2723 hoc
3742 2669 3901 2723 dere-

2253 2751 2483 2818 licto,ut
2514 2770 2748 2809 necesse
2766 2754 2841 2810 sit
2861 2755 2911 2811 ei
2926 2756 3063 2811 dare
3086 2757 3156 2811 de
3170 2757 3447 2812 carnibus
3467 2756 3736 2823 filiorum,
3751 2774 3899 2828 quas

2253 2842 2409 2914 cogit
2431 2844 2746 2899 necessitas
2772 2844 2827 2899 in
2853 2846 3047 2901 cibum
3073 2848 3225 2902 sumi
3250 2865 3283 2901 a
3306 2846 3821 2919 parentibus.Nam
3844 2852 3899 2901 et

2250 2931 2580 2987 Proverbiis
2600 2932 2754 3003 quod
2774 2932 2936 2988 latini
2957 2934 3183 2990 codices
3201 2936 3435 3005 habent,
3455 2959 3481 2985 ‹‹
3498 2935 3621 2990 Non
3637 2934 3897 2990 ccsnabis

2252 3035 2383 3075 cum
2407 3020 2527 3076 viro
2548 3020 2740 3075 invido
2768 3046 2791 3068 ››
2809 3024 2989 3092 (Prov.
3010 3042 3169 3093 xxiii,
3186 3026 3505 3097 6);greecus
3526 3024 3723 3091 habet,
3740 3019 3895 3096 ἀνδρὶ

2256 3108 2523 3183 βασκάνῳ·
2562 3110 2821 3183 βάσκανος
2848 3118 3042 3168 autem
3077 3114 3334 3169 fascinus
3362 3113 3593 3168 dicitur.

2323 3210 2429 3280 [11).
2462 3210 2578 3279 63.]
2614 3233 2634 3258 ιι
2662 3210 2727 3264 Et
2747 3212 2855 3264 erit
2880 3213 3030 3266 sicut
3050 3212 3282 3267 laatatus
3302 3217 3390 3267 est
3410 3211 3694 3266 Dominus
3718 3210 3775 3265 in
3798 3227 3892 3265 vo-

2255 3299 2365 3367 bis,
2392 3301 2728 3355 benefacere
2756 3304 2919 3357 vobis
2953 3324 2979 3352 ››
3014 3302 3245 3358 Graecus
3273 3302 3466 3367 habet,
3500 3324 3528 3353 ‹‹
3559 3300 3897 3357 benefacere

2252 3407 2376 3457 vos,
2402 3414 2420 3437 ι
2447 3407 2549 3445 nec
2572 3390 2800 3445 videtur
2820 3408 2947 3446 esse
2962 3392 3165 3447 saltem
3188 3408 3373 3465 grxeca
3391 3391 3603 3446 locutio
3630 3409 3641 3445 :
3666 3407 3900 3445 accusa-

2254 3480 2405 3535 tivus
2429 3485 2623 3535 tamen
2644 3497 2743 3551 pro
2758 3481 2947 3535 dativo
2971 3482 3199 3553 positus
3219 3480 3591 3552 intelligitur;
3610 3479 3763 3534 unde
3783 3495 3901 3533 ma-

2254 3568 2491 3624 luerunt
2516 3569 2679 3623 latini
2701 3569 3045 3640 interpretes
3068 3569 3259 3625 dicere
3280 3570 3512 3636 «vobis,
3538 3592 3557 3616 ο
3576 3584 3753 3639 quam
3777 3583 3898 3621 vos.

2331 3662 2436 3732 ]lb.
2469 3678 2623 3726 xxxx,
2656 3662 2732 3731 2.]
2760 3683 2787 3711 «
2815 3661 2928 3716 Vos
2951 3661 3144 3716 vidisti
3176 3662 3372 3715 omnia
3396 3678 3523 3732 quas
3548 3660 3684 3715 fecit
3709 3658 3900 3714 Domi-

2258 3766 2369 3803 nus
2394 3748 2547 3803 Deus
2572 3754 2759 3803 vester
2780 3748 2837 3802 in
2869 3754 3024 3803 terra
3046 3748 3292 3821 Egypti,
3316 3765 3508 3803 coram
3543 3746 3725 3802 vobis.
3753 3746 3901 3800 Pha-

2259 3838 2421 3892 raoni
2446 3842 2503 3891 et
2519 3838 2703 3891 servis
2720 3839 2847 3908 ejus
2864 3838 3139 3893 omnibus
3155 3844 3214 3893 et
3234 3838 3392 3893 omni
3413 3842 3575 3891 terrm
3599 3836 3905 3899 illius,ten-

2258 3926 2509 3980 tationes
2546 3942 2808 3996 magnas,
2842 3943 2990 3997 quas
3012 3925 3280 3981 viderunt
3308 3924 3461 3980 oculi
3486 3924 3567 3979 tui
3595 3940 3607 3979 :
3646 3946 3673 3972 ››
3706 3930 3906 3979 notan-

2258 4016 2399 4070 dum
2430 4013 2561 4069 illas
2594 4014 2794 4085 plagas
2823 4017 2999 4071 etiam
3032 4039 3058 4064 ‹‹
3094 4014 3445 4070 tentationes
3480 4036 3508 4063 ››
3545 4012 3760 4068 vocari.

2331 4104 2435 4176 [11).
2472 4122 2603 4170 xxx,
2637 4105 2715 4173 4.]
2747 4127 2773 4153 ‹‹
2809 4104 2867 4159 Si
2921 4105 3095 4160 fuerit
3142 4104 3429 4176 dispersio
3478 4108 3579 4157 tua
3608 4118 3641 4156 a
3672 4119 3909 4158 summo

2260 4194 2383 4249 θα)ιί
2420 4210 2601 4262 usque
2632 4196 2699 4248 ad
2736 4211 3037 4249 summum
3084 4193 3234 4259 cmli,
3267 4194 3401 4248 inde
3449 4191 3828 4264 congregabit
3858 4200 3912 4247 te

2263 4288 2545 4343 Dominus
2580 4288 2732 4343 Deus
2756 4292 2910 4342 tuus.
2948 4310 2974 4336 ››
3010 4288 3219 4342 Mirum
3253 4288 3302 4341 si
3334 4302 3449 4341 non
3483 4285 3589 4339 hoc
3619 4284 3783 4351 dicit,
3824 4310 3843 4333 ι
3880 4304 3912 4339 a

2262 4394 2494 4433 summo
2527 4376 2651 4431 coeli
2687 4393 2874 4446 usque
2906 4378 2974 4431 ad
3008 4392 3310 4431 summum
3334 4374 3478 4442 caeli,
3513 4395 3542 4423 ››
3575 4374 3730 4445 quod
3764 4373 3913 4430 solet

2263 4465 2438 4519 etiam
2474 4465 2686 4532 dicere,
2722 4481 2755 4517 a
2784 4481 3019 4519 summo
3059 4469 3223 4518 terra:
3267 4479 3453 4535 usque
3482 4463 3553 4517 ad
3606 4478 3910 4517 summum

2263 4558 2465 4607 terrae:
2504 4555 2748 4607 fortasse
2780 4558 3082 4623 propterea
3125 4552 3266 4623 quia
3305 4551 3627 4606 secundum
3662 4551 3717 4605 id
3754 4552 3909 4623 quod

2264 4647 2320 4699 et
2350 4644 2460 4697 iste
2495 4660 2593 4697 aer
2621 4644 2831 4697 cmlum
2866 4642 3102 4709 dicitur,
3138 4642 3516 4713 conjungitur
3544 4647 3729 4696 terras.

2336 4731 2440 4801 [11).
2480 4732 2542 4783 12
2566 4736 2615 4783 (ἐ
2644 4733 2753 4799 1ῖῖ.]
2788 4754 2812 4779 ‹‹
2848 4730 2970 4785 Non
3004 4732 3063 4785 in
3096 4730 3237 4785 caelo
3266 4736 3373 4799 est,
3407 4728 3626 4796 dicens,
3650 4727 3793 4792 Quis
3820 4746 3910 4783 as-

2264 4820 2473 4875 cendet
2494 4820 2550 4874 in
2576 4819 2867 4889 cmlum,et
2888 4820 3134 4891 accipiet
3156 4819 3326 4875 nobis
3346 4818 3514 4887 illud,
3536 4822 3592 4872 et
3607 4816 3915 4873 audientes

2265 4908 2409 4963 illud
2437 4909 2718 4963 faciemus
2738 4910 2765 4963 ?
2787 4909 2986 4979 Neque
3007 4916 3167 4963 trans
3202 4924 3359 4961 mare
3391 4911 3500 4971 est,
3534 4906 3755 4969 dicens,
3784 4906 3913 4976 quis

2266 5002 2428 5052 trans
2463 4998 2697 5052 fretabit
2728 4998 2896 5053 nobis
2925 5002 3089 5052 trans
3119 5013 3299 5063 mare,
3347 5001 3405 5051 et
3453 4994 3693 5066 accipiet
3743 4995 3917 5050 nobis

2266 5087 2436 5155 illud,
2469 5092 2526 5140 et
2556 5087 2858 5141 audientes
2889 5088 3032 5141 illud
3069 5085 3397 5141 faciemus?
3426 5085 3627 5139 dicens
3658 5106 3685 5133 »ν
3722 5101 3825 5155 pro
3848 5101 3914 5140 eo

2269 5177 2464 5249 posuit
2494 5178 2644 5247 quod
2680 5181 2787 5247 est,
2822 5184 2886 5232 ut
2916 5178 3115 5233 dicas:
3150 5194 3295 5231 nova
3323 5176 3559 5232 locutio.

2342 5266 2448 5335 [11).
2482 5283 2635 5331 xxxx,
2683 5267 2763 5336 8.]
2797 5289 2822 5314 «
2860 5267 2925 5320 Et
2973 5266 3257 5320 Dominus
3298 5265 3395 5334 qui
3446 5264 3763 5319 comitatur
3808 5265 3912 5318 tibi

2270 5358 2486 5409 tecum.
2519 5376 2546 5404 »

2343 5443 2449 5513 [11).
2486 5443 2594 5513 16.]
2628 5466 2653 5491 ‹‹
2691 5444 2755 5497 Et
2783 5442 2927 5498 dixit
2956 5443 3240 5500 Dominus
3272 5443 3339 5497 ad
3392 5443 3649 5514 Moysen,
3676 5442 3819 5497 Ecce
3849 5448 3909 5498 tu

2271 5531 2524 5586 dormies
2555 5549 2689 5587 cum
2723 5533 2986 5603 patribus
3016 5534 3171 5590 tuis:
3206 5555 3235 5583 »
3260 5532 3369 5588 hoc
3398 5533 3568 5587 verbo
3601 5531 3729 5601 ejus
3766 5547 3914 5587 mor-

2271 5626 2384 5676 tem
2418 5622 2783 5691 signiﬁcavit.

2347 5712 2447 5775 [1b.
2480 5712 2593 5780 27.]
2627 5734 2652 5759 ‹‹
2690 5713 3088 5766 Amaricantes
3118 5713 3297 5767 eratis
3328 5728 3453 5783 quae
3498 5712 3569 5768 ad
3601 5710 3787 5768 Deum
3816 5728 3828 5765 :
3854 5710 3911 5764 id

2273 5805 2382 5871 est,
2414 5800 2824 5859 amaricabatis
2854 5818 2922 5859 ea
2949 5817 3074 5873 quae
3109 5801 3206 5859 Dei
3236 5805 3397 5859 sunt.
