3998 6348
184 210 299 270 545
810 197 911 257 DE
958 192 1497 266 SUBSEQUENTI
1546 191 2083 264 OU/ESTIONUM
2130 187 2387 252 OPERE
2434 197 2495 255 S.
2542 199 2995 261 AUGUSTINI.
3485 203 3604 263 διδ

187 337 576 411 metbapbora
605 335 677 390 ab
728 330 969 387 animali
1020 332 1090 386 ad
1124 325 1477 395 inanimalc;
1514 343 1625 381 non
1677 326 1832 381 enim
1945 327 2099 398 quod
2130 325 2396 381 nonnulli
2433 327 2792 400 interpretati
2814 340 2975 399 sunt,
2994 356 3022 384 «
3047 335 3412 406 obsidebant,
3448 360 3473 385 ››
3500 336 3599 391 sed

183 436 360 501 stupa
389 439 628 483 sensum
661 420 837 476 habet
862 419 1113 474 olfactus
1138 434 1151 471 :
1181 417 1281 472 sed
1311 418 1387 470 ita
1413 415 1635 469 dictum
1659 420 1839 484 ost,ac
1947 431 2170 486 graecus
2200 412 2453 483 ἐκάθητο,
2486 417 2594 473 hoc
2627 426 2717 475 est
2747 423 3006 489 sedebat,
3038 426 3176 495 quia
3204 424 3431 479 insidiae
3480 425 3602 480 sin-

185 518 233 574 si
276 517 590 580 diceretur,
623 526 756 564 cum
792 510 984 579 ignem
1018 504 1310 571 senserit;
1345 503 1615 574 quamvis
1648 509 1701 557 et
1730 503 1840 557 hoc
1953 503 2140 574 gulari
2179 522 2422 561 numero
2454 523 2639 577 grasce
2669 510 2967 579 dicuntur,
3019 530 3124 567 nec
3179 518 3367 583 potest
3423 513 3602 569 latine

189 605 347 679 quod
397 601 536 667 dixi,
572 598 845 660 senserit,
880 596 951 651 ad
982 596 1250 650 eamdem
1283 592 1682 663 metaphoram
1718 608 1843 661 per-
1950 594 2064 648 dici
2095 594 2308 649 insidia
2335 612 2348 650 :
2384 595 2599 652 locutio
2630 606 2823 655 autem
2860 604 3117 657 notanda
3149 610 3291 672 erat,
3323 604 3463 675 quia
3485 605 3603 658 dic-

188 697 395 759 tineat,
449 690 550 747 sed
591 690 660 743 ad
711 686 1065 742 celeritatem
1106 682 1554 755 intelligendam
1593 681 1843 756 pertinet
1951 692 2077 741 tum
2111 690 2219 751 est,
2252 707 2281 735 «
2316 685 2548 743 insidiae
2579 691 2884 760 sodebant,
2920 713 2947 741 »
2985 710 3087 764 pro
3121 693 3192 747 iis
3226 694 3327 764 qui
3361 694 3605 748 insidia-

189 784 346 858 quod
372 781 592 837 dictum
621 781 730 846 est,
765 797 793 825 α
827 774 1141 831 olefecerit.
1168 794 1197 822 »
1952 775 2206 842 bantur;
2239 772 2352 845 ipsi
2386 775 2540 830 enim
2576 780 2876 834 sedebant.

259 874 368 944 (Ib.
402 871 512 937 15.)
546 887 569 916 ι
605 871 668 920 Et
696 864 956 921 extendit
986 878 1228 918 manum
1281 876 1471 926 suam,
1504 864 1563 915 et
1621 858 1847 930 accepit
2023 863 2130 929 (Ib.
2167 863 2281 930 10.)
2315 884 2343 913 α
2374 864 2540 919 Nunc
2569 881 2707 937 ergo
2739 867 2934 923 indica
2965 869 3108 923 mihi
3139 870 3194 924 in
3228 886 3343 941 quo
3386 870 3604 942 ligaba-

189 980 323 1020 eam
347 984 374 1011 »
403 978 416 1017 :
449 957 556 1015 etsi
589 973 703 1012 non
727 956 948 1011 diceret
969 976 997 1003 «
1022 953 1283 1009 extendit
1314 967 1555 1006 manum
1588 966 1778 1015 suam,
1816 970 1844 997 η
1954 952 2072 1007 ris:
2111 974 2138 1000 »
2171 968 2286 1006 non
2318 952 2420 1019 ait,
2452 970 2567 1024 quo
2602 954 2896 1026 ligaberis,
2930 963 3031 1012 aut
3057 959 3234 1029 lunde
3272 959 3567 1032 ligaberis.

192 1053 393 1123 utique
423 1052 656 1104 extenta
688 1061 864 1099 manu
897 1046 1194 1114 acceptam
1218 1040 1699 1111 iutelligeremus.
2029 1043 2131 1111 (Ib.
2168 1044 2281 1115 11.)
2313 1066 2341 1093 ‹‹
2372 1044 2428 1097 Si
2467 1045 2778 1115 ligaverint
2809 1064 2902 1103 me
2933 1049 2989 1102 in
3039 1050 3280 1105 funibus
3342 1051 3538 1106 novis:
3576 1072 3604 1100 ››

271 1140 380 1212 (Ib.
412 1153 532 1203 xvx,
561 1135 643 1206 2.)
680 1154 707 1187 σ
740 1133 806 1188 Et
828 1129 1163 1187 nuntiatum
1218 1134 1309 1183 est
1357 1128 1596 1192 Gazaiis,
1650 1127 1847 1182 dicen-
1958 1150 2073 1188 non
2104 1132 2274 1201 dixit,
2310 1132 2570 1189 funibus.

187 1234 320 1286 tes:
359 1252 380 1277 θ
416 1243 533 1283 non
565 1225 664 1290 ait,
697 1223 1123 1277 nuntiaverunt
1151 1220 1437 1285 dicentes,
1472 1222 1571 1272 aut
1604 1217 1845 1271 nuntia-
2028 1221 2133 1292 (Ib.
2172 1221 2285 1289 11.)
2316 1225 2487 1290 Item,
2523 1246 2543 1271 α
2581 1222 2639 1277 Si
2672 1223 2977 1294 ligaverint
3012 1227 3177 1282 mein
3194 1227 3472 1283 funiculis
3496 1244 3604 1284 no-

191 1324 322 1375 tum
351 1322 496 1374 esta
521 1310 874 1369 dicentibus.
1958 1312 2066 1377 vis,
2098 1309 2156 1365 in
2203 1310 2421 1381 quibus
2454 1328 2564 1366 non
2601 1318 2689 1367 est
2722 1313 2937 1367 factum
2999 1331 3171 1385 opus,
3230 1320 3287 1371 et
3335 1316 3605 1373 inﬁrma-

265 1409 376 1479 (Ib.
407 1406 489 1478 7.)
525 1426 546 1455 ι
581 1402 641 1459 Si
672 1400 981 1474 ligaverint
1007 1414 1099 1454 me
1131 1398 1189 1453 in
1224 1402 1446 1468 septem
1492 1396 1681 1452 nervis
1742 1396 1849 1452 bu-
1961 1400 2093 1455 bor:
2132 1421 2160 1448 »
2193 1399 2431 1471 plenum
2466 1406 2640 1471 esset,
2671 1403 2778 1456 etsi
2813 1419 2923 1457 non
2948 1409 3402 1474 praeponeretur,
3427 1410 3549 1460 «et.
3572 1425 3599 1457 ι

196 1496 374 1553 midis
406 1494 666 1550 nondum
700 1489 970 1546 siccatis:
1008 1509 1036 1537 »
1068 1503 1183 1543 non
1214 1486 1316 1555 ait,
1351 1490 1573 1557 septem
1638 1486 1848 1555 nervis,
2031 1488 2137 1559 (Ib.
2173 1488 2284 1559 15.)
2348 1510 2376 1541 ι
2407 1489 2475 1543 Et
2531 1488 2640 1545 hoc
2694 1490 2934 1545 tertium
2996 1491 3248 1547 fefellisti
3307 1509 3425 1561 me:
3491 1498 3606 1549 ter-

196 1584 299 1642 sed
338 1606 359 1633 α
395 1584 455 1637 in
489 1585 720 1653 septem
754 1577 969 1633 nervis.
1008 1599 1029 1624 ι
1960 1576 2131 1641 tium,
2170 1597 2197 1625 »
2229 1576 2425 1645 posuit
2456 1593 2558 1648 pro
2590 1577 2780 1647 tertio,
2813 1579 2934 1634 sive
2965 1585 3069 1646 ter,
3122 1598 3332 1637 nomen
3385 1582 3608 1638 scilicet

272 1673 379 1743 (Ib.
411 1672 491 1741 7.)
527 1692 553 1719 ‹‹
584 1668 642 1725 Si
662 1666 975 1741 ligaverint
995 1682 1088 1721 me
1116 1667 1172 1721 in
1194 1669 1416 1736 septem
1439 1664 1633 1719 nervis
1656 1662 1854 1718 humi—
1962 1680 2065 1737 pro
2095 1664 2389 1735 adverbio,
2422 1666 2574 1735 quod
2610 1672 2666 1720 et.
2695 1666 2753 1720 in
2788 1666 2986 1723 latinis
3043 1668 3438 1726 locutionibus
3488 1670 3608 1727 ele-

201 1762 295 1818 dis
325 1761 587 1816 nondum
622 1756 844 1823 sinatis,
878 1758 935 1811 et
957 1753 1333 1809 inﬁrmabor:
1355 1774 1383 1804 ››
1407 1753 1645 1825 plenum
1677 1758 1851 1820 esset,
1962 1760 2169 1827 ganter
2197 1754 2320 1809 fieri
2353 1754 2520 1811 solet.

202 1850 312 1907 etsi
345 1866 460 1905 non
493 1847 752 1911 haberet,
786 1868 814 1897 ‹‹
848 1849 925 1900 et.
962 1867 983 1895 ι
2034 1845 2140 1915 (1b.
2172 1844 2286 1913 26.)
2314 1865 2341 1893 «
2376 1844 2616 1899 Dimitte
2648 1862 2758 1912 me,
2792 1852 2850 1901 et
2880 1847 3125 1919 palpabo
3157 1848 3481 1918 columnas,
3516 1867 3612 1906 su-

270 1940 380 2010 (lb.
411 1938 493 2008 9.)
525 1957 554 1987 ‹‹
586 1933 929 1999 Et,insidiaa
990 1932 1040 1988 ei
1091 1932 1375 1988 sedebant
1405 1931 1460 1985 iu
1494 1932 1795 1988 cubiculo:
1821 1954 1849 1984 »
1965 1949 2067 2004 per
2096 1948 2242 2003 quas
2274 1932 2485 1986 domus
2518 1934 2863 1989 conﬁrmata
2892 1940 2981 1990 est
3011 1953 3188 2008 super
3215 1954 3334 1992 eas.

1713 2095 2084 2107 -——-—

940 2223 1065 2286 DE
1136 2221 1785 2296 SUBSEQUENTI
1856 2222 2487 2298 QUIESTIONUM
2555 2222 2885 2287 OPERE.

1434 2502 1551 2545 ῙιῐΒ.
1599 2502 1665 2545 Il.
1712 2501 2011 2546 RETRACT.
2058 2501 2253 2545 CAPUT
2299 2500 2390 2545 LV.

278 2639 331 2695 1.
365 2638 567 2694 Eodem
596 2642 836 2708 tempore
855 2636 935 2707 (a)
955 2636 1152 2705 scripsi
1178 2637 1347 2690 etiam
1368 2635 1535 2690 libros
1566 2636 1942 2703 Quaestionum
1960 2637 2032 2691 de
2059 2636 2241 2691 Libris
2258 2636 2463 2691 eisdem
2483 2634 2691 2691 divinis
2715 2640 3072 2707 septem,quos
3102 2637 3222 2694 ideo
3252 2640 3537 2710 appellare
3555 2641 3632 2696 sic

205 2730 380 2791 volui,
403 2730 537 2801 quia
562 2742 629 2782 ea
656 2742 775 2797 quae
805 2727 885 2781 ibi
911 2725 1289 2794 disputantur,
1323 2726 1500 2793 magis
1522 2726 1823 2796 quaerenda
1849 2727 2303 2797 praposui,quam
2331 2728 2565 2795 quaesita
2592 2726 2824 2780 dissolvi
2849 2745 2871 2791 ;
2898 2728 3152 2796 quamvis
3173 2728 3351 2782 multo
3379 2730 3546 2799 plura
3564 2732 3629 2785 in

211 2820 295 2874 eis
324 2816 467 2872 mihi
494 2816 786 2871 videantur
816 2817 897 2869 ita
923 2818 1219 2886 pertracta,
1244 2819 1303 2868 ut
1331 2815 1541 2884 possint
1573 2816 1744 2869 etiam
1772 2814 1946 2869 soluta
1978 2818 2030 2869 et
2058 2816 2310 2881 exposita
2341 2830 2450 2868 non
2482 2816 2756 2868 immerito
2777 2815 3049 2885 judicari.
3077 2817 3386 2886 Regnorum
3416 2834 3629 2890 quoque

212 2908 387 2963 libros
413 2906 599 2962 eodem
628 2905 786 2960 modo
806 2906 929 2975 jam
956 2902 1305 2958 considerare
1323 2918 1691 2971 cleperamus;
1723 2903 1813 2958 sed
1841 2918 1949 2957 non
1975 2904 2213 2957 multum
2237 2904 2534 2973 progressi,
2568 2904 2627 2956 in
2658 2903 2775 2957 alia
2803 2918 2924 2973 qua
2951 2906 3131 2971 magis
3179 2906 3464 2975 urgebant,
3495 2910 3624 2963 ani-

214 3013 366 3051 mum
403 2994 766 3051 intendimus.
799 2995 859 3049 ln
890 2996 1069 3064 primo
1098 2997 1291 3047 autem
1321 2992 1481 3061 libro,
1513 2993 1610 3047 ubi
1639 2995 1831 3060 agitur
1858 2992 1924 3046 de
1954 2993 2185 3062 virginis
2216 2994 2470 3055 variatis,
2520 3008 2657 3061 quas
2686 2992 2915 3062 ponebat
2957 2994 3119 3047 Iacob
3167 2996 3227 3047 in
3277 3012 3445 3064 aqua,
3476 3001 3534 3050 ut
3566 2998 3627 3052 in

205 3094 469 3156 conceptu
495 3086 690 3155 posite:
714 3099 839 3138 oves
866 3098 955 3137 eas
978 3082 1238 3137 viderent
1282 3097 1408 3136 cum
1439 3082 1704 3147 biberent,
1738 3086 1791 3136 et
1820 3082 2000 3135 varios
2026 3081 2176 3154 fetus
2202 3090 2467 3151 parerent
2497 3081 2727 3148 (Quaest.
2759 3082 2894 3152 93/;
2925 3098 3033 3136 non
3066 3082 3197 3137 bene
3219 3100 3250 3137 a
3280 3084 3433 3138 nobis
3459 3101 3625 3156 expo-

210 3178 327 3232 sita
355 3179 432 3231 est
459 3191 645 3241 causa,
675 3190 777 3229 cur
807 3175 1005 3229 iterum
1033 3173 1464 3244 concipientibus
1491 3188 1599 3227 non
1632 3172 1884 3243 ponebat,
1918 3172 1974 3227 id
2020 3175 2099 3227 est
2127 3187 2251 3226 cum
2280 3174 2417 3227 alios
2458 3174 2603 3243 fetus
2654 3174 3017 3242 conciperent,
3066 3173 3159 3228 sed
3208 3175 3266 3228 in
3292 3177 3478 3245 priore
3505 3193 3630 3232 con-

214 3271 400 3336 ceptu.
422 3266 559 3320 Nam
587 3264 906 3335 qumstionis
933 3264 1170 3317 alterius
1199 3263 1465 3332 expositio
1490 3261 1601 3333 (Id.
1626 3261 1839 3331 95),ubi
1867 3263 2146 3333 quaeritur
2171 3277 2273 3315 cur
2293 3262 2504 3316 dixerit
2532 3277 2712 3317 socero
2740 3276 2838 3316 suo
2865 3262 3085 3317 Jacob.«
3115 3264 3179 3317 Et
3198 3262 3461 3334 decepisti
3483 3282 3632 3321 mer-

215 3354 399 3410 cedem
429 3369 608 3409 meam
627 3354 812 3408 decem
830 3351 1084 3424 agnabus
1114 3374 1143 3403 »
1179 3350 1328 3421 (Gen.
1360 3368 1512 3418 xxxi,
1544 3351 1655 3421 41).
1687 3353 1819 3406 satis
1852 3351 2115 3406 veraciter
2138 3349 2396 3414 enodata,
2422 3351 2758 3406 demonstrat
2790 3352 2954 3406 istam
2982 3352 3121 3406 sicut
3150 3352 3290 3407 solvi
3322 3352 3634 3411 debuitnon

217 3444 476 3499 solutam.

287 3535 342 3587 2.
375 3532 438 3586 In
467 3533 624 3588 tertio
655 3546 865 3602 quoque
897 3530 1035 3585 libro
1064 3530 1159 3586 ubi
1187 3529 1254 3585 de
1278 3545 1492 3587 summo
1519 3531 1708 3598 agitur
1730 3529 2027 3596 sacerdote,
2063 3528 2323 3601 quomodo
2354 3529 2573 3584 creabat
2619 3530 2783 3599 ﬁlios,
2814 3546 2938 3585 cum
2984 3530 3208 3585 haberet
3254 3534 3629 3589 necessitatem

216 3620 300 3675 bis
331 3622 389 3674 in
417 3619 506 3674 die
535 3618 755 3689 ingredi
783 3620 841 3673 in
874 3617 1075 3673 Sancta
1101 3622 1443 3687 sanctorum,
1476 3618 1571 3673 ubi
1599 3622 1725 3673 erat
1754 3618 1935 3672 altare
1976 3619 2206 3685 incensi,
2255 3617 2325 3671 ad
2367 3617 2705 3688 o/ferendum
2752 3619 3032 3673 incensum
3084 3634 3245 3673 mane
3293 3628 3348 3675 et
3396 3637 3628 3692 vespera

212 3708 411 3773 (Exod.
446 3725 575 3774 xxx,
603 3710 659 3777 7,
693 3709 771 3779 8),
805 3723 908 3779 quo
941 3723 1049 3762 non
1079 3710 1279 3778 posset,
1310 3710 1453 3763 sicut
1482 3710 1595 3763 Lex
1623 3707 1776 3775 dicit,
1810 3706 2126 3762 immundus
2159 3710 2418 3775 intrare,-
2451 3715 2505 3762 et
2534 3707 2720 3762 eadem
2770 3707 2881 3763 Lex
2926 3709 3091 3777 dicat,
3117 3708 3473 3765 immundum
3500 3711 3630 3780 ﬁeri

217 3798 495 3853 hominem
524 3800 698 3852 etiam
726 3812 797 3851 ea:
823 3796 1110 3852 concubitu
1139 3796 1449 3867 conjugali,
1480 3813 1638 3869 quem
1658 3797 1816 3867 jubet
1845 3798 2070 3868 quidem
2090 3796 2271 3851 lavari
2300 3813 2466 3868 aqua,
2497 3796 2589 3851 sed
2629 3804 2680 3851 et
2727 3801 2899 3851 totum
2941 3796 3075 3851 dicit
3122 3800 3469 3853 immundum
3519 3817 3638 3857 esse

216 3903 392 3959 usque
421 3887 491 3941 ad
522 3902 798 3956 vesperam
830 3887 1028 3957 (Levil.
1061 3902 1151 3955 xv,
1189 3886 1274 3954 16)
1302 3911 1316 3952 ;
1349 3885 1495 3941 unde
1519 3885 1661 3951 dixi,
1694 3908 1723 3935 ‹‹
1760 3884 2099 3957 Consequens
2128 3886 2321 3956 fuisse,
2355 3894 2419 3940 ut
2444 3895 2542 3940 aut
2587 3888 2869 3941 continens
2898 3893 3059 3954 esset,
3089 3888 3189 3940 aut
3217 3885 3406 3942 diebus
3436 3889 3637 3959 aliqui-

215 3978 318 4032 bus
348 3979 807 4031 intermitteretur
829 3976 1140 4029 incensumn
1171 3976 1637 4046 (qust.82):non
1656 3975 1772 4031 vidi
1790 3992 1905 4030 non
1925 3977 2102 4046 fuisse
2122 3976 2665 4047 consequens.Potest
2685 3976 2837 4029 enim
2852 3976 2933 4029 sic
2956 3975 3203 4043 intelligi
3218 3976 3637 4048 quodscriptum

213 4065 681 4130 est,«lmmundus
692 4067 797 4120 erit
813 4080 982 4135 usque
995 4064 1068 4119 ad
1092 4080 1431 4135 vesperam,»
1450 4070 1510 4121 ut
1536 4082 1635 4136 per
1663 4068 1840 4136 ipsam
1856 4081 2136 4136 vesperam
2156 4066 2277 4135 jam
2306 4082 2416 4120 non
2432 4074 2565 4121 esset
2587 4064 2923 4132 immundus,
2945 4063 3037 4119 sed
3057 4081 3225 4135 usque
3258 4066 3327 4120 ad
3349 4068 3543 4136 ipsam,
3570 4072 3633 4123 ut

214 4157 524 4227 vespertino
535 4156 661 4225 jam
674 4160 919 4227 tempore
932 4157 1222 4210 incensum
1237 4155 1476 4210 mundus
1493 4155 1861 4227 offerret,cum
1886 4159 2115 4227 propter
2138 4154 2395 4210 creandos
2418 4153 2571 4224 ﬁlios
2594 4156 2711 4225 post
2728 4157 3061 4209 matutinum
3094 4156 3378 4210 incensum
3418 4158 3631 4213 mixtus

210 4252 354 4299 esset
370 4245 798 4316 uxorthemque
824 4244 925 4298 ubi
946 4246 1240 4315 qua’situm
1269 4245 1640 4315 est,quomodo
1665 4244 1977 4316 prohibitus
2005 4252 2139 4300 esset
2166 4260 2331 4315 super
2355 4246 2525 4314 [unus
2553 4246 2734 4315 patris
2746 4243 3195 4299 sacerdossumus
3216 4245 3625 4316 intrare(Levit.

212 4350 332 4403 xxi,
364 4333 474 4403 11),
506 4349 629 4389 cum
657 4349 784 4389 eum
809 4332 934 4403 ﬁeri
960 4333 1291 4388 sacerdotem
1322 4333 1569 4404 (quando
1591 4350 1734 4388 unus
1763 4337 1900 4402 erat)
1930 4335 2043 4389 nisi
2066 4341 2186 4404 post
2226 4343 2457 4389 mortem
2476 4334 2771 4388 sacerdotis
2793 4335 2965 4403 patris
2990 4350 3103 4389 non
3143 4337 3449 4404 oporteret;
3479 4335 3626 4405 dixi,

214 4446 241 4472 «ι
280 4424 511 4494 Propter
538 4422 637 4477 hoc
658 4436 876 4477 necesse
901 4424 1094 4491 fuisse,
1126 4421 1371 4477 nondum
1400 4424 1610 4493 sepulto
1635 4431 1797 4493 patre
1824 4425 2012 4478 statim
2041 4432 2163 4493 post
2190 4426 2312 4493 ejus
2341 4427 2591 4489 mortem,
2637 4423 2820 4492 ﬁlium
2851 4423 2967 4492 ejus
3015 4424 3298 4490 constitui,
3329 4425 3426 4494 qui
3451 4440 3627 4481 succe-

212 4512 366 4567 deret
393 4512 588 4582 patri;
614 4518 838 4581 propter
864 4512 1042 4567 etiam
1089 4511 1526 4565 continuationis
1552 4513 1857 4578 incensum,
1907 4510 2048 4582 quod
2081 4511 2160 4565 bis
2185 4512 2241 4565 in
2281 4510 2371 4565 die
2426 4525 2641 4565 necesse
2688 4518 2807 4564 erat
2838 4511 3023 4581 offerri
3060 4532 3088 4559 ››
3117 4511 3342 4581 (Quzst.
3375 4512 3465 4583 83)
3489 4529 3509 4574 ;
3532 4513 3629 4584 qui

210 4600 465 4657 sacerdos
493 4616 661 4669 super
688 4604 917 4656 mortem
962 4601 1207 4656 nondum
1249 4601 1455 4671 sepulti
1481 4601 1654 4672 patris
1684 4601 2012 4672 prohibetur
2040 4603 2275 4657 intrare.
2328 4602 2441 4656 Sed
2465 4618 2666 4672 parum
2709 4600 2940 4668 attendi,
2987 4604 3235 4671 potuisse
3264 4602 3366 4659 hoc
3392 4605 3629 4675 praecipi

210 4691 398 4761 magis
428 4698 651 4759 propter
680 4689 824 4757 illos,
858 4690 956 4760 qui
977 4690 1158 4757 futuri
1184 4689 1412 4761 fuerant
1440 4692 1645 4745 summi
1672 4689 1973 4745 sacerdotes
2018 4705 2128 4744 non
2157 4689 2414 4760 patribus
2459 4691 2694 4744 summis
2722 4689 3090 4745 sacerdotibus
3132 4690 3498 4752 succedentes.
3529 4690 3624 4745 sed

210 4790 395 4835 tamen
422 4797 491 4836 ex
519 4781 673 4850 ﬁliis,
709 4780 768 4833 id
799 4788 874 4834 est
904 4796 973 4835 ex
998 4782 1231 4850 posteris
1264 4781 1467 4845 Aaron,
1498 4782 1549 4835 si
1574 4783 1718 4850 forte
1746 4795 1992 4835 summus
2024 4782 2293 4845 sacerdos,
2325 4786 2419 4834 aut
2448 4781 2595 4849 ﬁlios
2624 4797 2733 4835 non
2764 4782 2982 4845 habere,
3015 4784 3113 4835 aut
3144 4782 3222 4834 ita
3254 4781 3506 4851 reprobos
3527 4780 3625 4836 ha-

215 4870 373 4924 beret
404 4878 465 4923 ut
488 4869 677 4923 nullus
705 4884 900 4924 eorum
929 4871 1081 4939 patri
1107 4869 1323 4925 deberet
1351 4869 1636 4925 succedere
1670 4886 1686 4923 :
1712 4871 1853 4923 sicut
1882 4868 2103 4923 Samuel
2133 4883 2344 4922 summo
2371 4869 2640 4924 sacerdoti
2669 4870 2788 4923 Heli
2833 4871 3088 4925 successit
3117 4870 3163 4936 (Ι
3206 4869 3331 4937 Reg.
3384 4874 3425 4936 1)
3447 4886 3467 4931 ,ο
3496 4885 3626 4926 cum

215 4959 523 5014 sacerdotis
549 4959 699 5028 ﬁlius
725 4959 839 5028 ipse
862 4974 969 5014 non
1002 4975 1115 5014 esse
1141 4959 1235 5014 sed
1263 4963 1447 5015 tamen
1464 4975 1538 5015 es:
1566 4959 1720 5028 ﬁliis,
1754 4960 1852 5015 hoc
1878 4962 1977 5024 est,
2010 4974 2079 5013 ea:
2107 4960 2338 5025 posteris
2369 4967 2501 5013 esset
2531 4960 2736 5013 Aaron.

286 5047 337 5101 3.
372 5049 446 5102 De
479 5046 696 5102 latrone
724 5049 895 5102 etiam
921 5049 1013 5103 cui
1037 5048 1245 5129 dictum
1276 5053 1375 5117 est,
1414 5071 1433 5097 ι
1468 5048 1636 5103 Hodie
1662 5065 1873 5103 mecum
1904 5049 2010 5103 eris
2040 5052 2100 5101 in
2118 5048 2381 5118 paradiso
2414 5070 2440 5093 »
2473 5048 2623 5117 (Luc.
2656 5064 2817 5115 XXIII,
2850 5046 3117 5119 ll3),quod
3145 5062 3251 5101 non
3282 5048 3456 5117 fuerit
3484 5049 3626 5103 visi-

210 5136 411 5192 biliter
441 5136 778 5208 baptizatur,
810 5152 971 5209 quasi
996 5145 1210 5192 certum
1237 5140 1393 5207 posui
1420 5138 1655 5209 (Quaest.
1686 5137 1799 5204 84),
1830 5152 1955 5192 cum
1982 5140 2055 5191 sit
2086 5137 2373 5202 incertum,
2421 5138 2703 5207 magisque
2734 5136 2894 5190 illum
2950 5134 3285 5205 baptizatum
3313 5138 3481 5205 fuisse
3508 5152 3625 5191 cre-

205 5225 452 5282 dendum
473 5228 568 5291 sit,
600 5227 742 5282 sicut
767 5242 861 5298 ego
889 5242 1101 5297 quoque
1128 5227 1267 5282 alibi
1295 5231 1486 5299 postea
1516 5227 1821 5296 desputavi.
1855 5227 1993 5282 Item
2024 5226 2167 5298 quod
2196 5228 2255 5281 in
2283 5228 2473 5297 quinto
2509 5227 2652 5280 libro
2682 5225 2826 5293 dixi,
2858 5224 2954 5279 ubi
2981 5233 3484 5281 commemorantur
3511 5242 3629 5282 ma-

261 5417 327 5472 (a)
353 5413 458 5468 Quo
487 5414 707 5458 nimirum
732 5419 950 5470 tempore
978 5415 1277 5470 superiorem
1310 5416 1623 5461 Locutionum
1653 5416 2003 5468 collectionem,
2029 5429 2134 5473 quae
2166 5417 2208 5460 in
2242 5416 2314 5461 lib.
2344 5417 2380 5457 ll
2412 5414 2768 5460 Retractionum
2797 5427 2902 5472 cap.
2954 5415 3002 5459 5t
3056 5414 3294 5459 recensita
3322 5419 3412 5463 est.
3434 5427 3627 5473 compa-

206 5480 347 5524 rabat
374 5476 547 5522 eodem
575 5476 682 5532 ipso
709 5478 753 5520 8.
784 5477 963 5522 Doctor
990 5478 1335 5533 subsequentes
1363 5478 1694 5531 Quaestionum
1718 5479 1763 5523 in
1794 5479 2187 5536 Heptateuchum.
2219 5480 2284 5522 uti
2311 5478 2358 5521 in
2386 5478 2589 5533 antiquis
2616 5476 2861 5521 codicibus
2876 5476 3209 5525 inscribuntur.
3242 5476 3363 5521 libro
3388 5477 3581 5533 perfecit
3616 5497 3625 5523 :

204 5542 319 5586 nislt
346 5538 472 5597 quod
503 5538 801 5591 Quaestione:
828 5539 1046 5595 primum.
1073 5538 1246 5585 deinde
1274 5547 1373 5585 tum
1400 5541 1690 5586 Locutiones
1719 5542 1779 5586 de
1806 5541 1975 5586 iisdem
2002 5542 2173 5587 divinis
2199 5540 2354 5586 Libris
2379 5539 2590 5584 dictasse
2612 5538 2884 5595 intelligitur
2906 5552 2968 5583 ex
2998 5539 3338 5584 Locutionibus
3366 5539 3426 5584 de
3458 5541 3626 5587 Exodo

202 5617 298 5661 cap
332 5606 394 5652 12,
427 5615 473 5646 ν.
502 5605 546 5653 7,
574 5607 622 5646 et
648 5600 984 5646 [.ocutionibus
1010 5600 1071 5646 de
1097 5601 1355 5653 Judicibus.
1385 5614 1489 5659 cap.
1526 5602 1590 5651 15,
1621 5616 1698 5657 vv,
1727 5604 1753 5646 8
1799 5607 1847 5649 et
1873 5605 1944 5653 l2;
1977 5606 2171 5649 tametsi
2196 5604 2239 5647 in
2266 5603 2694 5649 Retractationibus
2746 5603 2954 5658 priorem
2983 5602 3138 5648 locum
3188 5601 3373 5647 dederit
3404 5603 3623 5650 Locutio-

204 5680 320 5711 num
348 5664 636 5717 collectioni,
666 5664 789 5708 forte
817 5663 926 5721 quia
951 5676 1060 5710 eam
1085 5664 1179 5711 hoc
1203 5666 1372 5712 ordine
1400 5666 1506 5711 sive
1531 5665 1715 5713 dictare
1740 5672 1971 5725 caperet,
1996 5668 2101 5713 sive
2127 5666 2219 5725 legi
2245 5665 2449 5711 volebat.
