3998 6344
171 354 289 410 563

167 487 366 555 niunt,
399 487 672 559 quamvis
702 489 877 545 rebus
909 493 1083 561 atque
1105 492 1412 547 sententiis
1446 488 1681 545 omnino
1714 504 1829 544 non

166 578 522 649 discrepent.
546 581 704 632 Certe
725 579 879 633 enim
901 579 1077 634 istum
1099 579 1306 634 librum
1324 597 1479 634 unus
1494 579 1666 634 homo
1692 577 1830 633 scri-

166 667 412 737 psit,qui
436 684 502 722 ea
525 668 1002 739 quaesupradixit
1025 686 1158 724 cum
1183 672 1489 725 mandaret
1509 668 1826 734 Abraham,

163 755 255 811 vel
289 758 503 812 reiecta
533 757 618 812 sic
677 773 890 828 ponere
922 759 1131 829 potuit,
1172 759 1221 813 si
1262 761 1330 814 ad
1369 775 1489 814 rem
1542 757 1830 829 pertinere

154 844 479 916 judicaret,
514 862 649 902 cum
672 846 888 902 veritas
912 849 1262 904 narrationis
1283 849 1536 921 exigitur
1559 850 1598 914 ί,
1633 846 1745 901 nisi
1769 853 1831 900 ut

162 951 364 990 rerum
397 935 948 1007 sententiarumque
996 937 1092 1003 sit,
1126 937 1341 1009 quibus
1371 937 1665 1003 voluntas,
1695 953 1827 1007 pro-

161 1031 298 1097 pter
327 1043 504 1098 quam
529 1027 919 1083 intimandam
951 1028 1128 1084 verba
1153 1030 1320 1097 fiunt,
1356 1029 1499 1084 satis
1531 1029 1824 1099 appareat.

237 1116 394 1172 LXV.
430 1117 536 1188 [[b.
571 1133 723 1182 xxxv,
779 1118 892 1189 41.]
926 1118 1085 1181 Quod
1119 1119 1339 1174 habent
1376 1117 1542 1174 latini
1577 1115 1824 1180 codices,

158 1212 438 1265 narrante
451 1225 614 1266 servo
626 1209 869 1266 Abrahaa
883 1227 1010 1282 quas
1026 1211 1136 1266 sibi
1157 1212 1532 1267 mandaverat
1548 1209 1826 1264 dominus

155 1298 311 1368 ejus,
344 1300 489 1355 Tunc
517 1301 778 1355 innocens
811 1302 924 1356 eris
952 1317 985 1356 α
1017 1301 1330 1368 iuramento
1355 1316 1493 1368 meo,
1521 1297 1631 1361 vel,
1655 1299 1824 1369 jura-

153 1388 308 1442 tione
336 1403 496 1454 mea;
531 1388 700 1456 graeci
771 1388 1010 1453 habent,
1069 1407 1102 1444 a
1133 1389 1418 1446 maledicto
1467 1402 1623 1443 meo:
1665 1380 1824 1456 ὅρκος

154 1476 318 1531 enim
343 1477 815 1547 diciturjuratio,
843 1477 944 1550 αρά
962 1478 1374 1545 maledictum;
1409 1478 1564 1532 unde
1585 1480 1641 1530 et
1659 1472 1821 1526 κατά-

155 1582 322 1635 parte:
353 1564 699 1622 maledictus
749 1565 834 1622 vel
867 1563 1256 1637 ἐπικατάρατος
1289 1567 1522 1623 dicitur.
1571 1564 1822 1619 Proinde

153 1653 348 1708 oritur
379 1654 642 1726 quaestio,
677 1657 972 1726 quomodo
1023 1655 1127 1710 illa
1165 1657 1388 1725 juratio
1441 1653 1819 1710 maledictum

154 1742 346 1812 possit
375 1741 623 1816 intelligi
648 1761 661 1811 ;
688 1743 801 1800 nisi
832 1745 972 1816 quia
994 1744 1340 1801 maledictus
1367 1749 1457 1801 est
1483 1744 1584 1816 qui
1615 1747 1820 1798 contra

149 1831 508 1901 iurationem
543 1831 764 1888 fecerit.

227 1920 417 1975 LXVI.
450 1921 556 1992 [1b.
585 1937 739 1988 xxw,
769 1923 883 1994 49.]
916 1923 975 1978 Si
1004 1940 1138 1996 ergo
1158 1927 1348 1995 facitis
1377 1927 1816 1985 misericordiam

148 2012 201 2062 et
226 2010 516 2079 justitiam
543 2011 612 2065 ad
636 2011 923 2066 dominum
945 2029 1146 2079 meum,
1169 2016 1480 2070 renuntiate
1503 2017 1666 2074 mihi.
1690 2023 1812 2076 Duo

149 2098 258 2152 illa
287 2115 413 2169 quas
445 2099 680 2154 assidue
713 2107 1008 2172 ponuntur
1040 2103 1098 2158 in
1129 2103 1262 2158 aliis
1300 2107 1520 2161 sanctis
1547 2107 1811 2180 Scriptu-

149 2187 258 2256 ris,
291 2193 348 2242 et
379 2188 630 2245 maxime
653 2189 712 2245 in
743 2190 1444 2261 Psalmis,misericordia,
1476 2197 1810 2270 etjustitia,

151 2279 528 2334 tantumdem
559 2279 717 2335 enim
747 2279 900 2336 valet
923 2282 1404 2352 mlsericordia,et
1432 2285 1810 2354 veritas,hine

139 2366 274 2436 jam
305 2384 584 2439 apparere
615 2376 935 2441 coeperunt.

224 2455 439 2512 LXVII.
472 2456 489 2528 l
500 2458 580 2513 Ib.
614 2475 766 2527 xxiv,
815 2460 930 2532 51.]
971 2463 1098 2516 Ecce
1149 2463 1378 2518 Rebecca
1429 2467 1487 2519 in
1515 2476 1812 2536 conspectu

143 2548 284 2606 tuo;
316 2547 588 2617 accipiens
617 2564 859 2619 recurre,
895 2555 951 2604 et
999 2553 1070 2605 sit
1115 2567 1261 2607 umor
1306 2551 1422 2623 lilii
1465 2553 1676 2610 domini
1705 2559 1808 2625 tui,

146 2635 608 2706 quemadmodum
630 2637 840 2693 locutus
857 2645 938 2694 est
961 2641 1248 2696 Dominus.
1271 2641 1558 2705 Quaeritur
1577 2646 1810 2715 quando

148 2723 384 2780 locutus
417 2725 493 2781 sit
525 2725 832 2791 Dominus,
866 2728 978 2783 nisi
1011 2729 1148 2802 quia
1185 2729 1272 2786 vel
1305 2731 1650 2802 prophetam
1682 2751 1811 2791 esse

143 2813 442 2869 Abraham
474 2819 771 2880 noverant,
797 2821 854 2872 et
886 2817 1221 2889 prophetice
1252 2819 1552 2878 aDomino
1584 2823 1807 2880 dictum

143 2903 303 2973 quod
340 2919 438 2974 per
467 2903 633 2959 illum
663 2904 886 2960 dictum
920 2907 1123 2977 fuerat,
1157 2911 1586 2979 agnoscebant:
1613 2916 1714 2967 aut
1734 2913 1810 2967 si-

141 3006 330 3062 gnum
362 2990 506 3048 illud
540 2993 695 3064 quod
725 2993 835 3049 sibi
879 2995 1082 3051 datum
1133 3013 1335 3053 servus
1367 2998 1496 3067 ejus
1526 3001 1804 3068 narravit,

143 3081 504 3137 locutionem
528 3081 762 3138 Domini
793 3083 1232 3155 appellaverunt
1257 3104 1270 3154 ;
1295 3086 1404 3142 hoc
1433 3087 1588 3142 enim
1614 3091 1804 3160 magis

139 3169 213 3225 de
233 3169 492 3226 Rebecca
511 3187 852 3244 expressum
871 3175 1131 3230 est.Nam
1155 3175 1309 3247 quod
1332 3177 1628 3232 Abraham
1651 3179 1806 3235 dixe-

138 3263 256 3326 rat,
291 3277 406 3315 non
437 3261 507 3316 de
539 3262 796 3319 Rebecca
821 3263 1070 3334 dixerat,
1103 3266 1203 3320 sed
1242 3266 1312 3322 de
1360 3265 1554 3338 aliqua
1585 3269 1804 3325 femina

140 3362 213 3402 ex
247 3348 400 3405 tribu
422 3349 511 3406 vel
535 3353 885 3424 cognatione
909 3371 1016 3410 sua
1040 3372 1053 3421 ;
1077 3354 1265 3410 ethoc
1288 3357 1358 3411 ad
1387 3360 1722 3429 utrumque,
1739 3364 1804 3414 ut

139 3438 429 3496 immunis
451 3444 606 3498 esset
628 3443 1010 3513 ajuramento
1033 3461 1257 3511 servus,
1283 3445 1331 3501 si
1354 3463 1470 3501 non
1493 3446 1802 3518 impetras-

137 3532 265 3583 set:
299 3530 453 3600 quod
484 3529 686 3602 utique
713 3549 828 3587 non
862 3532 1096 3604 dicitur,
1131 3551 1264 3589 cun:
1298 3533 1518 3607 aliquid
1550 3537 1805 3609 prophe-

138 3620 322 3673 tatur.
357 3622 584 3675 Certam
617 3620 773 3676 enim
807 3623 972 3678 decet
1002 3639 1131 3679 esse
1162 3623 1548 3695 prophetiam.

210 3706 424 3764 LXVII.
457 3709 563 3779 [1b.
597 3725 746 3779 XXIV,
775 3711 890 3782 60.]
917 3711 1079 3774 Quod
1103 3713 1375 3768 Rebeccae
1399 3713 1674 3770 dixerunt
1695 3716 1804 3771 fra-

132 3801 257 3852 tres
287 3797 416 3870 ejus
447 3799 862 3870 proficiscenti,
887 3801 1052 3857 Soror
1073 3805 1259 3860 nostra
1287 3818 1360 3874 es,
1387 3807 1496 3860 esto
1527 3806 1584 3860 in
1615 3806 1806 3862 millia

127 3889 397 3958 millium,
413 3895 466 3944 et
501 3888 883 3946 [nereditatem
894 3892 1133 3948 obtineat
1156 3910 1332 3949 semen
1358 3899 1540 3965 tuum,
1561 3896 1804 3951 civitates

127 3976 620 4034 adversariorum:
651 3996 766 4035 non
790 3980 1082 4053 prephetae
1114 3981 1370 4053 fuerunt,
1404 3987 1502 4039 aut
1550 3984 1804 4040 vanitate

136 4069 262 4120 tam
295 4082 512 4140 magna
560 4073 946 4140 Optaverunt;
997 4071 1098 4127 sed
1148 4088 1248 4128 eos
1297 4089 1424 4145 quae
1455 4073 1806 4146 promiserat

132 4153 291 4210 Deus
321 4156 566 4212 Abrahae
593 4157 774 4214 latere
806 4175 919 4214 non
956 4160 1166 4232 potuit.

204 4244 393 4301 LXIX.
427 4245 533 4318 [1b.
567 4263 718 4314 xxiv,
750 4249 864 4321 63.]
897 4249 1060 4312 Quod
1093 4249 1377 4323 scriptum
1425 4255 1535 4322 est,
1573 4254 1634 4308 Et
1663 4254 1800 4309 exiit

129 4335 287 4388 Isaac
314 4338 561 4392 exerceri
585 4339 643 4392 :‘n
671 4353 870 4410 campo
892 4340 1135 4396 meridie
1154 4357 1174 4401 ;
1207 4341 1308 4412 qui
1332 4342 1570 4398 verbum
1597 4342 1668 4398 de
1691 4342 1799 4398 hac

128 4439 190 4477 re
204 4438 456 4495 graecum
476 4426 1248 4495 nesciunt,exercitationem
1283 4431 1544 4502 corporis
1567 4435 1796 4502 putant.

130 4513 428 4585 Scriptum
469 4519 558 4571 est
589 4520 783 4573 autem
814 4533 999 4590 greco
1029 4514 1401 4593 ἀδολεσχῆσαι
1428 4536 1440 4576 :
1477 4515 1798 4594 ἀδολεσχεῖν

129 4617 268 4658 vero
289 4603 361 4659 ad
383 4603 564 4661 animi
586 4607 1062 4665 exercitationem
1090 4609 1362 4681 pertinet,
1392 4614 1448 4665 et
1478 4627 1627 4683 saepe
1657 4611 1796 4666 vitio

127 4689 490 4761 deputatur;
524 4712 684 4750 more
731 4701 928 4752 tamen
979 4699 1417 4770 Scripturarum
1452 4700 1797 4772 plerumque

131 4779 193 4834 in
223 4780 372 4836 bono
398 4783 653 4854 ponitur.
682 4789 790 4840 Pro
815 4787 925 4843 isto
956 4788 1130 4843 verbo
1160 4789 1400 4860 quidam
1434 4789 1797 4861 interpretati

123 4873 266 4924 sunt
286 4871 1035 4946 exercitationem,quidam
1055 4877 1656 4950 garrulitatem,quasi
1677 4896 1800 4934 ver-

130 4957 469 5032 bositatem,
503 4979 631 5034 qua:
663 4963 722 5019 in
755 4965 927 5034 bono,
963 4971 1254 5038 quantum
1287 4969 1358 5024 ad
1389 4967 1637 5024 latinum
1675 4969 1796 5024 elo-

130 5047 339 5118 quium
367 5050 634 5121 pertinet,
667 5053 757 5109 vix
781 5058 882 5110 aut
909 5072 1212 5128 nunquam
1241 5058 1577 5125 invenitur;
1603 5060 1799 5123 sed,ut

128 5138 273 5205 dixi,
295 5137 352 5192 in
369 5139 685 5214 Seripturis
705 5143 1124 5217 plerumquein
1147 5148 1298 5202 bono
1313 5149 1530 5204 dicitur
1549 5165 1560 5203 :
1579 5149 1797 5205 etvide-

128 5218 228 5282 tur
250 5227 392 5283 mihi
407 5229 738 5303 signiﬁcare
752 5235 933 5290 animi
956 5236 1228 5291 affectum
1247 5237 1796 5295 studiosissimeali-

132 5317 276 5388 quid
310 5319 623 5392 cogitantis
654 5340 787 5380 cum
822 5325 1205 5382 delectatione
1234 5327 1646 5400 cogitationis;
1680 5329 1796 5386 nisi

200 5491 214 5524 ί
245 5488 401 5562 Εάὶιί.
433 5505 536 5562 non
567 5492 814 5557 exigitur.
836 5495 998 5562 Abest
1035 5496 1260 5562 negatio
1290 5511 1319 5544 a
1367 5499 1488 5547 Mss.
1540 5514 1658 5562 qum
1708 5500 1795 5551 hic

133 5558 351 5615 propter
380 5555 801 5622 subsequentem
826 5555 1143 5621 particulam
1168 5562 1288 5622 nisi,
1311 5562 1512 5611 inserta
1542 5555 1642 5612 fuit
1664 5579 1675 5618 ;
1699 5566 1792 5614 sed

132 5629 436 5685 perperam,
469 5632 588 5685 cum
621 5620 858 5685 detracta
887 5622 983 5685 illa
1008 5620 1325 5685 perelegans
1356 5626 1424 5672 sit
1454 5626 1549 5674 iste
1579 5627 1793 5677 dicendi

129 5679 344 5747 modus,
374 5680 419 5728 si
447 5681 521 5729 ad
545 5697 651 5732 rem
683 5679 1239 5747 pertinerejudicaret,
1271 5687 1374 5735 nisi
1402 5690 1459 5734 ut
1486 5703 1656 5738 rerum
1677 5705 1794 5741 sen-

157 5743 519 5807 entiarumque
547 5747 614 5795 sit
643 5743 852 5808 veritas,
885 5743 994 5812 quae
1024 5749 1078 5798 in
1107 5743 1415 5800 narratione
1442 5751 1686 5816 exigitur.

1597 357 1821 416 LIBER
1876 355 2190 418 PRIMUS.

3481 359 3601 418 566

1938 487 2096 543 aliud
2112 490 2373 544 sentiunt
2387 489 2483 560 qui
2498 489 2619 544 hzec
2632 488 3001 558 verhagrmca
3014 487 3222 543 melius
3236 488 3597 560 intelligunt.

2009 588 2172 642 LXX.
2190 589 2294 656 [lb.
2312 606 2439 656 xxv,
2459 590 2533 657 1.]
2555 587 2825 658 Adjiciens
2843 591 3031 641 autem
3046 587 3326 642 Abraham
3357 591 3596 660 sumpsit

1939 693 2160 731 uxorem
2189 680 2411 734 nomine
2436 678 2748 733 Cet/turam.
2781 677 3036 741 Quaestio
3063 677 3184 731 haec
3205 678 3433 744 esset,si
3463 694 3597 748 pec-

1939 771 2134 822 catum
2169 773 2344 836 esset,
2378 767 2631 822 maxime
2662 767 2719 820 in
2754 765 3014 836 antiquis
3049 767 3329 821 dantibus
3361 783 3598 838 operam

1941 861 2328 930 propagandae
2353 855 2840 930 proli.Quodlibet
2863 856 3017 910 enim
3041 855 3136 910 hic
3155 873 3330 927 quam
3355 857 3602 913 inconti-

1939 947 2136 1002 nentia
2158 946 2769 1020 suspicandaesttanti
2792 944 2985 1010 viri,in
3010 944 3112 998 illa
3135 945 3453 1016 praesertim
3470 946 3597 1017 jam

1937 1041 2125 1092 astate.
2152 1038 2266 1091 Cur
2284 1043 2476 1092 autem
2505 1037 2575 1091 de
2602 1036 2708 1090 hac
2732 1035 2883 1089 filios
2907 1033 3233 1105 fecerit,qui
3259 1051 3394 1089 cum
3419 1035 3599 1092 mira-

1937 1129 2068 1184 culo
2100 1130 2170 1183 de
2198 1130 2335 1184 Sara
2368 1127 2602 1192 fecerat,
2637 1143 2817 1196 supra
2847 1125 3066 1179 dictum
3101 1129 3190 1178 est
3220 1124 3444 1195 (Quaest.
3469 1127 3596 1192 35):

1936 1235 2278 1291 quanquam
2311 1217 2577 1273 nonnulli
2610 1217 2827 1270 donum
2863 1215 3016 1285 quod
3049 1214 3271 1285 accepit
3299 1213 3595 1271 Abraham

1932 1308 2091 1364 velut
2109 1307 2505 1363 reviviscentis
2527 1304 2786 1376 corporis
2809 1303 2879 1358 ad
2901 1301 3052 1357 ﬁlios
3073 1303 3595 1373 procreandos,diu

1935 1398 2332 1468 permansisse
2348 1400 2636 1461 asserant,
2652 1394 2733 1449 ita
2746 1397 2808 1448 ut
2825 1395 3024 1463 posset
3037 1389 3250 1446 etalios
3267 1408 3590 1462 procreare.

1934 1491 2042 1545 Sed
2068 1490 2250 1544 multo
2281 1494 2368 1543 est
2397 1486 2726 1543 absolutius
2758 1485 2826 1538 de
2861 1482 3294 1538 adulescentula
3325 1484 3591 1553 potuisse

1932 1579 2244 1645 seniorem,
2279 1579 2433 1650 quod
2467 1577 2662 1632 senior
2705 1575 2773 1628 de
2801 1573 3028 1628 seniore
3076 1588 3190 1627 non
3224 1575 3441 1642 posset,
3476 1571 3593 1628 nisi

1931 1670 2085 1724 Deus
2114 1668 2234 1724 illic
2266 1665 2616 1722 miraculum
2650 1662 3036 1736 praestitisset,
3073 1660 3324 1718 maxime
3355 1666 3591 1731 propter

1928 1763 2076 1813 Sara:
2111 1775 2226 1814 non
2251 1757 2441 1812 solum
2470 1758 2721 1818 aetatem,
2753 1767 2953 1807 verum
2981 1750 3154 1805 etiam
3190 1747 3583 1805 sterilitatem.

1927 1849 2072 1903 Sane
2085 1847 2257 1903 etiam
2273 1844 2606 1919 grandioris
2619 1841 2890 1910 astatis,et
2910 1840 3062 1895 sicut
3075 1839 3376 1911 Scriptura
3389 1837 3584 1909 loqui-

1924 1938 2285 2010 tur,plenum
2308 1937 2534 1991 dierum
2556 1951 2726 2006 posse
2748 1931 2862 1988 dici
2884 1931 3194 2000 seniorem,
3216 1931 3320 1986 hoc
3343 1934 3431 1986 est
3455 1946 3584 2002 pre-

1923 2027 2243 2100 sbyterum,
2275 2025 2409 2081 hinc
2438 2023 2684 2095 intelligi
2717 2026 2926 2094 potest,
2959 2021 3098 2093 quia
3127 2021 3236 2076 hoc
3279 2020 3574 2077 Abraham

1922 2115 2249 2188 appellatus
2280 2119 2367 2170 est
2397 2114 2631 2185 quando
2673 2115 2937 2166 mortuus
2963 2113 3070 2166 est.
3098 2109 3346 2164 Proinde
3377 2108 3574 2163 omnis

1922 2222 2095 2262 senex
2108 2207 2281 2261 etiam
2309 2204 2746 2277 presbyter,non
2762 2201 2952 2255 omnis
2969 2199 3270 2270 presbyter
3284 2198 3459 2253 etiam
3481 2213 3575 2253 se-

1923 2311 2061 2364 nex;
2085 2295 2224 2367 quia
2245 2295 2592 2366 plerumque
2609 2287 2828 2346 esthoc
2851 2304 3062 2344 nomen
3081 2286 3266 2342 aetatis
3287 2285 3578 2357 quaeint'ra

1921 2389 2280 2443 senectutem
2305 2381 2591 2440 senectuti
2611 2380 2803 2435 vicina
2827 2383 2936 2442 est,
2960 2381 3015 2432 et
3035 2393 3103 2432 ex
3122 2376 3232 2431 hoc
3254 2376 3431 2431 etiam
3450 2375 3581 2447 ipsa

1922 2496 1954 2534 a
1984 2480 2282 2534 senectute
2304 2491 2517 2531 nomen
2533 2471 2821 2544 accepitin
2844 2467 3583 2540 latinalingua,utpresby-

1921 2570 2009 2622 ter
2029 2565 2222 2622 senior
2252 2563 2599 2636 appellatur.
2629 2561 2788 2633 Apud
2811 2563 3036 2614 (Ξῖ-ωερε
3070 2561 3291 2621 autem,
3324 2555 3580 2610 maxime

1921 2656 2074 2712 sicut
2087 2656 2388 2727 Scriptura
2402 2652 2618 2724 loquitu
2630 2641 3035 2722 ι’,πρεσόύτεροι
3051 2651 3106 2702 et
3119 2645 3369 2716 νεώτεροι
3386 2644 3516 2700 dicu
3529 2660 3587 2699 n—

1921 2751 2036 2817 tur,
2060 2745 2290 2801 etiamsi
2314 2743 2810 2812 astatesjuvenum
2836 2741 3251 2808 comparentur
3275 2753 3288 2802 ;
3314 2734 3465 2805 quod
3490 2732 3578 2788 di-

1919 2835 2110 2891 cimus
2144 2851 2251 2891 nos
2285 2833 2565 2903 majorem
2612 2828 3130 2900 atquejuniorem.
3167 2826 3577 2880 Verumtamen

1917 2925 2025 2980 hoc
2041 2925 2258 2980 factum
2274 2919 2694 2991 Abrahae,quod
2713 2921 2840 2988 post
2857 2919 3103 2971 mortem
3119 2915 3272 2969 Saraa
3287 2913 3356 2968 de
3371 2912 3576 2968 Cethu-

1918 3031 1980 3068 ra
1993 3013 2143 3068 ﬁlios
2158 3009 2618 3084 procreavit,non
2637 3006 2720 3062 sic
2733 3003 3031 3076 accipiend
3044 3019 3139 3057 um
3161 3000 3446 3072 est,quasi
3462 3001 3571 3055 hu-

1915 3099 2524 3158 manaconsuetudine
2547 3099 2600 3152 et
2623 3093 2968 3166 cogitatione
2998 3090 3409 3146 tantummodo
3432 3091 3571 3144 sub-

1915 3191 2224 3247 stituendae
2257 3185 2682 3245 numerosioris
2723 3182 2902 3255 prolis
2956 3182 3064 3236 hoc
3098 3182 3316 3236 tactum
3349 3179 3444 3233 sit.
3479 3177 3574 3232 Sic

1914 3280 2067 3337 enim
2092 3281 2333 3352 possent
2357 3275 2614 3345 accipere
2647 3271 2914 3328 homines
2937 3271 3112 3325 etiam
3147 3268 3300 3340 quod
3324 3267 3394 3322 de
3423 3267 3578 3337 Agar

1914 3372 2132 3426 factum
2157 3366 2386 3439 est,nisi
2410 3363 2726 3437 Apostolus
2747 3362 3087 3416 admoneret
3106 3357 3204 3413 illa
3229 3356 3410 3412 fuisse
3425 3355 3577 3410 facta

1915 3458 2345 3533 prophetice,ut
2366 3456 2422 3510 in
2449 3454 2714 3524 utrisque
2730 3450 2993 3522 personis
3013 3448 3328 3504 mulierum
3343 3461 3577 3501 earum-

1914 3551 2293 3624 queﬁliorum
2317 3549 2432 3604 duo
2455 3549 2831 3602 Testamenta
2852 3543 2924 3597 ad
2950 3542 3282 3596 futurorum
3304 3553 3576 3611 praenun-

1912 3641 2213 3696 tiationem
2239 3635 2549 3708 allegorica
2572 3631 2923 3706 signiﬁcatio
2956 3631 3234 3700 figuraret
3264 3626 3470 3695 (Galat.
3497 3642 3571 3693 1v,

1911 3729 2124 3801 22-24).
2150 3726 2512 3783 Undeinisto
2537 3737 2768 3795 quoque
2792 3719 3032 3776 Abrahae
3046 3719 3195 3772 facto
3210 3714 3432 3785 aliquid
3457 3712 3574 3768 tale

1913 3819 2296 3891 quaerendum
2319 3822 2402 3872 est
2429 3833 2441 3883 ;
2466 3813 2574 3870 etsi
2597 3829 2707 3867 non
2726 3810 2890 3865 facile
2905 3811 3190 3873 occurrat,
3218 3802 3573 3877 ogointerim

1913 3910 2070 3981 quod
2090 3906 2380 3963 occurrit:
2411 3918 2656 3958 munera
2673 3917 2797 3973 qum
2815 3893 3280 3969 acccpcruntﬁlii
3297 3891 3573 3947 concubi-

1913 4015 2147 4065 narum,
2170 3996 2444 4050 videntur
2466 3991 2609 4056 mihi
2629 3990 2963 4062 signiﬁcare
2984 3987 3251 4058 quaedam
3277 3983 3372 4038 Dei
3397 3983 3570 4051 dona,

1910 4089 1997 4144 vel
2023 4090 2079 4143 in
2105 4083 2492 4143 sacramentis
2514 4081 2599 4137 vel
2617 4081 2672 4136 in
2697 4080 3029 4152 quibusque
3045 4073 3434 4148 signis,etiam
3453 4089 3577 4128 car-

1911 4177 2031 4236 nali
2058 4175 2272 4250 p0pulo
2301 4174 2640 4231 Judaaorum
2665 4175 2720 4226 et
2752 4167 3040 4224 hmreticis
3062 4167 3216 4228 data,
3243 4162 3405 4219 velut
3436 4159 3575 4216 filiis

1910 4266 2377 4324 concubinarum
2408 4282 2420 4328 ;
2454 4279 2588 4318 cum
2622 4258 2984 4315 haereditatis
3017 4272 3254 4320 munus,
3288 4253 3572 4326 quodest,

1909 4357 2164 4414 charitas
2178 4359 2234 4410 et
2255 4354 2371 4409 vita
2392 4356 2748 4417 reternamon
2760 4349 2872 4404 nisi
2888 4349 2957 4403 ad
2976 4349 3134 4403 Isaac
3149 4340 3573 4417 perlineat,hoc

1909 4453 2016 4518 est,
2052 4447 2122 4502 ad
2158 4445 2308 4500 filios
2341 4439 2772 4516 promissionis.

1979 4557 2165 4614 LXXI.
2200 4556 2308 4628 [1b.
2342 4571 2472 4618 xxv,
2508 4553 2619 4624 13.]
2642 4551 2788 4615 Quid
2819 4549 2929 4604 sibi
2955 4547 3248 4619 vultquod
3280 4545 3568 4618 scriptum

1906 4655 2014 4721 est,
2050 4650 2175 4705 "(re
2185 4649 2310 4702 sunt
2325 4645 2555 4701 nomina
2567 4641 2810 4713 ﬁliorum
2825 4639 3018 4694 Ismael
3029 4639 3325 4693 secundum
3338 4653 3463 4692 nom
3473 4638 3568 4690 ina

1903 4742 2325 4812 generationum
2349 4753 2536 4794 eorum
2554 4738 2710 4790 ?Non
2730 4731 2886 4788 enim
2907 4730 3050 4787 satis
3073 4730 3261 4786 elucet
3282 4727 3564 4784 curaddi-

1906 4838 2032 4888 tum
2055 4831 2154 4901 sit,
2177 4829 2476 4887 secundum
2490 4827 2710 4883 nomina
2736 4823 3162 4894 generationum
3181 4836 3368 4877 eorum
3385 4836 3406 4881 ,·
3426 4834 3561 4874 cum

1905 4922 1944 4976 ii
1973 4920 2080 4977 soli
2104 4919 2484 4976 nominentur
2507 4933 2652 4987 quos
2671 4913 2766 4969 ille
2792 4911 3012 4984 genuit,
3037 4927 3152 4966 non
3173 4909 3350 4965 etiam
3375 4906 3562 4980 quiab

1903 5011 2049 5084 ipsis
2072 5009 2253 5083 geniti
2278 5013 2436 5065 sunt.
2459 5006 2582 5062 Nisi
2598 5006 2742 5061 forte
2764 5003 2903 5074 quia
2922 5001 3187 5056 nationes
3205 5016 3274 5054 ex
3303 4989 3416 5052 illis
3429 5013 3562 5068 pro-

1906 5107 2128 5176 pagatae
2141 5117 2341 5156 eorum
2361 5097 2703 5154 nominibus
2725 5093 3114 5167 appellantur,
3140 5091 3245 5147 hoc
3264 5089 3565 5161 significa-

1905 5197 2034 5247 tum
2059 5191 2155 5260 sit,
2176 5207 2309 5244 cum
2325 5189 2542 5243 dictum
2569 5190 2676 5242 est.
2699 5184 3245 5241 secundumnomina
3263 5178 3566 5250 generatio-

1904 5299 2041 5337 num
2072 5297 2301 5338 eorum:
2333 5277 2603 5349 quamvis
2632 5276 2739 5330 hoc
2773 5275 2945 5330 modo
2977 5273 3085 5328 illa:
3133 5272 3396 5328 nationes
3445 5269 3566 5324 sint

1905 5375 2097 5447 potius
2112 5372 2434 5430 secundum
2451 5368 3093 5436 nominaistorum,non
3110 5363 3463 5421 istanomina
3479 5377 3564 5418 se-

1900 5465 2158 5521 cundum
2183 5461 2314 5517 illas
2356 5458 2650 5525 nationes;
2687 5454 2949 5528 quiaillzn
2991 5456 3283 5528 posterius
3315 5454 3552 5512 exstite-

1902 5553 2232 5611 runt.Unde
2256 5550 2514 5607 notanda
2534 5546 2750 5604 locutio
2777 5545 3033 5617 est,quia
3049 5550 3104 5602 et
3125 5555 3324 5619 postea
3346 5547 3413 5602 de
3440 5544 3557 5600 illis

1903 5645 2143 5713 dicitur,
2200 5641 2479 5697 duodecim
2502 5638 2780 5711 principes
2809 5635 3106 5692 secundum
3135 5646 3318 5708 gentes
3346 5651 3555 5693 eorum.

1975 5741 2189 5798 LXXII.
2224 5740 2336 5811 [1b.
2376 5754 2506 5808 xxv,
2532 5736 2645 5808 22.]
2682 5734 2846 5799 Quod
2879 5735 2951 5790 de
2981 5733 3240 5792 Rebecca
3269 5734 3552 5807 scriptum
