3998 6340
477 364 594 423 619

483 504 638 555 esset
670 498 730 552 in
783 497 1310 569 disceptationibus
1344 502 1516 550 tanta)
1551 493 1968 563 multitudinis,
2005 507 2130 562 quae

489 587 660 644 illum
691 587 749 642 in
767 587 1191 658 hocjudicandi
1211 586 1440 657 negotio
1461 603 1494 639 a
1514 601 1684 640 mane
1706 599 1893 655 usque
1915 583 1986 637 ad
2006 597 2131 636 ves-

491 694 692 750 peram
723 676 1070 732 detinebat?
1102 678 1169 730 Et
1198 681 1393 730 tamen
1428 676 1538 729 nisi
1570 691 1689 729 suae
1722 672 1902 728 menti
1931 669 2133 743 praesi-

490 769 722 823 dentem
756 766 1070 822 Dominum
1104 764 1452 830 consuleret,
1476 768 1784 834 legemque
1813 762 1940 833 ejus
1972 766 2134 815 aeter-

491 873 628 912 nam
662 855 954 927 sapienter
1002 857 1344 925 attenderel,
1379 853 1514 925 quid
1541 852 1945 924 justissimum
1974 849 2134 920 judi-

496 963 624 1002 care
654 946 804 1000 inter
832 945 1225 1016 disceptantes
1256 949 1472 1016 posset,
1508 960 1620 999 non
1652 941 1955 998 inveniret.

566 1080 800 1136 LXVIII.
835 1079 938 1151 [1b.
962 1097 1123 1149 xvm,
1159 1079 1249 1144 18,
1285 1080 1394 1146 19.)
1416 1078 1480 1134 In
1502 1095 1568 1133 eo
1600 1078 1751 1149 quod
1783 1075 1988 1132 Jothor
2008 1091 2138 1129 con-

491 1171 689 1228 silium
719 1170 817 1226 dat
847 1185 1058 1240 genero
1085 1168 1420 1240 suo~hloysi,
1451 1186 1522 1222 ne
1552 1171 1872 1238 occupatus
1894 1165 2138 1236 judiciis

487 1255 2138 1332 pepulistipseetpopulusconsumereturconsumptione

488 1347 1064 1420 intolerabili;prima
1077 1347 1546 1418 quaestioesl,cur
1563 1345 1668 1400 hoc
1683 1345 1835 1400 Deus
1850 1341 2136 1398 famulum

494 1456 669 1495 suum
701 1455 835 1493 cum
866 1454 980 1508 quo
1030 1437 1153 1507 ipse
1184 1440 1346 1491 tanta
1377 1440 1433 1490 et
1479 1433 1620 1490 talia
1665 1433 2035 1504 loquebatur,
2067 1431 2138 1486 ab

495 1528 820 1600 alienigena
831 1543 1042 1599 passus
1057 1530 1144 1580 est
1157 1525 1480 1581 admoneri.
1498 1525 1561 1580 In
1577 1540 1692 1594 quo
1713 1522 2012 1594 Scriptura
2035 1536 2140 1574 nos

495 1619 790 1684 admonet,
822 1634 924 1688 per
952 1615 1270 1686 quemlibet
1295 1614 1592 1669 hominem
1626 1613 1796 1668 detur
1826 1610 2141 1667 consilium

491 1707 773 1772 veritatis,
806 1723 921 1761 non
944 1706 1155 1760 debere
1177 1703 1495 1760 contemni.
1519 1702 1846 1758 Videndum
1872 1701 2047 1756 etiam
2071 1714 2143 1754 ne

493 1799 639 1853 forte
668 1797 749 1851 ibi
772 1796 1019 1851 voluerit
1041 1800 1192 1850 Deus
1214 1795 1286 1850 ab
1318 1793 1646 1864 alienigena
1668 1791 1966 1847 admoneri
1990 1793 2170 1860 Moy--

494 1905 617 1957 sen,
651 1885 751 1941 ubi
783 1891 839 1940 et
868 1886 1063 1957 ipsum
1085 1888 1283 1956 posset
1312 1887 1536 1938 tentare
1563 1881 1873 1953 superbia:
1907 1879 2147 1934 sedebat

495 1977 653 2033 enim
678 1975 995 2045 judiciaria
1017 1973 1379 2028 sublimitate
1412 1972 1594 2037 solus,
1628 1971 1894 2025 universo
1929 1967 2143 2040 populo

495 2071 705 2122 stante.
739 2065 883 2120 Nam
911 2064 1068 2119 hunc
1098 2080 1337 2118 sensum
1369 2062 1608 2129 indicat,
1631 2077 1763 2115 cum
1799 2060 1922 2130 ipse
1943 2058 2146 2112 Jothor

497 2172 596 2210 eos
619 2153 943 2224 eligijussit
964 2153 1034 2206 ad
1052 2153 1406 2220 judicandas
1429 2167 1633 2205 causas
1649 2148 1972 2220 populi,qui
1999 2147 2148 2201 odis-

499 2247 628 2299 scnt
653 2241 1242 2312 superbiam.Deinde
1261 2240 1970 2310 quanisitobservandum
1995 2237 2145 2305 quod

505 2330 643 2386 alibi
676 2330 975 2401 Scriptura
997 2329 1156 2395 dicit,
1183 2329 1315 2398 Fili,
1342 2346 1407 2383 ne
1430 2331 1487 2382 in.
1517 2330 1708 2383 multis
1738 2330 1847 2381 sint
1869 2336 2020 2380 actus
2043 2327 2145 2379 tui.

504 2421 692 2491 (Eccli.
726 2437 804 2484 x1,
838 2420 962 2491 10);
998 2419 1141 2473 satis
1190 2424 1245 2473 et
1294 2418 1386 2471 hic
1438 2423 1695 2489 apparet.
1729 2417 1948 2471 Deinde
1979 2415 2150 2469 verba

501 2509 710 2566 Jothor
739 2509 935 2563 dantis
965 2507 1276 2563 consilium
1301 2507 1484 2578 Moysi
1515 2506 1942 2562 consideranda
1971 2508 2144 2560 sunt:

503 2599 646 2654 dicit
674 2598 852 2666 enim,
885 2598 1039 2652 Nunc
1083 2599 1269 2668 itaque
1308 2596 1441 2651 audi
1469 2612 1576 2663 me,
1606 2599 1658 2649 et
1688 2596 1980 2649 consilium
2012 2594 2148 2649 dabo

501 2689 621 2756 tibi,
655 2697 706 2743 et
733 2690 840 2742 erit
861 2690 1003 2742 Deus
1033 2695 1228 2741 tecum.
1259 2686 1363 2741 Ubi
1387 2685 1529 2740 mihi
1549 2685 1774 2739 videtur
1809 2682 2146 2754 signiﬁcari,

501 2777 679 2833 nimis
709 2777 997 2832 intentum
1049 2776 1324 2831 humanis
1355 2775 1682 2830 actionibus
1715 2773 2002 2838 animum,
2034 2773 2150 2827 Deo

503 2867 936 2940 quodammodo
967 2865 1352 2935 vacuari,quo
1385 2865 1448 2918 ﬁt
1469 2868 1630 2918 tanto
1663 2863 1906 2934 plenior,
1935 2867 2151 2934 quanto

502 2957 562 3013 in
589 2973 846 3029 superna
876 2961 1048 3023 atque
1080 2961 1295 3010 alterna
1323 2954 1565 3009 liberius
1596 2952 1946 3008 extenditur.

576 3093 760 3148 LXIX.
804 3093 913 3161 [1b.
947 3108 1109 3157 xvm,
1143 3091 1228 3158 19,
1254 3090 1370 3158 20.]
1422 3088 1583 3155 Quod
1615 3104 1749 3142 vero
1802 3086 2071 3158 adjungit
2099 3090 2156 3142 et

507 3183 668 3250 dicit,
701 3183 822 3238 Esto
853 3191 916 3237 tu
953 3181 1159 3252 populo
1189 3196 1306 3250 qua:
1349 3177 1418 3232 ad
1449 3179 1642 3241 Deum,
1671 3186 1724 3232 et
1755 3181 1961 3247 referes
1988 3178 2156 3231 verba

507 3289 694 3329 eorum
723 3270 793 3326 ad
822 3272 995 3326 Deum
1027 3288 1045 3325 :
1077 3278 1126 3323 et
1174 3268 1458 3323 testabcris
1505 3267 1618 3320 illis
1664 3275 1932 3337 praecepta
1983 3267 2078 3320 Dei
2107 3271 2158 3320 et

509 3362 682 3429 legem
710 3361 864 3431 ejus;
895 3367 945 3414 et
963 3357 1368 3414 demonstrabis
1400 3357 1514 3410 illis
1536 3357 1653 3411 vias
1674 3357 1732 3410 in
1755 3357 1954 3425 quibus
1970 3355 2158 3410 ambu-

511 3449 704 3505 labunt
736 3451 797 3504 in
811 3451 980 3518 eis,et
1006 3463 1173 3518 Opera
1195 3460 1318 3517 quae
1345 3447 1591 3516 facient;
1623 3462 1753 3499 cum
1788 3444 1999 3516 pepulo
2026 3443 2154 3499 uni-

507 3555 675 3597 verso
707 3537 830 3592 haec
859 3536 1086 3608 agenda
1115 3549 1239 3592 esse
1285 3535 1668 3590 demonstrat.
1701 3535 1823 3589 Non
1855 3534 2012 3590 enim
2055 3535 2156 3602 ait,

511 3627 986 3698 Uniuscujusque
1031 3625 1207 3680 verba
1238 3625 1448 3679 referes
1497 3625 1568 3678 ad
1613 3628 1812 3686 Deum,
1862 3623 1963 3678 sed
1995 3625 2160 3678 verba

510 3734 722 3786 eorum,
755 3733 889 3771 cum
921 3733 1101 3786 supra
1147 3714 1409 3780 dixisset,
1456 3715 1583 3768 Esto
1613 3717 1673 3768 lu
1715 3714 1913 3783 populo
1943 3729 2061 3782 quae
2090 3713 2161 3767 ad

511 3805 984 3862 Deumsunt.Post
1006 3804 1411 3859 haecadmonet
1429 3820 1498 3857 ne
1513 3801 1880 3874 singulorum
1906 3802 2157 3872 negotia,

513 3914 639 3968 qua:
669 3896 820 3950 inter
841 3911 902 3950 se
918 3893 1157 3961 habent,
1172 3894 1534 3956 deserantur,
1553 3891 1749 3947 electis
1770 3891 2038 3946 videlicet
2059 3908 2158 3962 po-

514 3985 774 4042 tentibus
790 3983 928 4038 viris
946 3984 1127 4039 Deum
1156 3981 1504 4047 colentibus,
1526 3981 1724 4051 justis,
1742 3985 1797 4036 et
1815 3980 1908 4050 qui
1931 3980 2163 4035 oderint

513 4074 874 4147 superbiam,
896 4090 1042 4144 quos
1063 4071 1382 4127 constituat
1399 4087 1575 4141 super
1595 4069 1883 4136 millenos,
1901 4069 2046 4125 alios
2069 4087 2163 4126 su-

514 4182 618 4237 per
639 4168 938 4228 centenes,
965 4161 1109 4217 alios
1133 4177 1309 4232 super
1335 4160 1796 4230 quinquagenos,
1819 4158 1964 4214 alios
1986 4175 2163 4230 super

514 4256 714 4310 denos.
747 4253 840 4309 Sic
870 4257 924 4307 et
955 4252 1027 4306 ab
1059 4250 1187 4322 ipso
1211 4254 1400 4321 Moyse
1433 4249 1678 4304 removit
1707 4265 1911 4318 graves
1933 4255 1988 4303 et
2011 4249 2160 4320 peri-

512 4344 745 4400 culosas
763 4341 1192 4413 occupationes,
1210 4356 1315 4394 nec
1341 4339 1481 4394 istos
1493 4336 1772 4408 gravavit.
1789 4337 2162 4409 Quandoqui-

511 4436 643 4490 dem
677 4432 790 4504 ipsi
823 4430 981 4486 mille
1002 4430 1287 4486 baberent
1316 4445 1498 4483 unum
1524 4443 1700 4496 super
1731 4443 1812 4493 se,
1836 4431 1890 4481 et
1922 4427 2030 4482 sub
2061 4428 2160 4484 illo

508 4523 793 4578 haberent
815 4520 960 4576 alios
989 4521 1280 4584 decem,et
1310 4517 1419 4572 sub
1442 4517 1526 4571 eis
1549 4514 1693 4571 alios
1723 4515 1948 4586 viginti,
1973 4522 2029 4571 et
2048 4519 2160 4573 sub

508 4611 601 4668 his
619 4610 766 4667 alios
788 4615 1126 4674 centum,ut
1149 4609 1243 4663 vix
1273 4606 1490 4677 aliquid
1515 4606 1582 4659 ad
1609 4605 1874 4675 singulos
1898 4623 2160 4678 quosque

506 4700 850 4774 praepositos
882 4699 1229 4770 perveniret,
1254 4695 1407 4767 quod
1433 4694 1701 4763 judicare
1731 4711 1961 4750 necesse
1983 4696 2156 4753 babe-

506 4797 652 4848 rent.
688 4791 1030 4846 Insinuatur
1070 4789 1161 4843 hic
1215 4785 1388 4840 etiam
1422 4783 1773 4838 humilitatis
1803 4785 2154 4857 exemplum,

507 4882 660 4952 quod
694 4881 941 4952 Moyses,
965 4894 1098 4932 cum
1132 4892 1247 4945 quo
1270 4873 1620 4944 loquebatur
1651 4873 1824 4940 Deus,
1854 4891 1966 4930 non
1993 4877 2158 4931 fasti-

507 4971 667 5038 divit,
695 4986 884 5040 neque
905 4964 1258 5035 contempsit
1280 4962 1621 5032 alienigena:
1651 4964 1833 5018 soceri
1857 4965 1945 5019 sui
1974 4966 2157 5021 consi-

505 5060 673 5115 lium.
705 5059 1051 5125 Quanquam
1085 5061 1142 5108 et
1175 5053 1299 5123 ipse
1328 5052 1552 5121 Jothor,
1577 5069 1713 5106 cum
1745 5052 2008 5108 Israelita
2039 5071 2153 5110 non

505 5148 735 5212 fuisset,
761 5151 958 5200 utrum
983 5144 1131 5198 inter
1152 5142 1303 5196 viros
1318 5141 1497 5196 Deum
1516 5159 1715 5196 verum
1747 5141 1996 5197 colentes
2017 5143 2152 5197 reli-

503 5239 784 5308 gioseque
805 5234 1096 5305 sapientes
1121 5232 1425 5286 habendus
1455 5231 1550 5298 sit,
1575 5233 2075 5301 quemadmodum
2098 5239 2154 5288 et

499 5325 628 5393 Job,
663 5341 796 5382 cum
829 5341 895 5379 ex
927 5323 1052 5393 ipso
1082 5320 1293 5392 populo
1319 5337 1432 5374 non
1461 5320 1686 5387 fuisset,
1717 5321 1924 5374 merito
1947 5321 2153 5391 quaeri-

499 5420 595 5468 tur
628 5429 640 5466 :
677 5412 794 5468 imo
827 5410 1164 5467 credibilius
1198 5410 1462 5464 habetur.
1489 5409 1771 5479 Ambigua
1803 5409 2019 5480 quippe
2050 5425 2151 5480 po-

498 5501 612 5557 sita
643 5506 784 5556 sunt
805 5501 998 5567 verba,
1023 5498 1111 5554 vel
1140 5504 1338 5554 utrum
1360 5497 1772 5553 sacrificaverit
1792 5498 1906 5552 Deo
1937 5514 2070 5552 vero
2090 5498 2149 5553 in

496 5589 709 5661 populo
732 5592 878 5662 ejus,
897 5589 1130 5660 quando
1157 5588 1299 5643 vidit
1319 5603 1599 5659 generum
1623 5603 1818 5654 suum,
1840 5586 1926 5642 vel
1950 5591 2148 5643 utrum

497 5697 632 5736 eum
665 5681 992 5738 adoraverit
1021 5681 1148 5753 ipse
1177 5679 1404 5750 Moyses
1430 5695 1442 5732 :
1469 5693 1810 5749 quanquam
1843 5679 1913 5734 de
1938 5678 2146 5734 adora-

496 5770 652 5829 tione
681 5771 858 5829 etiam
898 5771 949 5828 si
979 5785 1251 5842 expresse
1283 5766 1540 5840 positum
1571 5772 1749 5839 esset,
1780 5767 1966 5826 honor
1991 5768 2145 5828 vide-

1221 361 1757 433 OU/ES'I‘IONUM
1807 363 1868 421 S.
1914 357 2334 419 AUGUS'I‘INI
2382 354 2459 416 IN
2506 353 3149 420 IIEP'I‘A'I‘EUCHUM

3779 358 3892 416 620

2240 496 2402 545 retur
2432 507 2631 547 socero
2655 492 3018 560 redditus,eo
3040 492 3213 547 modo
3236 508 3352 563 quo
3383 491 3532 547 solet
3550 491 3896 547 hominibus

2240 578 2693 636 honoriﬁcentia
2732 597 2911 636 causa
2940 580 3200 636 exhiberi
3231 597 3265 636 a
3296 580 3604 649 Patribus;
3639 581 3799 636 sicut
3829 582 3896 635 de

2239 669 2532 724 Abraham
2564 670 2848 742 scriptum
2881 675 2992 740 est,
3023 670 3174 740 quod
3209 671 3537 726 adoraverit
3569 670 3726 726 ﬁlios
3757 670 3899 725 Cbet

2240 761 2396 827 (Gen.
2428 761 2677 830 XXII!,7).
2695 761 2850 824 Quos
2877 766 3070 815 autem
3095 761 3250 816 dicat
3280 764 3899 833 χραμματοεισαγωγεῖς

2242 852 2374 919 post
2391 848 2754 916 decuriones,
2775 866 2891 904 non
2918 849 3080 905 facile
3093 849 3227 905 sciri
3249 855 3464 922 potest;
3483 851 3766 922 quoniam
3791 851 3900 905 hoc

2244 955 2455 992 nomen
2480 938 2538 992 in
2562 937 2724 993 nullo
2746 956 2857 994 usu
2881 939 3281 1006 habemus,vel
3306 940 3753 1006 ofﬁciorum,vel
3776 957 3898 994 ma-

2242 1026 2639 1097 gisteriorum.
2664 1028 2806 1084 Nam
2828 1029 3065 1100 quidam
3088 1029 3325 1084 doctores
3349 1029 3713 1100 interpretati
3739 1040 3897 1097 sunt,

2245 1122 2311 1170 ut
2328 1116 2732 1188 intelligantur
2749 1118 2950 1188 utique
2964 1117 3422 1190 litterarum,qui
3444 1119 3824 1175 introducant
3842 1120 3900 1174 in

2243 1205 2489 1276 litteras,
2518 1205 2671 1262 sicut
2704 1213 2935 1262 resonat
2954 1223 3207 1278 grecum
3237 1208 3606 1264 vocabulum.
3630 1210 3737 1265 Hic
3761 1226 3902 1265 sane

2245 1295 2616 1365 signiﬁcatur
2647 1297 2802 1367 quod
2827 1301 2958 1352 ante
2984 1301 3194 1368 Legem
3224 1298 3420 1354 datam
3452 1298 3770 1355 habuerint
3791 1299 3901 1355 Ile-

2247 1383 2384 1438 brazi
2435 1383 2704 1440 litteras:
2738 1402 2868 1458 quat
2912 1387 3145 1458 quando
3192 1387 3472 1458 coeperint
3517 1404 3668 1455 esse,
3702 1389 3901 1444 nescio
3995 1447 3998 1458 ι

2249 1478 2448 1528 utrum
2481 1474 2670 1530 valeat
2717 1475 3004 1548 indagari.
3040 1475 3350 1533 Nonnullis
3399 1477 3552 1533 enim
3601 1477 3840 1534 videtur
3869 1495 3902 1532 a

2249 1563 2453 1635 primis
2485 1563 2826 1619 hominibus
2849 1582 2944 1619 eas
2977 1567 3244 1637 coepisse,
3261 1571 3318 1622 et
3341 1567 3651 1638 perductas
3673 1583 3807 1624 esse
3828 1569 3898 1624 ad

2248 1652 2386 1718 Noe,
2413 1657 2589 1723 atque
2619 1653 2753 1709 inde
2783 1655 2852 1709 ad
2887 1660 3155 1726 parentes
3174 1655 3512 1724 Abrahae,et
3542 1656 3680 1713 inde
3701 1657 3776 1712 ad
3799 1674 3900 1729 po-

2251 1740 2457 1812 pulum
2489 1742 2664 1797 Israel
2691 1759 2702 1796 :
2729 1744 2830 1797 sed
2864 1744 3019 1799 unde
3050 1744 3157 1799 hoc
3179 1744 3411 1816 probari
3441 1746 3647 1817 possit,
3671 1746 3901 1818 ignoro.

2321 1829 2473 1883 LXX.
2509 1831 2614 1898 [Ib.
2649 1848 2762 1898 xix,
2800 1833 2967 1902 1-11.]
2999 1833 3194 1888 Mensis
3225 1838 3416 1890 autem
3446 1837 3598 1890 tertii
3623 1839 3811 1891 exitus
3838 1836 3902 1905 ﬁ-

2256 1917 2459 1972 liorum
2481 1919 2651 1974 Israel
2671 1920 2734 1973 de
2749 1929 2900 1974 terra
2923 1924 3155 1992 Ᾱῖυῃριί
3174 1922 3283 1978 huc
3300 1923 3388 1978 die
3410 1930 3676 1979 venerunt
3701 1927 3764 1979 in
3783 1941 3906 1980 ere-

2251 2024 2404 2061 mum
2428 2008 2583 2078 Sina,
2611 2010 3136 2082 etprofeclisuntex
3156 2012 3458 2082 Itaphidin,
3482 2023 3532 2068 et
3551 2023 3826 2070 venerunt
3848 2015 3905 2069 in

2252 2113 2496 2151 eremum
2529 2098 2682 2165 Sina,
2703 2102 2752 2152 et
2783 2101 3052 2169 applicuit
3073 2102 3236 2155 Israel
3260 2101 3337 2155 ibi
3363 2104 3554 2156 contra
3573 2107 3837 2171 montem,
3859 2107 3909 2158 et

2255 2185 2452 2255 Mog/sos
2483 2187 2725 2241 ascendit
2755 2189 2812 2241 in
2845 2194 3082 2243 montem
3111 2191 3228 2254 Dei,
3251 2194 3304 2243 et
3324 2193 3534 2245 vocavit
3566 2208 3691 2246 eum
3715 2196 3906 2248 Dom-i-

2254 2291 2358 2328 nus
2386 2277 2454 2328 de
2483 2280 2662 2331 monte
2689 2276 2898 2345 dicens,
2935 2279 3052 2332 "(BC
3083 2279 3225 2334 dices
3255 2280 3442 2334 domui
3467 2282 3648 2350 Jacob,
3673 2287 3723 2336 et
3754 2301 3908 2337 nun.-

2257 2365 2422 2420 tiubis
2455 2365 2596 2434 [iliis
2627 2369 2815 2434 Israel,
2841 2372 2896 2422 et
2926 2374 3148 2422 caetera.
3169 2368 3386 2423 Deinde
3410 2370 3583 2441 paulo
3610 2377 3781 2442 post:
3806 2374 3908 2427 De-

2254 2451 2469 2519 scende,
2497 2458 2545 2508 et
2563 2458 2760 2509 testare
2779 2456 3069 2526 papulo,el
3093 2458 3332 2527 puri/ica
3354 2458 3476 2512 illos
3507 2459 3667 2514 hodie
3685 2469 3738 2514 et
3757 2477 3907 2528 cras,

2256 2552 2306 2597 et
2337 2544 2516 2597 lavent
2547 2545 2890 2615 vestimenta,
2933 2554 2982 2600 et
3011 2548 3124 2600 sint
3151 2549 3344 2616 parati
3373 2549 3432 2601 in
3463 2548 3613 2603 diem
3655 2551 3907 2605 tertium.

2262 2633 2439 2686 Tertia
2468 2635 2615 2688 enim
2648 2636 2744 2688 die
2788 2634 3070 2690 descendet
3115 2638 3383 2691 Dominus
3413 2639 3473 2691 in
3502 2643 3740 2694 montem
3766 2643 3910 2697 Sina

2257 2737 2439 2775 coram
2469 2723 2626 2776 omni
2644 2723 2866 2794 populo.
2889 2723 3007 2778 Hoc
3038 2723 3130 2779 die
3151 2725 3438 2796 reperitur
3467 2727 3602 2782 data
3628 2733 3755 2796 Lex,
3778 2746 3909 2800 qua:

2259 2810 2316 2864 in
2336 2810 2553 2866 tabulis
2575 2811 2821 2883 lapideis
2849 2813 3066 2884 scripta
3083 2813 3370 2885 estdigito
3393 2814 3514 2883 Dei,
3531 2815 3682 2871 sicut
3707 2833 3912 2873 conse-

2261 2900 2499 2970 quentia
2530 2901 2738 2956 docent
2768 2901 2960 2971 (Exod.
2989 2919 3139 2968 xxxx,
3166 2903 3254 2973 18)
3298 2902 3429 2959 Dies
3447 2910 3642 2960 autem
3668 2906 3777 2961 iste
3799 2913 3909 2962 ter-

2261 2987 2378 3044 tius
2410 2991 2823 3061 apparettertii
2843 2991 3064 3047 mensis
3089 2994 3159 3048 ab
3177 2993 3332 3048 exitu
3361 2994 3537 3049 Israel
3559 3011 3626 3049 ex
3642 2996 3909 3068 Egypto.

2261 3078 2340 3132 Ex
2374 3079 2465 3133 die
2485 3095 2622 3150 ergo
2647 3096 2761 3150 quo
2783 3081 3006 3136 Pascha
3028 3083 3308 3147 fecerunt,
3333 3082 3390 3136 id
3421 3087 3530 3154 est,
3555 3101 3767 3153 agnum
3797 3086 3912 3140 im-

2264 3166 2629 3223 molaverunt
2665 3173 2721 3224 et
2767 3170 3034 3235 ederunt,
3068 3169 3166 3242 qui
3214 3171 3326 3226 fuit
3355 3177 3600 3244 quartus
3646 3175 3915 3230 decimus

2265 3255 2437 3327 primi
2471 3257 2692 3313 mensis
2725 3259 2834 3328 (1d.
2867 3276 2967 3328 x11,
2993 3260 3094 3331 6.),
3128 3277 3316 3331 usque
3347 3262 3418 3316 ad
3452 3262 3630 3318 istum
3655 3280 3769 3334 quo
3801 3270 3916 3320 Lex

2265 3345 2454 3414 datur,
2476 3346 2599 3402 dies
2623 3347 3054 3420 quinquaginta
3076 3355 3466 3406 numerantur
3489 3368 3500 3406 :
3525 3356 3794 3408 etdecem
3820 3371 3912 3409 se-

2266 3439 2421 3506 ptem
2436 3435 2659 3491 scilicet
2672 3437 2845 3508 primi
2872 3437 3108 3506 mensis,
3124 3437 3333 3510 reliqui
3355 3439 3425 3494 ab
3439 3439 3565 3511 ipso
3588 3449 3794 3512 quarto
3811 3443 3915 3499 de-

2265 3524 2454 3590 cimo;
2490 3525 2697 3581 deinde
2727 3542 2932 3582 omnes
2958 3527 3212 3599 Ltriginta
3261 3529 3500 3584 secundi
3534 3531 3774 3601 mensis,
3809 3533 3916 3604 qui

2268 3614 2417 3668 ﬁunt
2448 3615 2839 3688 quadraginta
2865 3620 3088 3687 septem
3116 3634 3130 3686 ;
3163 3621 3219 3672 et
3247 3618 3452 3674 tertius
3483 3620 3634 3675 tertii
3667 3623 3916 3688 mensis,

2269 3703 2367 3773 qui
2384 3709 2472 3758 est
2485 3721 2515 3759 a
2539 3703 2908 3762 solemnitate
2922 3705 3096 3762 occisi
3120 3707 3256 3778 agni
3281 3706 3826 3780 quinquagesimus.
3842 3713 3924 3766 Ac

2269 3808 2371 3864 per
2384 3793 2563 3848 hocin
2579 3794 2692 3849 ista
2706 3794 2916 3849 umbra
2930 3795 3464 3864 l'uturi,secundum
3482 3799 3614 3869 agni
3631 3799 3924 3855 immolati

2270 3881 2424 3936 diem
2459 3882 2694 3951 festum,
2719 3883 2872 3938 sicut
2891 3884 3382 3956 quinquagesimo
3407 3886 3500 3942 die
3524 3891 3636 3943 Lex
3658 3889 3792 3944 data
3809 3894 3924 3959 est,

2270 3988 2397 4042 quae
2431 3973 2763 4043 conscripta
2793 3978 2883 4027 est
2931 3973 3112 4045 digito
3143 3973 3244 4028 Dei
3280 3989 3294 4030 :
3327 3974 3409 4031 ita
3433 3975 3495 4031 in
3525 3976 3653 4048 ipsa
3681 3979 3926 4035 veritate

2268 4060 2410 4114 Novi
2433 4060 2791 4116 Testamenti
2814 4061 3925 4135 afestivitateagniimmaculatiChristi

2268 4149 2406 4205 Jesu
2432 4150 2852 4222 quinquaginta
2873 4150 2996 4206 dies
3020 4157 3422 4220 numerantur,
3440 4155 3764 4228 utSpiritus
3785 4175 3924 4213 san-

2271 4245 2396 4294 ctus
2423 4242 2438 4274 1
2473 4241 2543 4294 de
2575 4239 2879 4296 altissimis
2911 4241 3081 4296 datus
3104 4247 3193 4296 est
3221 4244 3355 4309 (Act.
3389 4259 3452 4312 ιι,
3481 4244 3535 4310 2,
3559 4245 3633 4316 4).
3658 4246 3925 4319 Digitum

2272 4329 2370 4384 Dei
2405 4334 2599 4384 autem
2651 4347 2780 4386 esse
2827 4329 3107 4402 Spiritum
3154 4335 3450 4403 sanctum,
3482 4338 3537 4389 et
3583 4351 3762 4407 supra
3790 4337 3924 4407 jam

2270 4418 2528 4474 diximus
2560 4424 2709 4475 teste
2740 4419 3047 4490 Evangelio
3079 4419 3298 4490 (Supra,
3319 4431 3507 4491 quaest.
3536 4423 3648 4494 25.)

2346 4508 2528 4564 LXXI.
2563 4510 2665 4580 [1b.
2699 4527 2793 4575 xx,
2830 4510 3002 4578 1-17.]
3052 4509 3360 4578 Qumritur,
3393 4511 3594 4567 decem
3635 4521 3926 4586 praecepta

2271 4599 2434 4669 Legis
2457 4598 2956 4669 quemadmodum
2979 4597 3289 4654 dividenda
3308 4599 3651 4657 sintzutrum
3669 4608 3927 4673 quatuor

2269 4688 2389 4743 sint
2414 4704 2599 4757 usque
2622 4688 2693 4742 ad
2716 4692 3068 4758 praeceptum
3091 4687 3162 4742 de
3185 4689 3452 4757 sabbato,
3475 4707 3604 4761 qua:
3627 4695 3694 4747 ad
3722 4693 3921 4765 ipsum

2268 4779 2451 4834 Deum
2468 4777 2758 4848 pertinent
2775 4794 2786 4843 ;
2803 4793 2904 4831 sex
2917 4782 3111 4831 autem
3132 4777 3638 4851 reliqua,quorum
3659 4785 3921 4854 primum

2269 4873 2377 4934 est,
2401 4873 2627 4923 Honora
2642 4873 2863 4936 patrem
2879 4872 2930 4921 et
2946 4875 3206 4935 matrem,
3222 4883 3348 4938 quae
3373 4869 3444 4923 ad
3463 4868 3760 4927 hominem
3785 4890 3924 4944 per-

2267 4959 2456 5013 tinent
2488 4972 2500 5009 :
2536 4973 2609 5010 an
2643 4955 2836 5025 potius
2868 4955 2970 5010 illa
2999 4955 3112 5010 tria
3141 4955 3282 5022 sint,
3313 4960 3371 5012 et
3403 4957 3516 5013 ista
3542 4965 3784 5031 septem.
3811 4964 3921 5028 Qui

2266 5047 2419 5102 enim
2446 5045 2647 5100 dicunt
2666 5043 2769 5099 illa
2791 5049 3042 5115 quatuor
3061 5060 3210 5113 esse,
3227 5050 3670 5118 separantquod
3694 5049 3918 5108 dictum

2267 5143 2376 5204 est,
2403 5139 2525 5192 Non
2557 5141 2718 5189 erant
2749 5136 2952 5190 tibidii
2980 5137 3084 5191 alii
3110 5141 3309 5207 przeler
3335 5154 3423 5193 me
3442 5155 3462 5199 ;
3496 5144 3558 5193 ut
3589 5139 3747 5195 aliud
3780 5159 3919 5214 prae-

2264 5230 2497 5296 ceptum
2531 5225 2624 5293 sit,
2657 5225 2773 5278 Non
2803 5227 2973 5295 facies
3002 5225 3104 5279 tibi
3130 5226 3360 5294 idolum,
3383 5231 3492 5282 etc.
3521 5228 3618 5283 ubi
3639 5229 3920 5302 ﬁgmenta

2264 5313 2506 5369 colenda
2530 5312 2938 5384 prohibentur.
2967 5312 3158 5369 Unum
3178 5320 3375 5370 autem
3397 5315 3598 5372 volunt
3623 5333 3771 5382 esse,
3797 5325 3915 5376 Non

2261 5406 2609 5476 concupisces
2640 5419 2867 5460 uxorem
2891 5406 3142 5475 proximi
3172 5406 3275 5475 tui,
3307 5406 3423 5463 Non
3452 5410 3799 5479 concupisces
3829 5411 3919 5466 de-

2327 5587 2342 5618 ι
2373 5583 2524 5644 Apud
2566 5583 2650 5648 ΕΓ.
2696 5583 2825 5648 _Lov.
2875 5581 3118 5648 habetur,
3132 5583 3358 5648 ﬂuendo
3408 5585 3636 5648 Spiritus
3683 5593 3906 5639 sanctus.

2261 5643 2446 5697 Nonne
2476 5645 2665 5695 melius
2696 5645 2988 5709 legeretur,
3014 5643 3365 5709 etZFuleitur
3405 5643 3521 5699 hinc
3565 5654 3749 5700 nostra
3778 5666 3909 5702 con-

2254 5710 2461 5780 jectura
2492 5709 2656 5780 altero
2691 5708 3053 5780 St'Augustini
3083 5708 3214 5780 loco,
3251 5723 3446 5780 nempe
3479 5713 3646 5766 Serm.
3677 5716 3721 5777 8,
3750 5728 3805 5766 n.
3832 5720 3907 5780 13,

2262 5777 2340 5837 14,
2371 5774 2423 5824 in
2452 5785 2558 5837 quo
2589 5772 2705 5822 haec
2730 5771 2847 5836 ipsa
2874 5773 3210 5835 repetuntur.
3275 5775 3344 5825 Μ.
