3998 6352
231 281 353 342 637

1604 286 1833 347 LIBER
1876 286 2308 351 SECUNDUS.

234 416 513 486 chinos,et
531 415 753 490 sculpes
773 419 833 474 in
844 422 924 475 eis
944 422 1171 479 nomina
1192 425 1662 495 ﬁliorum‘lsrael;
1683 439 1782 479 sex
1801 438 1895 479 no-

236 507 399 561 mina
420 508 479 561 in
505 508 689 579 lapide
706 514 893 580 uno,et
910 527 1007 565 sea:
1028 511 1259 585 reliqua
1281 517 1339 570 in
1362 516 1554 583 altero,
1569 516 1737 585 juxta
1749 513 1896 571 ordi-

3540 293 3660 354 638

2004 423 2123 481 tunc
2150 424 2340 480 eadem
2371 426 2695 483 commenda
2719 426 2994 498 ﬁdelibus,
3015 433 3065 483 et
3096 428 3164 483 iis
3192 428 3290 500 qui
3318 427 3499 484 idonei
3525 433 3655 485 sunt

2001 523 2053 569 et
2074 514 2213 569 alios
2234 514 2420 571 (locere
2440 516 2513 583 (II
2542 518 2673 571 Tim.
2700 534 2763 581 ιι,
2788 517 2867 588 2.)
2890 522 2974 571 An
2997 516 3132 588 quid
3158 517 3312 571 aliud
3331 516 3353 571 ?
3372 534 3650 589 magnum

235 612 363 651 nem
386 598 709 653 nativitatis
726 614 933 667 eorum,
960 618 1031 656 an
1056 602 1524 676 intelligendum,
1549 606 1644 658 ut‘
1672 602 1895 676 lapides
2000 604 2193 657 tamen
2212 605 2615 676 est,quidquid
2636 605 2778 661 illud
2794 609 3153 661 est.lntranti
3172 614 3366 661 autem
3388 615 3651 662 eterean-

235 687 363 743 sint
383 686 453 742 de
478 687 820 745 nominibus
844 689 1099 747 filiorum
1128 692 1302 749 Israel
1334 694 1660 749 secundum
1683 693 1892 749 nativi-

2000 690 2180 760 ti,pro
2204 692 2279 746 inl
2294 693 2474 747 rantis
2492 699 2547 749 et
2564 695 2860 761 exeuntis;
2884 695 3098 751 locutio
3119 699 3226 750 est.
3244 697 3353 751 V0.1:
3376 713 3474 767 pro
3490 698 3651 753 soni—

232 779 387 832 tates
410 776 699 843 eorum,id
723 781 813 833 est
834 781 1158 836 secundum
1182 781 1445 837 ordinem
1460 798 1575 854 quo
1590 781 1711 837 nati
1727 782 1896 837 sunt?
2000 783 2063 834 tu
2084 798 2096 847 ;
2118 798 2251 836 nam
2271 782 2801 839 tintinnabulorum
2819 785 3007 857 magis
3030 802 3209 841 sonus
3225 802 3399 857 quam
3415 803 3520 842 vox
3541 791 3646 842 est.

311 866 497 922 CXVI.
523 867 629 935 [1b.
653 885 851 935 xxvm,
872 869 987 937 22.]
1014 871 1076 926 Et
1094 872 1264 941 facies
1285 888 1449 943 super
1469 872 1747 928 rationale
1766 873 1889 943 ﬁm-

236 956 389 1011 brias
409 958 818 1027 complectentes
830 974 965 1028 Opus
978 964 1293 1016 catenatum
1315 961 1380 1017 de
1397 977 1534 1017 auro
1550 978 1711 1034 puro.
1727 961 1889 1025 Quod

233 1045 405 1102 latini
424 1048 704 1103 rationale
724 1048 1088 1121 interpretati
1105 1049 1471 1122 sunt,inopia
1491 1050 1708 1122 linguae
1734 1051 1888 1107 fecit.

233 1136 471 1193 Gracus
485 1138 641 1193 enim
660 1138 837 1194 habet
853 1136 1065 1212 λόγιον,
1082 1157 1197 1195 non
1213 1135 1769 1214 λογικόνᾚαιίοιιαιθ
1786 1158 1888 1197 au-

234 1233 359 1285 tem
391 1229 533 1285 illud
559 1229 817 1287 solemus
839 1230 1327 1303 appellare,quod
1362 1232 1541 1288 Graeci
1566 1232 1768 1287 dicunt
1790 1228 1887 1285 λο-

227 1319 407 1393 γικόν.
423 1320 531 1375 Sed
550 1320 830 1392 quoniam
848 1319 1015 1395 λόγος
1038 1321 1095 1377 in
1119 1321 1523 1394 graecalingua
1544 1321 1888 1393 ambiguum

228 1413 345 1481 est,
370 1412 567 1466 utrum
580 1410 824 1466 verbum
847 1410 1246 1483 significet,an
1268 1410 1888 1481 rationem,quiautri-

229 1516 425 1571 usque
443 1500 524 1556 rei
541 1516 750 1556 nomen
765 1505 884 1568 est;
911 1500 1010 1556 ubi
1028 1504 1297 1572 putatum
1325 1504 1414 1556 est
1428 1502 1644 1555 averbo
1663 1500 1885 1557 dictum

228 1587 444 1667 λόγιον,
468 1590 769 1663 eloquium
783 1591 967 1647 nostri
993 1592 1357 1665 interpretati
1375 1595 1515 1647 sunt
1541 1608 1554 1649 :
1580 1608 1716 1647 nam
1734 1593 1886 1663 quod

227 1682 544 1749 habemus,
561 1682 795 1754 Eloquia
818 1683 1058 1747 Domini,
1087 1682 1305 1753 eloquia
1333 1689 1479 1737 casta
1509 1682 1678 1751 (Psal.
1701 1699 1779 1750 x1,
1805 1684 1883 1753 7),

226 1771 414 1830 Grmci
445 1770 665 1827 habent
694 1767 854 1845 λόγια
886 1787 899 1826 :
934 1771 1030 1826 hic
1058 1787 1194 1827 vero
1228 1771 1285 1825 in
1326 1774 1484 1827 veste
1514 1770 1883 1840 sacerdotali,

224 1861 389 1934 quod
417 1876 486 1916 ex
514 1876 656 1916 auro
687 1862 743 1915 et
775 1859 1090 1933 hyacintho
1121 1862 1179 1915 et
1209 1876 1469 1932 purpura
1490 1864 1546 1915 et
1574 1875 1745 1916 cocco
1776 1861 1882 1916 du-

228 1950 369 2024 plici
402 1952 554 2006 torto
574 1953 630 2006 et
648 1949 820 2023 bysso
839 1948 1059 2023 duplici
1088 1953 1242 2005 torta
1272 1949 1397 2005 fieri
1418 1953 1770 2021 praeceptum
1794 1954 1886 2007 est

221 2040 581 2112 quadratum
613 2038 845 2111 duplex,
860 2038 1017 2110 quod
1036 2042 1190 2095 esset
1205 2038 1264 2093 in
1289 2042 1519 2111 pectore
1538 2039 1880 2109 sacerdotis,

220 2134 284 2185 et
316 2127 500 2203 λόγιον
534 2131 860 2195 vocaretur,
892 2128 1180 2184 incertum
1211 2132 1410 2183 utrum
1438 2145 1471 2183 ο,
1500 2129 1725 2185 ratione
1755 2146 1827 2184 an
1850 2146 1882 2185 a

215 2220 399 2275 verbo
426 2220 669 2274 ductum
704 2217 897 2284 fuerit,
930 2217 1277 2289 interpretes
1307 2217 1491 2274 nostri
1523 2218 1716 2290 magis
1740 2236 1773 2275 a
1794 2236 1881 2275 ra-

212 2309 377 2366 tione
409 2308 631 2365 dictum
666 2310 940 2380 putantes
970 2308 1246 2363 rationale
1274 2306 1734 2379 appellaverunt.

286 2398 495 2455 CXVII.
529 2397 635 2469 [1b.
668 2414 867 2462 xxvm,
890 2397 1005 2467 30.]
1039 2398 1113 2450 Et
1148 2398 1392 2469 impones
1420 2413 1588 2468 super
1610 2398 1880 2454 rationale

197 2488 411 2563 judicii
420 2488 949 2545 demonstrationem
966 2490 1017 2541 et
1034 2488 1342 2542 veritatem.
1358 2486 1505 2552 Quid
1521 2485 1632 2541 sibi
1656 2487 1762 2543 hoc
1782 2504 1875 2544 ve-

208 2577 408 2645 lit,vel
436 2577 495 2632 in
526 2575 683 2649 quali
710 2592 769 2631 re
791 2575 879 2630 vel
904 2574 1139 2631 metallo
1167 2580 1478 2648 poneretur
1502 2592 1681 2648 super
1701 2578 1875 2633 ratio-

210 2667 345 2725 nale
359 2666 782 2723 demonstratio
798 2666 1103 2733 etveritas,
1125 2666 1402 2738 quoniam
1426 2666 1567 2721 talia
1588 2665 1729 2721 dicit
1750 2666 1874 2722 ﬁeri

210 2757 273 2814 in
296 2761 454 2813 veste
474 2755 818 2820 sacerdotis,
843 2772 968 2827 quae
990 2754 1369 2828 corporaliter
1388 2755 1589 2823 fiunt”,
1613 2755 1875 2812 invenire

212 2845 451 2901 difﬁcile
508 2848 616 2902 est.
671 2843 1032 2899 Fabulantur
1080 2848 1277 2899 tamen
1328 2844 1570 2916 quidam
1614 2843 1871 2917 lapidem

213 2934 419 3005 fuisse,
437 2934 609 3005 cujus
636 2932 813 3003 color,
830 2933 951 2990 sive
974 2934 1045 2989 ad
1078 2934 1340 3000 adversa,
1357 2932 1477 2989 sive
1497 2933 1569 2989 ad
1594 2949 1873 3006 prospera

211 3028 545 3080 mutaretur
573 3022 808 3095 quando
842 3023 1114 3079 sacerdos
1155 3022 1413 3078 intrabat
1442 3022 1499 3077 in
1533 3026 1737 3078 sancta
1770 3040 1782 3078 :
1814 3027 1871 3079 et

208 3114 322 3170 hoc
351 3130 480 3170 esse
510 3114 665 3185 quod
701 3114 801 3178 ait,
851 3114 913 3167 Et
941 3111 1145 3186 afferet
1173 3112 1356 3168 Aaron
1375 3110 1593 3183 judicia
1623 3111 1872 3183 ﬁliorum

213 3205 387 3261 Israel
416 3220 578 3275 super
619 3211 800 3275 pectus
831 3219 850 3257 :
882 3202 1202 3259 ostendens
1247 3200 1518 3259 videlicet
1549 3202 1609 3257 in
1639 3201 1741 3259 illa
1770 3204 1867 3259 de-

210 3293 639 3349 monstratione
682 3297 741 3348 et
788 3291 1049 3362 veritate,
1085 3290 1223 3364 quid
1255 3291 1327 3346 de
1375 3290 1491 3346 illis
1517 3292 1870 3363 judicaverit

206 3382 517 3440 Dominus.
549 3382 895 3455 Quanquam
922 3380 1113 3453 possit
1143 3379 1391 3453 intelligi
1422 3380 1870 3438 demonstratio-

206 3488 342 3529 nem
372 3476 428 3528 et
460 3470 759 3528 veritatem
810 3469 1024 3526 litteris
1070 3468 1407 3541 impositam
1441 3486 1619 3542 super
1650 3466 1864 3544 λόγιον.

272 3561 509 3618 CXVIII.
543 3562 653 3631 [1b.
689 3577 891 3629 xxvm,
922 3559 1039 3631 31.]
1072 3559 1137 3614 Et
1164 3560 1337 3631 facies
1358 3560 1605 3614 tunicam
1635 3561 1869 3616 talarem

203 3650 627 3725 hyacinthinam
645 3668 665 3713 ;
696 3650 755 3706 id
788 3654 897 3720 est,
933 3664 1122 3721 usque
1148 3649 1220 3704 ad
1242 3647 1394 3705 talos
1415 3649 1865 3720 dependentem.

205 3746 270 3799 Et
302 3744 406 3798 erit
435 3742 818 3813 peristomium
848 3755 918 3795 ea:
947 3755 1011 3795 ea
1037 3736 1301 3806 medium,
1331 3737 1386 3792 id
1421 3742 1529 3805 est,
1554 3755 1669 3811 qua
1692 3744 1872 3811 caput.

203 3830 609 3902 ejiciaturzhoc
623 3835 712 3887 est
726 3830 882 3886 enim
900 3828 1053 3902 quod
1068 3827 1245 3883 Graeci
1264 3828 1469 3883 dicunt
1488 3826 1863 3901 περιστόμιον.

207 3923 374 3979 Oram
390 3922 594 3977 habens
617 3921 677 3975 in
695 3921 936 3975 circuitu
955 3919 1283 3990 peristomii,
1296 3932 1433 3989 Opus
1453 3919 1704 3986 textoris,
1727 3934 1867 3974 com-

200 4014 502 4067 missuram
531 4012 841 4066 contextam
864 4024 885 4070 ;
915 4007 973 4062 id
1003 4010 1113 4075 est,
1137 4023 1208 4063 ne
1231 4007 1361 4079 ipsa
1381 4023 1484 4062 ora
1504 4006 1866 4064 extrinsecus

201 4098 619 4157 assuaturzhoc
631 4098 1508 4166 videtnrdicere,commissuram
1524 4102 1864 4155 contextam.

203 4190 368 4247 Unde
398 4189 574 4246 etiam
607 4186 853 4255 addidit,
877 4203 947 4243 ea:
977 4188 1194 4259 ipsa,ut
1224 4201 1293 4242 ne
1323 4190 1645 4258 rumpatur;
1673 4187 1730 4243 id
1753 4192 1863 4260 est,

205 4286 269 4335 ut
300 4295 368 4334 ex
397 4296 460 4335 se
490 4278 620 4351 ipsa
650 4276 729 4334 sit
758 4276 889 4349 ipsa
919 4292 1020 4332 ora
1050 4280 1319 4332 contexta
1347 4291 1482 4331 cum
1513 4281 1692 4333 veste.

277 4368 465 4425 CXIX.
498 4368 604 4440 [1b.
636 4383 833 4433 xxvm,
861 4365 977 4440 35.]
1025 4368 1111 4422 Et
1126 4367 1233 4423 erit
1278 4366 1462 4422 Auron
1490 4382 1615 4421 cum
1646 4370 1865 4440 carperit

198 4462 363 4533 fungi
384 4457 704 4527 sacerdotio,
725 4456 987 4513 audietur
1001 4471 1110 4512 vox
1123 4456 1241 4527 ejus
1269 4457 1507 4511 intranti
1536 4457 1596 4510 in
1615 4464 1864 4513 sanctum

200 4552 265 4607 in
296 4551 587 4621 conspectu
612 4547 837 4603 Domini
855 4551 908 4602 et
929 4548 1180 4614 exeunti,
1205 4554 1265 4602 ut
1294 4561 1404 4601 non
1423 4548 1710 4602 moriatur
1730 4564 1749 4601 :
1774 4547 1861 4602 in-

201 4639 413 4696 trantis
444 4642 500 4694 et
530 4636 798 4694 exeuntis
820 4653 1020 4693 vocem
1053 4636 1124 4692 de
1154 4634 1573 4691 tintinnabulis
1595 4635 1743 4692 dixit
1759 4653 1862 4692 au-

210 4728 341 4795 :liri,
375 4732 725 4799 tantumque
749 4725 827 4781 ibi
852 4727 1082 4799 pondus
1104 4724 1527 4781 observationis
1559 4726 1774 4797 posuit,
1800 4730 1865 4781 ut

202 4819 441 4883 diceret,
456 4833 524 4873 ne
540 4819 833 4873 moriatur.
851 4815 1213 4872 Testimonia
1234 4831 1369 4889 ergo
1392 4816 1657 4888 quaedam
1682 4816 1863 4887 signi-

202 4907 560 4966 ﬁcarivoluit
585 4907 643 4962 in
666 4910 823 4963 veste
845 4904 1550 4977 sacerdotali,quautique
1572 4904 1862 4979 significa-

201 5003 299 5053 tur
343 4996 617 5065 Ecclesia,
645 5012 746 5068 per
774 4995 895 5051 haec
923 4994 1341 5062 tintinnabula,
1371 4998 1437 5051 ut
1466 4998 1603 5051 nota
1624 4995 1702 5051 sit
1732 5012 1859 5052 con-

198 5086 454 5143 versatio
474 5084 795 5142 sacerdotis
821 5101 833 5139 :
860 5084 1013 5141 sicut
1035 5083 1350 5156 Apostolus
1372 5084 1533 5150 dicit,
1557 5087 1723 5141 Circa
1748 5102 1860 5141 om-

202 5193 297 5234 nes
327 5178 563 5248 teipsum
592 5178 859 5232 bonorum
884 5191 1112 5249 operum
1130 5174 1381 5247 praebens
1402 5176 1715 5247 exemplum
1737 5177 1856 5248 (Tit.

201 5285 266 5333 ιι,
296 5268 352 5338 7)
380 5292 394 5335 ;
429 5270 529 5321 aut
558 5264 729 5333 illud,
764 5267 893 5335 Qum
923 5264 1133 5321 audisti
1163 5282 1196 5320 a
1216 5282 1303 5320 me
1332 5281 1430 5337 per
1456 5267 1657 5321 multos
1676 5271 1857 5338 testes,

267 5395 283 5427 ¹
318 5392 375 5441 In
412 5392 533 5455 Mss.
567 5393 693 5455 post
708 5404 933 5455 Avocem,
956 5389 1177 5455 minimi,
1210 5390 1451 5455 proxime
1473 5392 1857 5455 subsequitur:

204 5454 501 5530 Et‘lap‘ides
530 5452 637 5504 sint
682 5452 745 5502 de
777 5453 1089 5530 [nominibus
1129 5452 1355 5530 ﬁliorum
1391 5454 1555 5530 Isrpel
1580 5452 1858 5530 secundum

202 5517 499 5567 nativitates
529 5530 722 5565 eorum.
774 5517 874 5579 Qui
927 5520 1009 5566 est
1052 5517 1240 5578 Exod.,
1276 5531 1394 5579 cap.
1431 5518 1507 5579 28,
1539 5532 1584 5579 v,
1620 5521 1673 5567 2t
1707 5533 1719 5565 :
1756 5520 1856 5569 nisi

202 5582 345 5645 quod
378 5581 499 5631 LXX
531 5580 734 5645 habent
774 5578 898 5628 kata
928 5585 1188 5642 onomata,
1222 5580 1313 5631 ubi
1341 5578 1674 5644 Augustinus
1706 5582 1853 5633 vide-

203 5641 290 5696 t'ur
321 5644 511 5709 legisse
544 5641 675 5709 tgata
697 5644 1023 5709 gennemata.

274 5709 296 5744 ³
328 5705 479 5779 Unus
505 5720 533 5756 e
560 5705 727 5759 Vatic.
762 5706 987 5770 Mss.,jut
1014 5705 1166 5770 ﬁunt.

2070 870 2230 925 CXX.
2265 872 2370 943 [1b.
2393 890 2592 939 xxvm,
2616 874 2832 943 36.38.]
2856 876 2918 929 Et
2940 874 3112 945 facies
3132 876 3400 931 laminam
3420 893 3651 934 auream

1996 975 2214 1025 puram,
2232 964 2279 1015 et
2304 963 2569 1032 formabis
2593 964 2652 1018 in
2673 963 2857 1018 eadem
2874 966 3262 1034 formationem
3280 966 3651 1037 signi,sancti-

1997 1053 2167 1104 tatem
2190 1052 2438 1106 Domini1
2459 1070 2472 1120 ;
2497 1062 2547 1107 et
2568 1054 2808 1123 impones
2829 1052 3146 1123 illudsuper
3164 1054 3521 1125 hyacinthum
3540 1056 3644 1111 du-

1991 1138 2193 1210 plicem
2221 1143 2459 1203 tortam:
2489 1146 2537 1196 et
2558 1144 2664 1197 erit
2682 1159 2845 1214 super
2865 1144 3091 1198 mitram
3114 1162 3129 1197 :
3150 1144 3443 1199 secundum
3464 1146 3645 1216 inspe-

1994 1236 2145 1284 ctum
2178 1232 2362 1287 mitra:
2390 1232 2495 1287 erit
2514 1250 2538 1297 ,'
2567 1240 2621 1287 et
2638 1234 2744 1287 erit
2771 1248 2944 1303 supra
2961 1235 3200 1303 frontem
3222 1232 3420 1290 Aaron.
3458 1238 3522 1291 Et
3541 1252 3641 1289 au-

1992 1320 2133 1390 feret
2149 1320 2169 1353 ²
2190 1318 2369 1375 Aaron
2389 1325 2609 1392 peccata
2628 1327 2943 1378 sanctorum
2957 1337 3314 1395 quaecumque
3328 1325 3643 1394 sancti/ica-

1995 1410 2253 1481 buntﬁlii
2263 1413 2430 1467 Israel
2440 1414 2636 1480 ,omnis
2647 1413 2772 1468 dati
2790 1420 3107 1469 sanctorum
3129 1414 3643 1480 eorum.Quomodo

1994 1500 2280 1555 formetur
2300 1501 2357 1555 in
2380 1501 2602 1558 lamina
2623 1503 2905 1558 sanctitas
2925 1503 3172 1574 Domini,
3189 1520 3302 1559 non
3326 1504 3514 1571 video,
3530 1503 3643 1560 nisi

1992 1588 2291 1661 aliquibus
2310 1589 2543 1661 litteris,
2563 1608 2710 1663 quas
2741 1592 2976 1663 quidam
3003 1597 3257 1664 quatuor
3280 1608 3409 1649 esse
3438 1592 3643 1649 dicunt

1991 1677 2272 1747 hebrmas,
2306 1681 2483 1751 quod,
2508 1684 2572 1735 ut
2601 1680 2781 1737 Graaci
2813 1680 3127 1754 appellant,
3154 1682 3635 1757 τετραγράμμκτον

1991 1783 2204 1823 nomen
2240 1769 2336 1824 Dei
2367 1768 2659 1825 ineffabile
2680 1773 2921 1825 credunt
2952 1769 3255 1837 fuisse,vel
3289 1787 3417 1828 esse
3447 1773 3639 1829 adhuc

1989 1872 2191 1927 usque.
2225 1858 2335 1913 Sed
2368 1857 2643 1929 quaelibet
2689 1858 2830 1929 sint,
2862 1859 2949 1914 vel
2981 1858 3419 1931 quomodolibet
3446 1877 3506 1917 se
3538 1862 3639 1917 ha-

1986 1944 2164 2001 beant
2189 1946 2305 2002 illas
2332 1947 2561 2013 litteras,
2594 1952 2659 2003 ut
2688 1948 2827 2015 dixi,
2860 1950 3231 2005 sanctitatem
3269 1950 3517 2018 Domini,
3551 1952 3639 2008 vel

1987 2036 2530 2107 sanctiﬁcationem,
2554 2038 2603 2092 si
2638 2037 2746 2094 hoc
2778 2039 2966 2111 magis
2996 2038 3311 2095 dicendum
3342 2043 3449 2107 est,
3482 2041 3637 2112 quod

1985 2125 2915 2199 graecushabetaylaeuamonnisi
2937 2127 3148 2184 litteris
3168 2129 3223 2183 in
3239 2146 3380 2185 auro
3394 2129 3634 2185 formari

1984 2214 2247 2285 potuisse
2262 2216 2630 2271 crediderim.
2650 2217 2733 2272 Ibi
2747 2221 2944 2273 autem
2958 2218 3100 2272 dicit
3112 2219 3472 2275 sacerdotem
3496 2236 3630 2275 san-

1983 2306 2211 2358 ctorum
2245 2305 2473 2359 auferre
2504 2310 2759 2377 peccata,
2793 2307 3165 2379 Qua’cumque
3191 2309 3627 2379 sanctiﬁcabunt,

1982 2390 2196 2461 inquit,
2219 2393 2330 2463 ﬁlii
2349 2394 2513 2449 Israel
2533 2396 2709 2450 omnis
2730 2396 2853 2450 dati
2872 2402 3195 2451 sanctorum
3224 2414 3407 2453 eorum
3431 2418 3447 2454 :
3472 2400 3628 2470 quod

1981 2482 2229 2539 arbitror
2244 2482 2466 2539 dictum
2480 2484 2537 2538 in
2553 2484 2635 2540 eis
2656 2485 3093 2556 sacriticiisquaz
3112 2487 3362 2543 offerunt
3381 2505 3482 2560 pro
3499 2504 3631 2559 pec-

1979 2571 2126 2627 catis
2144 2571 2268 2628 suis
2285 2597 2299 2641 ;
2315 2576 2379 2628 ut
2393 2589 2507 2629 non
2523 2578 2794 2629 sanctoru
2807 2592 2860 2629 rn
2883 2575 3189 2631 hominum
3206 2574 3627 2649 intelligamus,

1978 2660 2080 2715 sed
2113 2665 2450 2717 sanctorum
2475 2662 2546 2718 ab
2574 2678 2639 2718 eo
2662 2665 2815 2734 quod
2841 2670 2979 2719 sunt
2998 2670 3205 2721 sancta
3224 2683 3350 2738 quae
3373 2667 3629 2721 offerun-

1977 2752 2076 2805 tur
2101 2766 2203 2821 pro
2234 2751 2505 2821 peccatis.
2540 2756 2680 2807 Cum
2712 2769 2847 2825 ergo
2879 2754 2948 2807 de
2979 2754 3195 2809 lamina
3229 2756 3490 2823 dixisset,
3525 2756 3632 2811 ad-

1970 2838 2166 2909 junxit
2197 2845 2369 2911 atque
2403 2840 2504 2907 ait,
2523 2843 2589 2897 Et
2615 2844 2828 2912 auferet
2850 2844 3037 2897 Aaron
3056 2852 3278 2914 peccata
3296 2848 3630 2915 sanctorum,

1974 2944 2331 3001 quaecumque
2343 2932 2764 3001 sanctiﬁcabunt
2781 2933 2889 3001 ﬁlii
2904 2933 3072 2988 Israel
3089 2936 3267 2989 omnis
3287 2935 3405 2989 dati
3423 2939 3634 2991 sancto-

1975 3035 2099 3073 rum
2129 3034 2347 3075 eorum:
2374 3019 2430 3074 id
2467 3022 2863 3087 est,sacerdos
2895 3022 3117 3078 auferet
3137 3039 3520 3096 quaecumque
3544 3025 3629 3080 of-

1976 3107 2172 3163 ferunt
2189 3124 2291 3179 pro
2311 3108 2565 3180 peccatis
2588 3110 2869 3182 suis,quas
2888 3111 3166 3166 dicuntur
3184 3117 3237 3167 et
3260 3113 3633 3184 sancta,quia

1976 3198 2439 3268 sanctiﬁcantur,
2456 3203 2513 3254 et
2536 3205 2792 3270 peccata,
2811 3200 2949 3271 quia
2979 3218 3082 3272 pro
3105 3202 3355 3274 peccatis
3378 3202 3632 3258 offerun-

1974 3288 2099 3353 tur;
2124 3286 2276 3341 sicut
2292 3287 2495 3343 multis
2523 3286 2665 3344 locis
2689 3288 2795 3345 hoc
2816 3288 3011 3362 ipsum
3025 3290 3321 3347 evidenter
3336 3291 3635 3364 Scriptura

1973 3381 2416 3432 commemorat.
2452 3378 2613 3443 Quod
2647 3383 2843 3434 autem
2877 3380 3146 3452 adjungit
3166 3384 3223 3436 et
3254 3381 3415 3447 dicit,
3444 3382 3506 3436 Et
3527 3384 3635 3437 erit

1972 3481 2139 3537 super
2148 3467 2393 3536 frontem
2414 3467 2599 3522 Aaron
2611 3483 2828 3538 semper
2848 3478 3124 3541 acceptum
3138 3471 3253 3525 illis
3266 3472 3325 3526 in
3346 3478 3635 3542 conspectu

1975 3557 2220 3623 Domini,
2247 3556 2317 3611 ad
2351 3555 2634 3611 laminam
2659 3556 2819 3613 illam
2844 3560 3182 3627 revertitur;
3208 3560 3263 3615 in
3288 3576 3405 3632 qua
3424 3558 3635 3614 intelli-

1971 3644 2351 3718 giturfrontis
2366 3651 2778 3702 ornamentum
2803 3648 2843 3716 ³,
2866 3647 3081 3704 ﬁducia
3098 3650 3261 3704 bona;
3284 3650 3627 3721 vitae,quam

1972 3733 2071 3805 qui
2091 3749 2219 3788 vere
2239 3734 2629 3806 perfectoque,
2659 3752 2771 3791 non
2797 3736 3245 3808 significatione,
3263 3739 3363 3794 sed
3386 3739 3630 3795 veritate

1972 3822 2244 3877 sacerdos
2264 3822 2458 3891 habet,
2478 3823 2641 3880 solus
2660 3830 2847 3897 potest
2869 3826 3096 3881 auferre
3114 3831 3370 3898 peccata,
3396 3844 3500 3883 nec
3525 3827 3626 3883 lia-

1972 3912 2069 3967 bet
2103 3912 2510 3967 necessitatem
2544 3914 2750 3969 ofl‘erre
2782 3931 2885 3986 pro
2916 3915 3061 3970 suis.

2041 4001 2225 4057 CXXI.
2260 4002 2365 4072 [1b.
2401 4019 2598 4072 xxvut,
2644 4004 2757 4077 41.]
2810 4007 2885 4061 De
2916 4008 3105 4061 Aaron
3154 4011 3211 4061 et
3260 4006 3395 4061 filiis
3435 4010 3623 4063 Aaron

1969 4108 2103 4147 cum
2141 4092 2495 4164 praeciperet,
2529 4092 2775 4166 loquens
2803 4095 2874 4149 ad
2905 4099 3160 4168 Moysen,
3184 4098 3478 4168 quomodo
3501 4114 3625 4153 ves-

1969 4180 2240 4249 tirentur,
2273 4188 2330 4238 et
2382 4188 2762 4256 angerentur,
2796 4184 2935 4255 quid
2973 4193 3059 4240 est
3109 4187 3264 4258 quod
3299 4187 3400 4257 ait,
3432 4188 3495 4242 Et
3524 4189 3627 4242 im-

1966 4271 2141 4343 plebis
2169 4287 2368 4327 manus
2405 4287 2615 4343 eorum,
2648 4278 2709 4328 ut
2754 4274 3063 4330 sacerdotio
3106 4277 3413 4347 fungantur
3439 4278 3625 4333 mihi?

1966 4363 2053 4417 An
2087 4362 2232 4417 forte
2264 4362 2625 4434 muneribus,
2659 4380 2786 4435 quae
2818 4365 3113 4420 offerenda
3143 4371 3283 4421 sunt
3313 4365 3428 4421 Deo
3452 4366 3481 4419 ?

2039 4452 2251 4509 CXXII.
2281 4453 2395 4524 [1b.
2424 4470 2623 4525 xxvm,
2648 4456 2761 4526 42.]
2793 4456 2856 4511 Et
2883 4456 3060 4529 facies
3079 4458 3131 4512 ei
3157 4457 3451 4527 femoralia
3473 4457 3623 4512 linea

1966 4547 2150 4612 tegere
2166 4542 2567 4613 turpitudinem
2588 4545 2835 4616 corporis
2856 4545 2878 4579 ⁴
2905 4561 3101 4601 eorum
3119 4563 3140 4608 ;
3173 4563 3206 4601 a
3228 4546 3426 4602 lumbis
3455 4563 3625 4620 usque

2031 4706 2046 4739 ¹
2082 4704 2194 4753 Am.
2227 4704 2309 4753 Er.
2333 4708 2397 4768 iet
2426 4705 2552 4768 Lov.
2580 4702 2699 4768 εει
2728 4705 2979 4767 formabis
3027 4708 3079 4755 in
3109 4709 3282 4756 eadem
3313 4709 3622 4768 formatione

1963 4769 2301 4833 sanctitatem,
2323 4767 2544 4815 Domini.
2578 4767 2991 4833 Mss._quiuque,
3022 4771 3073 4818 in
3106 4786 3163 4817 ea
3194 4767 3619 4833 deformationem

1962 4830 2117 4893 signi,
2158 4832 2484 4893 sanctitatem
2517 4833 2617 4877 etc.
2673 4829 2773 4878 Alii
2805 4829 2912 4880 duo
2945 4837 2995 4880 et
3026 4834 3159 4888 Καὶ..
3193 4829 3332 4881 ἰη⁷εα
3360 4832 3618 4893 deforma-

1963 4892 2147 4941 tiOnem
2179 4892 2360 4954 signis,
2392 4892 2735 4950 sanctitatem,
2768 4898 2867 4942 etc.
2910 4895 3178 4951 Nonnulli,
3211 4898 3260 4942 in
3293 4892 3473 4942 eadem
3504 4896 3619 4954 for-

1965 4956 2235 5037 mﬁationem
2265 4955 2971 5037 siqni,'etc.‘PorrLo.legitur
2998 4958 3141 5037 apud
3175 4958 3297 5006 LXX
3321 4972 3332 5006 :
3358 4955 3445 5005 ttai
3472 4955 3615 5005 ektu-

1959 5018 2129 5081 pdsets
2160 5033 2223 5066 en
2254 5016 2373 5067 autd
2397 5016 2665 5081 eklupdma
2696 5016 2969 5082 hagiasnm
2999 5021 3213 5068 Κυνέου.

2026 5082 2047 5116 ³
2078 5081 2230 5136 Editi,
2267 5082 2326 5129 Ut
2356 5082 2567 5144 auferat
2597 5095 2615 5128 :
2646 5082 2914 5145 pauloque
2950 5088 3085 5142 post,
3116 5082 3281 5131 omnis
3313 5080 3465 5128 datus
3494 5094 3620 5129 san-

1962 5146 2155 5193 ctorum
2188 5158 2377 5193 eorum.
2422 5144 2779 5205 Reposuimus
2827 5144 2891 5193 ad
2925 5146 3045 5193 Mss.
3080 5147 3258 5201 tidem,
3290 5149 3336 5193 et
3381 5145 3623 5204 auferet;

1963 5212 2203 5270 tumque,
2234 5208 2395 5255 amnis
2426 5207 2541 5270 dati
2569 5222 2587 5255 .·
2616 5219 2735 5269 quae
2768 5208 2925 5257 etiam
2960 5209 3112 5257 lectio
3144 5212 3224 5258 est
3255 5208 3398 5256 LXX.

2026 5272 2047 5305 ³
2076 5269 2419 5320 Removimus
2458 5269 2583 5317 hinc
2617 5270 2777 5319 verba
2806 5271 3052 5333 qumdam
3104 5274 3156 5321 iu
3211 5269 3444 5319 melioris
3476 5272 3617 5333 notia

1964 5334 2089 5402 lusa.
2122 5347 2227 5383 non
2254 5337 2484 5402 reperta.
2518 5333 2715 5402 Nempe
2754 5330 2842 5402 sic
2890 5336 2942 5383 iu
2976 5336 3130 5402 editis
3163 5334 3459 5402 habebatur
3484 5346 3501 5402 ,ε
3540 5330 3623 5379 Ad

1961 5395 2210 5461 laminam
2241 5393 2707 5461 illamrrevertitu'r.
2744 5396 2801 5445 In
2834 5412 2933 5461 quo
2978 5398 3371 5461 advertendum,
3398 5393 3445 5444 si
3473 5393 3614 5461 inve-

1962 5458 2069 5511 niri
2097 5462 2277 5522 potest,
2308 5460 2397 5524 qui
2427 5474 2532 5524 non,
2561 5457 2747 5506 habent
2792 5457 3141 5524 rtécessitatem
3171 5475 3263 5524 pro
3292 5460 3397 5507 suis
3428 5459 3617 5524 offerre

1956 5524 2181 5586 peccatis
2208 5522 2396 5586 ρυενῖωή
2424 5522 2683 5577 christmu,
2708 5524 2795 5584 qui
2820 5523 2955 5571 solus
2983 5528 3143 5585 potest
3164 5522 3387 5573 amnium
3407 5522 3616 5583 auferre

1957 5585 2167 5651 peccata
2197 5585 2215 5634 ἐ
2246 5585 2557 5651 intelligitur
2582 5586 2775 5647 frontis
2802 5592 3175 5651 ornamentum.

1988 5650 2195 5763 "dhtlss.
2249 5645 2431 5699 nostri
2453 5645 2782 5709 constanter,
2830 5648 3029 5701 coloris.
3052 5652 3229 5703 Graeca
3257 5648 3430 5701 vei-sio
3465 5645 3607 5707 LXX,

2004 5726 2051 5760 ir
2107 5725 2179 5762 os.

1958 5725 2179 5762 curatos.
