3998 6404
351 330 467 392 639

352 465 430 518 ad
459 466 667 534 femora
694 470 877 520 erunt.
909 469 1050 520 Cum
1085 467 1264 522 vestis
1293 473 1456 522 tanta
1485 467 1775 539 cooperiat
1803 472 1992 523 totum

353 570 587 625 corpus,
619 556 757 625 quid
791 561 878 610 est
909 557 1058 626 quod
1094 557 1192 624 ait,
1218 559 1517 612 choralia
1539 560 1708 628 facies
1737 559 1887 612 linea
1917 566 1995 613 te-

352 659 481 712 gere
510 645 917 713 turpitudinem
964 649 1206 716 corporis
1257 664 1464 713 eorum,
1500 647 1663 716 quasi
1717 664 1996 718 apparere

360 737 554 802 posset
578 739 738 787 tanta
777 734 1027 804 desuper
1055 741 1210 789 veste
1253 735 1562 791 adhibita?
1594 735 1713 790 Nisi
1749 735 1887 806 quia
1917 736 1995 790 si-

356 839 534 891 gnum
565 839 692 876 esse
722 822 898 876 voluit
921 826 976 877 in
1013 825 1115 877 hoc
1147 826 1434 880 castitatis
1462 825 1550 879 vel
1585 825 1992 880 continentiae:

356 927 480 980 quae
525 911 652 964 ideo
701 929 799 981 per
841 911 1250 968 indumentum
1304 914 1686 984 signiﬁcatur,
1731 919 1793 968 ut
1821 931 1933 968 non
1965 931 1997 966 a

357 998 547 1069 seipse
579 999 799 1060 habita,
832 1003 928 1055 sed
965 1003 1103 1056 data
1131 1002 1514 1073 intelligatur.

427 1087 660 1143 CXXIII.
684 1090 790 1159 [lb.
815 1108 968 1157 xux,
993 1095 1024 1145 8
1067 1092 1145 1160 9.]
1169 1097 1310 1146 Cum
1335 1094 1403 1147 de
1430 1093 1562 1147 ﬁliis
1587 1099 1773 1146 Aaron
1797 1091 1996 1162 loque-

360 1183 516 1232 retur
547 1194 559 1231 :
597 1179 660 1231 Et
691 1180 881 1233 indues
901 1197 1004 1240 eos,
1029 1181 1238 1250 inquit,
1264 1185 1494 1246 tunicas,
1521 1187 1571 1237 et
1600 1186 1777 1250 cinges
1798 1197 1886 1236 eos
1907 1198 1997 1234 2-0-

356 1268 906 1333 nis,etcircumdabis
924 1271 999 1322 eis
1016 1270 1249 1323 cidaras.
1268 1273 1447 1336 Quam
1474 1272 1628 1325 dicat
1645 1270 1884 1326 cidarim
1909 1270 1991 1324 vel

356 1356 606 1424 cidaras,
635 1357 905 1427 quoniam
935 1375 1043 1411 non
1071 1363 1160 1413 est
1182 1359 1650 1430 interpretatum,
1676 1377 1780 1413 nec
1804 1360 1860 1413 in
1889 1375 1996 1412 usu

361 1446 532 1500 modo
565 1451 671 1510 est,
704 1445 1007 1517 ignoratur
1039 1466 1052 1502 :
1089 1455 1228 1519 puto
1262 1454 1455 1505 tamen
1485 1467 1598 1503 non
1633 1466 1759 1504 esse
1791 1448 1998 1520 capitis

357 1542 652 1608 legumen,
688 1541 751 1590 ut
783 1537 1046 1590 nonnulli
1082 1543 1454 1608 putaverunt.
1486 1539 1683 1608 Neque
1714 1537 1867 1592 enim
1910 1537 1998 1591 di-

358 1629 530 1690 ceret,
559 1624 922 1680 circumdabis
951 1629 1047 1694 eis,
1080 1627 1193 1681 nisi
1227 1627 1335 1682 tale
1383 1627 1602 1697 aliquid
1637 1632 1810 1690 esset,
1843 1627 1995 1698 quod

358 1731 473 1770 non
505 1714 704 1785 capiti,
737 1716 832 1769 sed
869 1716 1092 1786 corpori
1126 1716 1258 1770 usui
1291 1722 1464 1772 esset.

427 1803 661 1859 CXXIV.
690 1805 800 1875 [lb.
827 1822 977 1869 xxxx,
1001 1807 1080 1876 9.]
1105 1807 1166 1860 Et
1196 1806 1300 1861 erit
1332 1808 1450 1860 illis
1471 1807 1832 1861 sacerdotium
1860 1805 2002 1859 mihi

359 1895 419 1948 in
446 1895 857 1963 sempiternum.
884 1896 1182 1959 Quomodo
1213 1895 1367 1950 dicat
1397 1897 1456 1949 in
1484 1898 1896 1962 sempiternum,
1931 1896 2000 1948 de

358 1983 450 2038 his
468 1982 872 2054 signiﬁcativis
892 1984 1084 2044 rebus.
1105 1985 1376 2056 superius
1394 2003 1543 2055 smpe
1564 1985 1839 2039 diximus.
1855 1985 1999 2038 Nam

359 2072 562 2143 utique
591 2077 882 2126 mutatum
907 2079 995 2127 est
1025 2073 1132 2128 hoc
1163 2075 1576 2140 sacerdotium,
1603 2080 1668 2128 ut
1691 2075 1830 2127 illud
1850 2078 2005 2128 esset

360 2163 419 2216 in
443 2166 720 2216 internum
743 2164 1068 2218 secundum
1084 2164 1348 2218 ordinem
1364 2164 1886 2232 Melchisedecmon
1911 2178 2000 2218 se-

360 2251 619 2307 cundum
638 2250 898 2306 ordinem
921 2259 1132 2307 Aaron.
1161 2253 1239 2308 lbi
1257 2253 1410 2309 enim
1433 2254 1739 2325 etjuratio,
1764 2258 1820 2308 et
1842 2251 2005 2307 nulla

362 2340 462 2396 Dei
479 2339 800 2410 pmnitudo,
816 2357 928 2406 qua
950 2340 1315 2410 signiﬁcetur
1333 2343 1599 2398 mutatio.
1617 2344 1830 2397 Iuravit
1847 2341 2001 2396 enim

362 2431 648 2495 Dominus,
663 2437 713 2482 et
729 2444 837 2482 non.
867 2431 1143 2498 prenitebit
1164 2447 1305 2497 eum,
1336 2433 1407 2486 Tu
1429 2448 1502 2496 es,
1526 2430 1736 2501 inquit,
1763 2429 2009 2486 sacerdos

363 2521 424 2573 in
439 2526 716 2573 aeternum
727 2519 1020 2572 secundum
1040 2519 1289 2574 ordinem
1310 2521 1471 2574 Mclch
1484 2521 1655 2576 isedec
1676 2522 1787 2591 (Ps.
1803 2537 1913 2583 cxx,
1930 2521 2003 2585 4).

367 2608 443 2662 De
469 2606 674 2661 ordine
689 2611 883 2661 autem
902 2608 1087 2661 Aaron
1113 2609 1333 2663 dictum
1355 2610 1699 2680 estquidem
1726 2611 1787 2664 in
1807 2610 2006 2680 sempi-

359 2694 691 2763 lcrnum,vel
707 2699 1064 2765 proptertem
1078 2713 1184 2768 pus
1201 2715 1310 2752 non
1340 2704 1687 2770 praeceptum
1704 2712 2006 2770 quousque

364 2786 785 2849 observaretur,
799 2784 884 2838 vel
907 2785 1057 2856 quod
1082 2803 1171 2841 res
1195 2786 1549 2856 signiﬁcaret
1570 2793 1845 2844 aeternas:
1867 2805 2006 2845 nus-

366 2891 539 2946 quam
573 2878 661 2928 est
690 2879 882 2928 tamen
911 2875 1131 2928 dictum
1166 2877 1236 2931 de
1266 2878 1591 2932 sacerdotio
1623 2881 1832 2942 Aaron,
1869 2879 2006 2950 quia

356 2962 575 3033 juravit
604 2962 886 3032 Dominus
917 2969 972 3018 et
1003 2982 1116 3018 non
1153 2967 1449 3035 paenitebit
1481 2983 1636 3022 eum.
1670 2969 1737 3023 Et
1769 2969 1897 3024 ideo
1920 2970 2004 3022 (li-

365 3059 518 3107 ctum
534 3051 691 3107 estin
710 3052 807 3107 illo
824 3053 1372 3110 saeerdotiosecund
1387 3073 1484 3110 um
1503 3057 1760 3112 ordinem
1773 3057 2008 3112 Melchi-

365 3141 553 3206 sedec,
585 3142 704 3197 Non
728 3142 1009 3210 paznitebit
1037 3160 1180 3211 eum,
1215 3149 1278 3199 ut
1309 3145 1758 3216 signiﬁcaretur,
1781 3146 1918 3217 quia
1939 3148 2009 3202 de

366 3230 690 3286 sacerdotio
713 3236 901 3286 Aaron
925 3233 1273 3302 pmnituiteu
1288 3252 1362 3298 m,
1379 3235 1432 3289 id
1457 3237 1820 3301 est,mutavit
1841 3235 2006 3290 illud.

436 3319 638 3374 CXXV.
673 3320 781 3390 [lb.
815 3337 969 3382 χχιχ.
1022 3322 1102 3392 9.]
1151 3323 1296 3388 Quid
1343 3329 1453 3386 est,
1500 3327 1563 3379 Et
1612 3326 2012 3380 consummabis

368 3424 565 3463 manus
598 3408 794 3473 Aaron,
817 3412 866 3463 et
891 3426 1084 3463 manus
1103 3412 1350 3480 filiorum
1379 3414 1495 3482 ejus
1521 3417 1545 3466 Ρ
1571 3417 1655 3468 An
1681 3430 1781 3484 per
1804 3431 2014 3469 manus

368 3500 712 3568 potestatem
740 3495 1184 3566 signiﬁcavit,ut
1214 3499 1436 3571 aliquid
1460 3501 1634 3557 etiam
1666 3503 1777 3574 ipsi
1811 3517 2014 3558 conse-

371 3601 532 3640 crare
562 3590 804 3656 possent
835 3602 847 3640 :
883 3591 1138 3657 potestas
1172 3594 1365 3644 autem
1396 3591 1523 3662 ipsa
1554 3592 2016 3648 sanctiﬁcatione

371 3674 912 3745 consummabatur,
949 3695 1061 3747 qua
1109 3680 1378 3750 praecepti
1413 3686 1553 3736 sunt
1599 3682 1952 3737 sanctiﬁcari
1985 3699 2018 3736 a

375 3768 564 3834 Moyse
584 3763 611 3818 ‘l

443 3853 673 3908 CXXVI.
692 3855 708 3924 [
719 3854 796 3908 Ib.
813 3871 966 3916 xxxx,
985 3858 1106 3928 lO.]-
1123 3859 1184 3912 Et
1205 3858 1438 3915 adduces
1458 3862 1696 3916 vitulum
1719 3861 1789 3916 ad
1819 3863 2019 3916 ostium

375 3941 724 3998 tabernaculi
743 3947 1066 4008 testimonii,
1092 3956 1142 4002 et
1159 3951 1614 4021 superimponent
1640 3953 1820 4007 Aaron
1839 3961 1891 4006 et
1916 3951 2022 4006 lilii

376 4033 494 4102 ejus
522 4049 719 4086 manus
749 4049 875 4088 suas
903 4052 1068 4106 super
1112 4047 1278 4105 caput
1307 4041 1471 4093 vituli
1501 4042 1560 4094 in
1588 4046 1875 4112 conspectu
1909 4045 2014 4096 Do-

377 4119 538 4175 mini.
573 4122 714 4176 Ecce
745 4123 899 4178 unde
929 4141 1103 4196 supra
1133 4126 1352 4182 dictum
1387 4135 1493 4189 est.
1528 4131 2022 4186 consummandas

377 4225 504 4266 esse
536 4227 747 4265 manus
769 4228 993 4281 eorum,
1012 4213 1065 4268 id
1095 4224 1200 4284 est,
1223 4219 1629 4286 perﬁciendam
1657 4225 2020 4291 potestatem,

381 4302 444 4353 ut
475 4299 648 4354 etiam
692 4299 802 4371 ipsi
855 4303 1307 4371 sanctiﬁcarent,
1341 4309 1493 4377 quod
1549 4310 1720 4364 modo
1770 4310 1851 4374 ﬁt,
1887 4325 2020 4362 cum

379 4393 606 4460 ponunt
636 4407 846 4445 manus
885 4408 1024 4447 suas
1073 4411 1250 4465 super
1289 4398 1540 4453 vitulum
1573 4398 2019 4453 immolandum.

449 4478 708 4533 CXXVII.
725 4481 828 4550 [lb.
846 4498 998 4552 χχιχ,
1017 4483 1127 4554 18.]
1161 4487 1317 4550 Quod
1338 4487 1469 4542 odor
1483 4489 1770 4544 suavitatis
1795 4489 2022 4542 Domino

378 4567 1117 4638 saepedicitursacriﬁeium
1140 4575 1210 4628 de
1229 4575 1478 4630 victimis
1501 4594 1768 4648 pecorum
1789 4578 1842 4630 in
1867 4576 2021 4632 Scri-

381 4656 567 4728 pturis
590 4660 832 4722 sanctis,
849 4678 961 4715 non
982 4663 1183 4733 utique
1203 4664 1354 4719 Deus
1377 4667 1551 4721 odore
1571 4667 1716 4720 fumi
1739 4665 1899 4722 illius
1921 4667 2019 4720 de-

379 4747 662 4814 lectatur;
697 4750 796 4803 sed
847 4753 1076 4806 tantum
1128 4753 1268 4806 illud
1323 4756 1475 4826 quod
1519 4756 1612 4810 his
1658 4756 2025 4828 signiﬁcatur

376 4835 761 4906 spiritualiter
792 4838 970 4894 Deum
1011 4841 1256 4896 delectat
1286 4861 1419 4898 cum
1452 4843 1833 4914 spiritualiter
1861 4845 2021 4900 exhi-

377 4927 565 4993 betur,
599 4927 873 4998 quoniam
902 4930 1025 5000 ipse
1046 4932 1188 4986 odor
1212 4931 1710 5004 Deispiritualiter
1739 4934 2023 5004 intelligi-

376 5021 490 5071 tur.
525 5016 645 5071 Non
675 5017 840 5085 lenim
877 5019 1028 5074 sicut
1061 5038 1166 5076 nos
1199 5023 1430 5076 odorem
1465 5025 1754 5094 corporeis
1783 5025 2023 5080 naribus

377 5104 556 5158 ducit.
585 5105 745 5160 sicut
774 5122 911 5177 ergo
940 5107 1039 5162 ille
1069 5109 1318 5176 olct‘acit,
1343 5110 1426 5164 sic
1460 5111 1568 5166 ista
1599 5111 1948 5183 signiﬁcant.

449 5193 710 5249 CXXVII.
756 5197 857 5261 [lb.
892 5215 1042 5266 xx1x,
1073 5200 1188 5267 ‘36.}
1221 5203 1284 5254 Et
1316 5217 1498 5255 sumes
1543 5204 1910 5272 pectusculum
1959 5204 2023 5259 de

377 5286 549 5338 ariete
575 5289 1079 5355 consummationis,
1103 5291 1244 5360 quod
1275 5295 1352 5344 est
1385 5293 1602 5357 Aaron,-
1633 5293 1684 5347 id
1711 5299 1817 5363 est,
1843 5293 2023 5362 hujus

380 5381 566 5426 Aaron
597 5375 632 5426 ¹.
670 5375 784 5429 lloc
805 5376 959 5430 enim
989 5380 1274 5448 pertinere
1293 5381 1472 5434 voluit
1502 5383 1568 5433 ad
1607 5400 1902 5436 summum
1930 5400 2020 5437 sa-

379 5463 692 5517 cerdotem.

405 5680 412 5688 _
443 5619 456 5650 ¹
490 5617 852 5688 _Ed_iti,__idest,
885 5621 1044 5688 ipsius
1073 5626 1266 5672 Aaron.
1298 5625 1367 5674 At
1395 5626 1537 5681 Mss.,
1570 5624 1724 5688 huius
1754 5639 1772 5672 :
1803 5637 1907 5686 quo
1939 5639 2022 5673 ar-

378 5680 769 5754 ticulaiudicat
799 5680 1124 5754 Augustinus
1145 5701 1338 5736 nomen
1378 5680 1547 5737 Aarou
1578 5680 1680 5736 hoc
1711 5680 1870 5737 Exodi
1905 5688 2022 5738 loco

381 5745 507 5805 poni
539 5745 592 5793 in
624 5745 880 5808 gignendi
913 5759 1057 5796 casu.

1083 333 1614 404 ΟΠΛΞΒΤΙΟΝΠΜ
1664 338 1726 394 S.
1775 335 2007 397 AUGU:

2127 335 2204 395 Nl
2250 336 2326 396 ΙΝ
2374 336 3020 398 HEPTATEUCBUM

3636 328 3763 388 640

2173 467 2410 524 CXXIX.
2448 469 2550 536 [lb.
2576 469 2947 537 xxxx,28-30.]
2970 472 3033 524 Et
3061 469 3166 522 erit
3191 467 3367 521 Aaron
3389 473 3443 520 et
3473 465 3610 535 ﬁliis
3626 463 3758 534 ejus

2103 560 2413 626 legitimum
2435 568 2702 614 azternum
2723 576 2756 611 a
2777 559 2916 628 ﬁliis
2936 558 3105 612 Israel
3124 574 3142 611 :
3169 572 3301 610 cum
3332 554 3550 609 diceret
3570 554 3641 607 de
3663 568 3759 624 pe-

2103 649 2368 702 ctusculo
2425 654 2482 703 et
2537 647 2770 703 brachio
2823 648 3220 700 victimarum.
3269 650 3419 700 More
3468 643 3570 697 illo
3620 656 3757 712 ergo

2101 743 2372 790 .z’ternum
2394 735 2561 803 dixit,
2580 751 2750 805 quem
2773 750 2921 805 saape
2940 750 3119 804 supra
3141 731 3755 787 commemoravimus.

2175 825 2237 878 Et
2249 827 2391 878 stola
2407 827 2737 894 sancti,qu&3
2757 833 2836 879 est
2852 824 3162 892 Aaron,eril
3185 822 3322 892 filiis
3339 823 3455 892 ejus
3471 826 3594 892 post
3609 838 3758 885 eum,

2105 929 2315 985 ungere
2344 931 2433 968 eos
2456 916 2513 967 in
2542 916 2695 984 ipsis,
2723 923 2774 968 et
2803 928 3190 968 consummare
3212 927 3406 966 manus
3427 927 3636 966 eorum.
3659 911 3755 967 Se-

2101 1012 2245 1072 ptem
2266 1005 2454 1058 diebus
2475 1005 2656 1058 vestiet
2674 1019 2730 1057 se
2745 1020 2808 1058 ea
2829 1003 3075 1058 sacerdos
3096 1005 3190 1072 qui
3206 1003 3521 1057 successerit
3541 1004 3592 1057 ei
3611 1001 3676 1056 de
3690 1003 3753 1070 ﬁ-

2106 1093 2199 1147 liis
2216 1094 2266 1162 ej
2273 1109 2356 1156 us,
2371 1095 2466 1163 qui
2483 1094 2713 1148 intrabit
2732 1094 2789 1146 in
2803 1091 3230 1147 tabernaculum
3255 1092 3558 1146 testimonii
3572 1090 3756 1145 deser-

2105 1183 2218 1236 vire
2245 1183 2299 1235 in
2320 1184 2543 1238 sanctis.
2561 1182 2688 1236 Haec
2706 1181 2882 1236 verba
2900 1180 3118 1235 multas
3141 1180 3495 1250 quaestiones
3518 1179 3753 1234 habent.

2105 1271 2249 1325 Nam
2268 1272 2524 1341 primum
2540 1271 2634 1326 hic
2649 1269 2974 1326 notandum
2989 1269 3541 1341 est,quomodocum
3556 1270 3755 1324 stolam

2105 1359 2315 1415 dixerit
2341 1361 2542 1430 sancti,
2579 1365 2782 1432 postea
2829 1358 3130 1431 pluraliter
3178 1357 3319 1414 dicit
3349 1374 3554 1427 ungere
3581 1374 3670 1413 eos
3698 1359 3757 1412 in

2105 1451 2265 1518 ipsis,
2289 1455 2569 1520 tauquam
2587 1449 2645 1504 in
2669 1447 2857 1504 stolis.
2882 1449 3026 1503 Nam
3050 1452 3108 1502 et
3126 1464 3305 1519 supra
3333 1447 3546 1502 multas
3573 1445 3756 1502 stolas

2106 1555 2206 1595 eas
2227 1539 2470 1604 dixerat,
2487 1538 2700 1610 quibus
2721 1554 2836 1593 una
2855 1542 3168 1593 constaret.
3197 1540 3543 1607 Quanquam
3568 1537 3756 1592 ambi-

2107 1644 2288 1700 guum
2317 1628 2605 1683 situtrum
2625 1631 2684 1682 in
2714 1628 2846 1698 ipsis
2866 1627 2936 1681 ab
2964 1642 3030 1681 eo
3060 1627 3211 1697 quod
3239 1631 3378 1681 sunt
3399 1625 3528 1698 ipsa
3549 1641 3758 1697 genere

2109 1720 2729 1787 neutro,qua3cumque
2743 1715 3112 1786 suntquibus
3128 1715 3226 1770 illa
3249 1713 3394 1770 stola
3407 1714 3756 1785 completur,

2107 1805 2164 1860 id
2184 1810 2272 1861 est
2287 1804 2855 1860 vestissacerdotalis
2877 1821 2888 1859 :
2907 1804 3059 1875 quod
3085 1804 3274 1875 magis
3297 1804 3624 1876 putandum
3647 1807 3758 1868 est,

2109 1911 2178 1950 ex
2201 1911 2266 1948 eo
2290 1895 2515 1965 quodin
2541 1894 3038 1965 consequentibus
3061 1893 3446 1965 dicit,Septem
3465 1893 3655 1948 diebus
3676 1908 3761 1948 ve-

2109 1994 2156 2039 st
2165 1987 2236 2039 iet
2253 2002 2310 2039 se
2329 2001 2395 2038 ca
2410 1984 2656 2038 sacerdos
2671 1986 2768 2055 qui
2791 1985 3106 2039 successerit
3118 1985 3170 2037 ei
3183 2000 3203 2043 ;
3235 1999 3302 2037 ea
3321 1982 3544 2038 scilicet
3561 1981 3763 2038 omnia

2111 2089 2237 2144 quae
2271 2072 2767 2138 commemoravit,
2797 2088 2929 2126 cum
2952 2077 3172 2126 vestem
3205 2069 3626 2126 sacerdotalem
3660 2071 3760 2124 de-

2112 2163 2412 2217 scriberet.
2445 2161 2730 2233 Repetivit
2779 2177 2918 2216 sane
2963 2161 3114 2232 quod
3148 2177 3329 2232 supra
3359 2161 3604 2226 dixerat,
3637 2175 3763 2216 con-

2111 2266 2835 2306 sum-maremanuseorum:
2851 2250 3004 2305 unde
3026 2249 3166 2321 quid
3192 2248 3641 2305 mihivideretur
3660 2265 3765 2304 ex-

2113 2341 2276 2410 posui
2311 2341 2529 2410 (Supra,
2577 2345 2772 2410 quaest.
2828 2341 2970 2406 125).
3026 2338 3186 2404 Quod
3239 2354 3372 2392 vero
3415 2339 3518 2405 ait,
3547 2341 3766 2408 Septem

2114 2430 2300 2485 diebus
2331 2432 2524 2484 vestiet
2551 2446 2607 2484 se
2625 2446 2689 2484 ea
2719 2429 2987 2492 sacerdos,
3007 2427 3294 2498 numquid
3320 2426 3450 2482 aliis
3475 2426 3680 2482 diebus
3703 2442 3767 2481 se

2117 2536 2232 2574 non
2265 2519 2520 2574 vestiet?
2549 2519 2655 2574 Sed
2684 2518 2802 2573 illis
2826 2523 3046 2588 septem
3067 2516 3362 2572 continuis
3392 2515 3638 2586 intelligi
3661 2531 3766 2570 vo-

2117 2609 2244 2674 luit,
2265 2608 2476 2678 quibus
2507 2608 2634 2679 ejus
2657 2606 3048 2663 sacerdotium
3070 2606 3498 2677 quodammodo
3531 2605 3764 2660 dedica-

2116 2702 2233 2764 tur,
2266 2702 2439 2768 atque
2466 2696 2850 2752 hebdomadis
2869 2695 3029 2751 estin
3062 2696 3190 2766 ejus
3221 2694 3585 2750 inchoatione
3605 2693 3767 2750 festi-

2114 2787 2283 2842 vitas.
2315 2791 2731 2842 Successorum
2764 2789 2959 2840 autem
2985 2787 3172 2838 Aaron
3205 2799 3338 2838 eum
3368 2782 3527 2849 dicit,
3560 2784 3657 2854 qui
3677 2785 3766 2837 in-

2116 2881 2223 2932 trat
2254 2878 2312 2930 in
2343 2877 2762 2931 tabernaculum
2783 2875 3116 2935 testimonii,
3139 2873 3422 2928 deservire
3444 2873 3502 2926 in
3523 2874 3730 2927 sanctis
3749 2890 3768 2925 :

2117 2981 2251 3021 eum
2284 2965 2508 3020 scilicet
2546 2963 2908 3035 signiﬁcans,
2943 2962 3044 3034 qui
3094 2978 3208 3016 non
3243 2965 3466 3033 poterat
3495 2977 3624 3017 esse
3655 2959 3767 3016 nisi

2119 3071 2294 3120 unus,
2321 3070 2435 3109 non
2460 3053 2662 3124 quales
2693 3056 2861 3108 erant
2882 3056 2938 3107 et
2959 3051 3063 3105 ﬁlii
3094 3052 3283 3106 Aaron
3303 3066 3434 3104 cum
3458 3050 3583 3105 vivo
3607 3054 3770 3121 patre

2119 3161 2247 3211 suo,
2283 3144 2384 3199 sed
2416 3143 2609 3214 qualis
2657 3159 2962 3198 successor
3002 3139 3192 3212 ipsius
3221 3141 3432 3195 Aaron.
3467 3139 3769 3204 Quomodo

2119 3252 2253 3306 ergo
2272 3234 2573 3307 proprium
2592 3233 2734 3289 dicit
2757 3233 2934 3303 hujus
2949 3231 3769 3301 uniusesse,intrarelintaber-

2119 3324 2380 3380 naculum
2391 3325 2693 3379 testimonii
2701 3324 2992 3385 ,deservire
3003 3323 3061 3376 in
3075 3323 3435 3385 sanctis,cum
3455 3325 3512 3375 et
3527 3319 3628 3375 illa
3642 3336 3770 3391 qua:

2121 3419 2259 3470 sunt
2290 3418 2453 3469 extra
2482 3412 2696 3479 velum,
2732 3428 2847 3484 quo
2879 3411 3148 3467 velantur
3173 3415 3376 3466 sancta
3407 3414 3768 3472 sanctorum.

2121 3508 2324 3559 sancta
2340 3502 2786 3574 appellentur,et
2804 3499 3244 3558 tabernaculum
3261 3499 3578 3555 testimonii
3593 3498 3770 3554 etiam

2121 3593 2265 3649 illud
2292 3600 2542 3659 vocetur,
2577 3591 2676 3646 ubi
2702 3596 2842 3646 sunt
2871 3593 3090 3656 sancta,
3117 3589 3174 3643 id
3205 3595 3295 3644 est
3324 3605 3527 3644 mensa
3556 3593 3613 3643 et
3633 3605 3769 3643 can-

2123 3681 2429 3739 delabrum
2448 3699 2461 3736 :
2482 3681 2579 3736 ubi
2596 3697 2728 3736 cum
2755 3677 3087 3735 deserviant
3103 3683 3160 3734 et
3181 3683 3494 3750 sequentes
3507 3678 3776 3733 sacerdo-

2123 3776 2212 3827 tes
2229 3772 2299 3827 ad
2323 3786 2587 3826 mensam
2611 3775 2670 3825 et
2689 3768 3106 3824 candelabrum
3123 3775 3180 3822 et
3198 3767 3393 3840 ipsum
3411 3767 3612 3833 altare,
3629 3783 3775 3838 quo-

2127 3861 2300 3915 modo
2325 3875 2505 3914 unum
2521 3859 2660 3914 dicit
2681 3873 3079 3914 successorem
3095 3857 3414 3927 Aaron,qui
3429 3858 3596 3912 intret
3611 3859 3671 3911 in
3691 3861 3778 3911 ta-

2128 3949 2483 4006 bernaculum
2499 3949 2803 4003 testimonii
2819 3947 3092 4003 deservire
3108 3949 3170 4002 in
3190 3949 3393 4001 sanctis
3405 3947 3495 4000 .'Si
3518 3947 3676 4002 enim
3691 3946 3781 4000 di-

2128 4040 2331 4104 xisset,
2367 4039 2661 4094 Deservire
2687 4038 2744 4092 in
2779 4037 3000 4094 sanctis
3022 4048 3383 4103 sanctorum,
3409 4035 3572 4090 nulla
3600 4041 3778 4090 esset.

2129 4129 2392 4201 questio.
2421 4129 2502 4182 Ad
2526 4127 2648 4183 haec
2669 4127 2848 4197 enim,
2875 4127 2974 4180 ubi
2993 4131 3082 4181 est
3099 4141 3233 4180 area
3257 4124 3782 4192 testimonii,solus

2130 4236 2286 4274 unus
2309 4218 2565 4274 intrabat
2582 4233 2853 4272 summus
2873 4217 3144 4272 sacerdos
3163 4233 3176 4273 ε
3197 4216 3349 4286 quod
3371 4215 3545 4269 etiam
3567 4215 3623 4269 in
3646 4214 3784 4285 Epi-

2131 4308 2279 4365 stola
2306 4309 2377 4363 ad
2409 4307 2677 4362 Hebrzeos
2701 4305 3144 4375 diligentissime
3165 4305 3630 4361 commendatur.
3657 4303 3784 4358 Nisi

2131 4397 2491 4469 forteeoipso
2505 4397 2657 4468 quod
2675 4413 2856 4452 unum
2878 4396 3022 4450 dicit
3040 4396 3257 4451 intrare
3277 4397 3337 4450 in
3358 4394 3785 4450 tabernaculum

2131 4487 2725 4551 testimonii,deservire
2737 4489 2796 4541 in
2807 4487 3150 4552 sanctis,non
3163 4484 3283 4540 vult
3298 4484 3500 4555 utique
3511 4482 3755 4554 intelligi
3766 4528 3782 4551 ,

2131 4577 2244 4632 nisi
2267 4576 2323 4631 in
2350 4576 2570 4631 sanctis
2592 4580 2929 4630 sanctorum
2953 4575 3192 4645 ;quiaet
3210 4574 3339 4644 ipsa
3359 4574 3560 4644 utique
3579 4577 3786 4628 sancta

2130 4663 2652 4738 appellantur.Non
2667 4665 2823 4719 enim
2839 4663 3037 4718 omnia
3059 4680 3186 4734 quas
3210 4666 3413 4718 sancta
3433 4666 3590 4729 sunt,
3606 4660 3782 4717 etiam

2131 4760 2336 4812 sancta
2362 4758 2697 4810 sanctorum
2733 4752 2843 4808 dici
2880 4758 3128 4825 possunt
3161 4770 3173 4807 :
3207 4751 3304 4807 illa
3341 4768 3476 4808 vero
3496 4768 3620 4822 quae
3643 4755 3786 4807 sunt

2131 4850 2334 4900 sancta
2356 4848 2714 4909 sanctorum,
2743 4841 2939 4913 procul
2965 4842 3144 4897 dubio
3171 4841 3376 4913 utique
3401 4846 3603 4896 sancta
3620 4847 3780 4896 sunt.

2131 4934 2293 4990 Unus
2307 4937 2497 4987 autem
2514 4931 2622 4988 iste
2645 4931 2742 5003 qui
2769 4931 2948 4987 semel
2973 4931 3031 4986 in
3056 4948 3210 4987 anno
3231 4930 3556 4986 intrabatin
3579 4935 3784 4986 sancta

2131 5019 3784 5094 sanctorum,quoniamDominumChristumsigniﬁcabat,

2132 5113 2500 5186 apertissime
2515 5129 2580 5167 su
2593 5112 2856 5184 pradicta
2868 5110 3786 5183 adHebraeosEpistolacommen-

2132 5203 2305 5257 datur
2351 5201 2538 5271 (Hebr.
2572 5219 2649 5266 1x,
2677 5202 2856 5273 7-11).
2908 5202 3070 5266 Quod
3117 5206 3314 5257 autem
3346 5200 3781 5272 praeﬁguratum

2133 5291 2292 5348 estin
2313 5308 2415 5345 san
2427 5294 2516 5345 cto
2539 5296 2896 5356 sanctorum,
2925 5295 2989 5345 ut
3009 5306 3187 5364 super
3208 5306 3404 5346 arcam
3425 5306 3552 5361 quae
3575 5293 3782 5360 Legem

2133 5380 2407 5446 habebat,
2431 5383 2583 5435 esset
2616 5379 3111 5452 propitiatorium,
3139 5379 3237 5435 ubi
3264 5378 3359 5435 Dei
3384 5376 3787 5434 misericordia

2133 5469 2448 5542 signiﬁcari
2481 5469 2859 5542 intelligenda
2889 5476 2998 5534 est,
3023 5469 3160 5541 quia
3183 5469 3470 5541 propitius
3495 5468 3558 5523 ﬁt
3579 5485 3668 5523 eo:
3685 5484 3782 5522 um

2134 5559 2387 5632 peccatis
2411 5563 2426 5595 ¹
2462 5559 2561 5632 qui
2587 5565 2793 5632 Legem
2817 5575 2935 5615 non
2955 5558 3233 5630 implent;
3256 5558 3364 5614 hoc
3387 5557 3531 5613 mihi
3553 5557 3786 5613 videtur

2204 5752 2217 5786 ¹
2240 5749 2505 5802 Am.Er.et
2520 5749 2666 5800 Lov.:
2680 5749 3032 5800 Misericordia
3047 5747 3781 5813 signiﬁcatur,intelligendum
