3998 6350
190 277 309 336 661

196 410 490 482 rigeretur
518 426 552 465 a
577 408 759 466 latere
792 410 967 465 unius
999 427 1184 483 usque
1213 412 1272 466 in
1297 411 1453 467 latus
1477 409 1746 466 alterius:
1783 420 1845 461 ac

200 516 307 571 per
328 499 438 556 hoc
458 517 575 555 una
606 515 675 555 ex
705 500 1086 558 bisomnibus
1117 502 1389 558 columna
1404 519 1518 557 non
1540 496 1845 557 eratbabi-

200 594 339 645 tura
372 590 639 664 proprias
665 591 927 663 quinque
959 609 1139 664 seras,
1164 594 1233 649 ad
1294 610 1469 664 quam
1527 594 1845 646 extremam

199 681 464 752 quinque
497 681 913 753 perveniebant
944 700 975 737 a
1008 683 1284 740 columna
1314 683 1422 740 sibi
1457 681 1717 755 proxima
1749 694 1844 733 ve-

197 771 450 827 nientes.
493 776 556 829 Et
574 771 883 843 columnas,
914 772 1129 846 inquit,
1160 776 1453 831 inaurabis
1481 788 1637 841 auro,
1666 773 1715 826 et
1744 787 1843 826 an-

194 861 360 917 nutos
388 863 560 933 facies
589 877 781 934 aereos,
805 863 864 919 in
892 880 1023 936 quos
1056 865 1276 921 induces
1294 881 1461 937 seras,
1484 868 1537 920 ei
1557 861 1847 919 inaurabis

197 968 341 1009 auro
396 969 561 1008 seras.
596 952 677 1009 Ne
706 953 989 1010 columnae
1022 955 1411 1012 foraminibus
1461 968 1845 1012 cavernaren-

198 1046 443 1114 tur,quo
474 1043 759 1099 intrarent
789 1060 950 1111 sera,
972 1044 1223 1102 annulos
1245 1046 1366 1101 ﬁeri
1395 1045 1595 1115 jussit,
1630 1042 1846 1115 quibus

198 1149 275 1188 ex
332 1135 581 1204 utraque
638 1136 800 1204 parte
852 1134 1290 1191 continerentur
1346 1136 1490 1191 ﬁnes
1557 1147 1844 1189 serarum.

199 1222 455 1279 Proinde
477 1221 887 1293 intelliguntur
907 1223 966 1279 hi
984 1224 1211 1281 annulli
1244 1225 1374 1281 ﬁxis
1400 1225 1458 1279 in
1488 1224 1648 1297 ligno
1671 1237 1849 1277 ansu-

197 1310 276 1366 lis
300 1311 667 1383 pependisse,
701 1316 766 1367 ut
795 1317 1084 1371 extremas
1105 1318 1298 1387 partes
1323 1329 1581 1372 serarum
1609 1313 1850 1385 possent

200 1418 413 1471 capere
436 1405 493 1457 et
522 1402 837 1459 continere.

277 1490 330 1544 8.
368 1490 469 1557 [1b.
502 1490 719 1563 30-39.]
751 1492 814 1547 Et
841 1494 1039 1564 eriges,
1070 1494 1284 1566 inquit,
1316 1493 1732 1550 tabernaculum
1765 1506 1851 1546 se-

202 1580 447 1637 cundum
470 1583 701 1653 speciem
712 1597 837 1654 quae
850 1588 1164 1640 monstrata
1183 1592 1261 1639 est
1283 1585 1387 1640 tibi
1402 1586 1463 1639 in
1478 1584 1748 1639 monte.Et
1763 1583 1850 1651 fa-

201 1674 312 1727 cies
340 1671 583 1727 velamen
615 1671 678 1727 de
692 1671 989 1743 hyacintho
1020 1676 1069 1729 et
1088 1690 1339 1745 purpura
1366 1682 1417 1728 et
1439 1688 1588 1729 cocco
1615 1676 1754 1727 torto
1803 1674 1853 1725 et

206 1760 367 1832 bysso
396 1765 559 1822 neta;
590 1777 727 1831 opus
746 1764 917 1817 texite
944 1764 1121 1832 facies
1142 1762 1288 1818 illud
1308 1760 1651 1819 Cherubim‘.
1673 1765 1736 1816 Et
1753 1775 1852 1814 su-

202 1852 552 1922 perimpones
578 1849 725 1905 illud
745 1867 914 1923 super
932 1856 1166 1924 quatuor
1186 1854 1470 1909 columnas
1488 1850 1855 1923 imputribiles

207 1942 502 1996 inauratos
530 1935 687 2010 auro‘,
709 1948 761 1996 et
787 1942 985 2013 capita
1005 1958 1205 1997 earum
1221 1958 1410 2011 aurea,
1434 1946 1484 1998 et
1507 1943 1652 1997 bases
1662 1955 1855 1997 earum

206 2037 444 2102 quatuor
462 2037 751 2100 argentea.
776 2031 841 2084 Et
861 2046 1027 2099 pones
1052 2032 1297 2087 velamen
1309 2048 1473 2104 super
1492 2032 1792 2099 columnas,
1806 2032 1861 2084 et

201 2118 429 2175 induces
442 2120 836 2187 illuc,interius
849 2137 1010 2193 quam
1027 2122 1269 2177 velamen
1283 2131 1360 2177 est
1374 2123 1611 2193 ﬂoream
1625 2122 1862 2175 testimo-

200 2210 295 2264 nii
306 2228 324 2264 :
348 2218 398 2265 et
416 2209 621 2265 dividet
648 2210 797 2265 vobis
815 2210 1061 2265 velamen
1076 2212 1225 2267 inter
1244 2211 1485 2268 medium
1500 2212 1680 2267 sancti
1701 2218 1750 2266 et
1770 2211 1858 2264 in-

198 2307 285 2356 ter
314 2298 557 2354 medium
574 2301 755 2355 sancti
771 2302 1188 2355 sanctorum.Et
1209 2302 1477 2372 cooperies
1499 2302 1569 2356 de
1588 2301 1862 2356 velamine

201 2405 393 2445 arcam
405 2388 712 2444 testimonii
724 2390 784 2442 in
799 2393 988 2444 sancto
1005 2394 1320 2445 sanctorum
1337 2391 1516 2445 3.Haac
1530 2390 1730 2445 omnia
1743 2404 1861 2443 ma-

207 2476 424 2533 nifesta
454 2482 615 2549 sunt,
638 2476 887 2533 interius
919 2478 1073 2534 intra
1099 2478 1364 2535 velamen
1379 2479 1489 2535 hoe
1504 2483 1860 2551 quatuorco-

204 2566 779 2638 lumnisimpositam
796 2565 977 2622 fuisse
989 2584 1184 2623 arcam
1200 2569 1534 2625 testimonii:
1553 2584 1730 2640 quam
1746 2583 1861 2622 non

210 2656 296 2712 sic
326 2656 539 2729 operiri
558 2654 1068 2727 jussitvelamine,
1098 2661 1159 2712 ut
1180 2673 1358 2730 super
1386 2674 1530 2713 arcae
1556 2673 1865 2730 coopercu-

209 2746 336 2801 lum
362 2746 587 2817 jaceret
616 2745 898 2813 velamen,
924 2746 1026 2801 sed
1076 2750 1141 2801 ut
1189 2752 1393 2803 contra
1439 2746 1859 2803 statueretur‘.

212 2836 437 2892 Deinde
451 2834 618 2890 dicit:
644 2839 710 2892 Et
727 2851 891 2907 pones
914 2852 1153 2892 mensam
1171 2838 1308 2907 foris
1323 2846 1486 2893 extra
1509 2839 1755 2893 velamen
1769 2855 1789 2899 ;
1811 2846 1863 2894 et

208 2924 605 2983 candelabrum
632 2930 822 2981 contra
840 2941 1084 2981 mensam
1106 2929 1164 2980 in
1185 2930 1340 2998 parte
1368 2927 1865 2998 tabernaculi,quae

212 3016 439 3086 respicit
452 3014 523 3070 ad
536 3022 816 3070 austrum:
832 3023 888 3070 et
906 3031 1157 3070 mensam
1172 3031 1343 3087 pones
1360 3018 1419 3071 in
1432 3026 1596 3088 parte
1608 3022 1659 3072 ta
1669 3018 1862 3073 berna-

208 3106 472 3177 culi,quae
492 3106 721 3176 respicit
740 3104 808 3159 ad
820 3106 1350 3176 aquilonem.Etiam
1369 3106 1475 3161 hoc
1490 3107 1730 3178 planum
1752 3111 1861 3163 est.

211 3195 377 3260 Quod
410 3198 605 3251 autem
629 3194 914 3266 sequitur,
938 3197 1004 3250 Et
1027 3197 1196 3266 [acies
1225 3196 1615 3253 adductorium
1639 3197 1703 3252 de
1733 3197 1868 3269 hya-

209 3283 397 3340 cintho
425 3287 479 3339 et
504 3300 755 3356 purpura
782 3292 835 3339 et
853 3299 1003 3340 cocco
1021 3290 1162 3340 torto
1179 3295 1229 3341 et
1251 3287 1400 3357 bysso
1423 3292 1588 3355 torta,
1608 3304 1741 3359 opus
1770 3303 1865 3342 eva-

209 3376 467 3429 riatoris.
493 3375 555 3428 Et
569 3375 741 3443 facies
754 3372 1027 3429 velamini
1047 3377 1286 3447 quinque
1305 3380 1607 3445 columnas,
1630 3386 1682 3433 et
1703 3379 1866 3432 inau-

211 3464 365 3519 rabis
385 3464 512 3519 illas
531 3478 687 3531 auro,
711 3467 761 3519 et
780 3466 966 3535 capita
985 3480 1177 3519 earum
1198 3482 1369 3520 aurea
1391 3486 1412 3521 .’
1429 3475 1480 3521 et
1500 3483 1599 3523 con
1607 3469 1767 3537 ﬂabis
1790 3469 1868 3522 eis

212 3554 456 3627 quinque
467 3553 924 3609 baseséereasmui
939 3553 1071 3609 usui
1090 3554 1347 3611 velamen
1368 3556 1474 3612 hoc
1488 3558 1589 3612 ﬁat
1603 3557 1867 3628 quinque

211 3642 509 3698 columnis
522 3644 986 3713 extentum,post
1002 3643 1324 3714 apparebit,
1344 3661 1479 3699 nam
1512 3645 1607 3700 hic
1621 3663 1735 3701 non
1770 3661 1863 3716 apo

212 3736 400 3806 paret.
416 3730 553 3788 Vult
568 3732 723 3787 enim
740 3730 890 3787 illud
909 3733 1311 3789 essevelamen
1330 3733 1861 3801 ostiitabernaculi,

211 3822 398 3893 hujus
420 3820 686 3877 videlicet
705 3819 1119 3892 interioris,cui
1144 3823 1611 3897 circumponitur
1623 3826 1860 3881 atrium.

214 3912 440 3969 Deinde
449 3911 619 3982 jubet
639 3909 820 3967 altare
835 3910 959 3966 ﬁeri
983 3911 1403 3969 sacriﬁciorum
1423 3914 1862 3971 etholocausto-

215 4006 445 4058 matum
462 4017 475 4056 :
492 4004 547 4056 et
559 3999 699 4055 dicit
722 4000 1220 4071 quemadmodum
1237 4003 1365 4058 ﬁat:
1386 4005 1645 4060 nondum
1666 4009 1863 4060 autem

213 4092 360 4149 dicit
388 4091 488 4147 ubi
516 4093 797 4163 ponatur;
839 4090 946 4145 sed
968 4089 1075 4145 hoc
1101 4107 1335 4163 quoque
1374 4098 1507 4165 post
1537 4094 1862 4166 apparebit.

287 4182 341 4237 9.
376 4181 483 4252 [1b.
515 4196 693 4251 xxvn,
723 4178 893 4250 9-13.]
928 4178 1073 4235 Hinc
1110 4181 1237 4250 jam
1298 4182 1369 4237 de
1407 4183 1556 4238 atrio
1600 4183 1867 4255 loquitur

213 4286 405 4343 usque
426 4270 485 4325 in
510 4270 707 4337 ﬁnem,
728 4270 881 4341 quod
906 4269 1361 4341 eircumponend
1374 4289 1469 4327 um
1490 4280 1573 4328 est
1594 4274 1866 4329 taberna-

212 4358 351 4417 culo
368 4358 552 4427 illi,de
574 4374 687 4430 quo
706 4358 869 4431 prius
902 4358 1316 4415 constituendo
1332 4360 1867 4433 locutusest.Etfa-

211 4452 346 4517 cies,
378 4448 588 4520 inquit,
620 4448 1040 4519 atrium;quod
1074 4448 1291 4505 dicitur
1307 4468 1489 4522 graece
1520 4447 1717 4520 αὐλὴν,
1751 4469 1867 4508 non

214 4536 445 4593 αὐλαίαν
465 4556 476 4595 :
504 4538 659 4610 quod
677 4538 919 4610 quidam
943 4538 1290 4611 interpretes
1309 4541 1491 4597 nostri
1512 4558 1627 4597 non
1650 4542 1869 4598 discer-

216 4635 444 4696 nentes,
479 4632 535 4684 et
567 4628 677 4684 boc
708 4632 765 4684 et
797 4627 899 4683 illa
931 4628 1136 4700 aulaea,
1169 4626 1551 4701 quasablala:
1566 4648 1679 4686 non
1694 4629 1866 4692 αὐλάς

215 4720 401 4777 Graeci
433 4719 655 4784 dicunt,
680 4716 831 4773 atria
854 4718 1215 4790 interpretati
1238 4726 1377 4775 sunt
1396 4722 1675 4787 dicentes,
1703 4723 1763 4775 Et
1783 4725 1869 4793 fa-

216 4813 327 4867 cies
341 4809 752 4865 tabernaculum
763 4808 944 4863 decem
956 4811 1101 4865 atrio
1108 4826 1251 4881 rum,
1260 4811 1360 4866 ubi
1373 4812 1556 4867 decem
1569 4813 1741 4868 aulaeo
1748 4829 1809 4868 ru
1818 4830 1871 4867 m

219 4900 416 4956 dicere
428 4898 1061 4956 debuerunt.Nonnulli
1076 4904 1271 4955 autem
1289 4901 1469 4957 multo
1484 4901 1871 4973 imperitiores

290 5034 305 5068 ¹
334 5033 392 5082 in
422 5032 592 5101 editis,
622 5045 773 5101 super
803 5031 1097 5101 Cherubim.
1136 5035 1201 5101 A_t
1232 5034 1286 5101 in
1317 5037 1450 5101 Mss.
1475 5040 1526 5087 et
1555 5038 1693 5101 apud
1728 5040 1870 5098 LXX,

218 5096 427 5159 absque
451 5096 904 5159 particula,super,
927 5096 1120 5158 legitur
1138 5098 1298 5159 facies
1317 5100 1451 5147 illud
1467 5096 1753 5151 Cherubim.
1772 5096 1871 5152 Heé

218 5161 494 5211 braismus
529 5163 624 5219 est,
645 5172 753 5221 quo
777 5160 1084 5222 praecipitur
1110 5161 1357 5211 velamen
1380 5165 1593 5213 artiﬁcis
1614 5166 1877 5215 industria

220 5222 595 5288 spargendum
636 5222 962 5288 imaginibus
992 5223 1165 5282 alatis,
1214 5225 1321 5273 sive
1357 5229 1552 5288 potius,
1599 5230 1675 5278 uti
1716 5230 1879 5279 habet

219 5285 402 5337 versio
433 5286 675 5348 Vulgata,
706 5285 920 5348 pulchra
951 5287 1204 5334 varietate
1232 5285 1623 5340 contexendum.

290 5352 309 5385 ³
336 5351 421 5413 Sic
452 5348 575 5397 Mss.
602 5347 758 5410 juxta
778 5363 937 5413 graec.
969 5350 1119 5399 LXX:
1152 5349 1241 5397 kai
1268 5353 1487 5401 eisoiseis
1506 5354 1615 5403 ekei
1643 5354 1875 5405 esdteron

222 5416 326 5479 tou_
344 5412 803 5479 halapelasnuitos;
824 5414 1076 5479 Adeoque
1099 5428 1377 5479 perperam
1401 5418 1454 5466 in
1478 5423 1638 5468 antea
1651 5420 1872 5479 excusis,

219 5478 273 5526 et
305 5472 517 5526 induces
546 5472 685 5525 illud
708 5476 925 5523 interius
955 5472 1042 5525 ubi
1062 5472 1289 5526 velamen
1319 5481 1409 5526 est.

287 5540 308 5574 ³
338 5539 431 5587 Edi
439 5539 495 5608 ti,
520 5535 777 5608 instinctis
796 5540 1109 5589 sanctorum.
1124 5538 1363 5590 Vaticani
1384 5541 1506 5592 Mss.
1523 5542 1676 5606 juxta
1695 5558 1871 5608 graia,

215 5602 273 5652 in
303 5604 477 5650 sancto
504 5603 815 5650 sanctorum.

219 5666 305 5779 Ms
331 5666 393 5715 In
426 5664 586 5726 iditis,
616 5666 800 5715 contra
823 5678 1049 5715 mensam
1070 5667 1399 5718 statueretur.
1420 5666 1601 5733 Abest,
1623 5683 1869 5732 mensam,

308 5741 349 5778 ε.

1549 272 1781 336 LIBER
1823 268 2261 332 SECUNDUS.

3498 290 3614 351 662

1950 401 2167 473 januas
2181 404 2545 477 interpretati
2571 410 2709 463 sunt
2731 412 2787 465 et
2801 406 2967 470 αῧλὰς
2984 414 3038 466 et
3059 410 3304 477 αὐλαίας.
3321 417 3478 475 Sicut
3505 438 3615 479 au.

1956 496 2074 548 tem
2107 493 2164 549 in
2198 493 2397 567 lingua
2426 495 2609 552 latina
2638 497 2969 559 invenimus
3004 503 3206 575 aulaea,
3240 523 3386 577 quas
3423 510 3611 567 Graeci

1958 580 2186 645 αὐλαίας
2215 590 2451 654 vocant;
2478 586 2558 643 ita
2590 604 2763 659 quam
2792 590 2873 644 illi
2901 593 3198 664 appellant
3220 594 3608 666 αὖλὴνωοεὶιηί

1959 673 2153 729 aulam
2184 680 2811 751 vocaverunt.Sedjam
2838 699 2950 737 non
2979 684 3323 744 atriumisto
3348 692 3604 765 nomine,

1958 766 2057 855 sed
2092 767 2303 824 domus
2335 769 2494 841 regia
2517 769 2886 841 signiﬁcatur
2907 772 2963 828 in
2996 773 3423 852 latinalingua;
3452 783 3609 855 apud

1960 854 2188 911 Graecos
2205 861 2419 925 autem,
2444 859 2679 917 atrium.
2698 860 2935 935 Ergo,Et
2953 866 3146 937 facies,
3170 865 3378 939 inquit,
3403 854 3609 926 atrium

1958 946 2316 1005 tabernaculo
2329 951 2389 1004 in
2403 950 2573 1007 latere
2585 952 2724 1025 quod
2746 955 2970 1026 respicit
2986 956 3062 1012 ad
3072 965 3357 1022 austrum;
3374 966 3428 1015 et
3441 965 3610 1017 tento-

1959 1036 2054 1091 ria
2085 1038 2217 1094 atrii
2243 1055 2312 1095 ex
2343 1040 2498 1111 bysso
2529 1045 2671 1096 torta
2694 1060 2715 1104 ;
2747 1043 3026 1115 longitudo
3056 1049 3129 1103 sit
3153 1053 3373 1104 centum
3398 1051 3604 1107 cubito-

1963 1144 2086 1183 rum
2100 1145 2197 1183 unz
2216 1128 2380 1185 lateri
2395 1132 2692 1188 :columnse
2706 1149 2899 1189 eorum
2922 1137 2937 1170 ¹
2952 1136 3155 1208 viginti
3162 1143 3230 1205 ,et
3254 1140 3405 1196 bases
3416 1156 3610 1196 earum

1958 1234 2120 1274 aereae
2134 1220 2374 1288 viginti;
2391 1228 2441 1276 et
2452 1224 2654 1278 circuli
2663 1240 2873 1293 earum,
2890 1230 2940 1280 et
2957 1243 3116 1283 arcus
3128 1244 3322 1285 earum
3335 1234 3607 1299 argentei.

1959 1310 2050 1363 Sic
2060 1312 2110 1363 et
2124 1308 2291 1364 lateri
2309 1310 2447 1381 quod
2475 1316 2557 1366 est
2575 1312 2644 1368 ad
2658 1315 2991 1385 aquilonem,
3015 1320 3249 1374 tentoria
3280 1324 3494 1375 centum
3511 1337 3607 1375 cu—

1962 1398 2198 1453 bitorum
2220 1401 2609 1471 longitudinis;
2631 1405 2966 1462 etcolumnaz
2983 1423 3179 1463 eorum
3209 1411 3495 1481 viginti,et
3518 1410 3609 1465 ba-

1959 1503 2042 1543 ses
2057 1505 2257 1544 carum
2277 1506 2444 1547 aerea?
2468 1493 2740 1561 viginti,et
2752 1497 2949 1550 circuli
2960 1506 3401 1567 earum,etarcus
3411 1501 3611 1555 colum-

1959 1595 2180 1647 narum,
2205 1583 2259 1634 et
2278 1580 2426 1636 bases
2452 1584 2821 1651 inargentatae
2850 1591 3103 1654 argento.
3143 1587 3401 1643 Latiludo
3424 1596 3612 1643 autem

1960 1670 2094 1723 atrii
2113 1684 2238 1740 qum
2267 1673 2343 1725 est
2372 1672 2451 1726 ad
2480 1689 2652 1739 mare,
2674 1676 2913 1730 tentoria
2935 1677 3056 1746 ejus
3079 1679 3483 1748 quinquaginta
3509 1694 3610 1731 cu-

1963 1756 2201 1813 bitorum
2219 1778 2239 1825 ;
2258 1762 2531 1818 columnae
2551 1778 2740 1817 eorum
2757 1763 2955 1820 decem.
2984 1769 3047 1821 Et
3068 1767 3294 1822 latitudo
3311 1768 3447 1822 atrii
3468 1766 3610 1837 quod

1962 1851 2038 1901 est
2068 1850 2146 1905 ad
2170 1852 2458 1922 orientem,
2500 1854 2903 1924 quinquaginta
2956 1855 3305 1925 cubitorum;
3335 1857 3608 1912 columnae

1965 1938 2079 2009 ejus
2108 1938 2315 2006 decem,
2344 1944 2397 1995 et
2428 1940 2578 1997 bases
2599 1957 2793 1997 eorum
2820 1943 3025 1999 decem.

2040 2028 2123 2081 10.
2160 2028 2399 2101 Hicjam
2430 2030 2699 2088 videmus
2730 2035 3179 2090 commemorari
3198 2034 3505 2091 columnas
3537 2035 3609 2090 ab

1969 2117 2210 2185 oriente,
2230 2136 2363 2174 cum
2397 2119 2656 2193 loquitur
2677 2124 2747 2177 de
2765 2124 2934 2193 atrio,
2968 2128 3026 2179 et
3054 2141 3152 2181 eas
3182 2127 3382 2181 decem
3415 2125 3617 2179 dicens

1973 2222 2104 2263 cum
2138 2208 2380 2264 basibus
2398 2211 2582 2279 aereis,
2616 2211 2769 2268 sicut
2799 2213 2917 2267 dixi
2936 2231 2947 2268 :
2965 2213 3139 2270 etiam
3155 2216 3226 2269 de
3244 2214 3619 2270 occidentali-

1972 2297 2118 2353 bus:
2154 2299 2252 2353 ubi
2286 2298 2635 2356 difﬁcillima
2666 2302 2852 2359 oritur
2872 2304 3134 2374 qumstio.
3168 2304 3312 2359 Nam
3339 2303 3505 2359 facile
3536 2306 3627 2358 est

1975 2387 2210 2458 quidem
2234 2392 2299 2443 ut
2328 2389 2689 2461 accipiamus
2706 2392 2780 2447 ab
2799 2393 3018 2450 oriente
3034 2411 3221 2450 unum
3245 2394 3507 2450 ordinem
3532 2409 3624 2447 co-

1972 2476 2315 2533 lumnarum
2332 2479 2402 2533 ad
2422 2479 2639 2535 atrium
2656 2482 3101 2553 pertinentium,
3136 2500 3251 2555 quo
3274 2484 3625 2539 tabernacu-

1973 2566 2097 2621 lum
2116 2566 2360 2623 interius
2375 2585 2477 2640 per
2492 2586 2699 2626 omnes
2720 2576 2973 2642 quatuor
2990 2577 3184 2643 partes
3196 2573 3473 2644 cingitur;
3490 2570 3628 2643 quia

1972 2672 2086 2711 non
2102 2656 2435 2713 habebatex
2448 2675 2517 2715 ea
2535 2665 2698 2731 parte
2725 2660 3034 2719 columnas
3074 2661 3517 2718 tabernaculum
3538 2662 3625 2715 in-

1971 2746 2154 2802 terius
2178 2748 2288 2803 Pab
2312 2748 2612 2805 occidente
2633 2754 2829 2806 autem
2864 2753 2960 2806 ubi
2987 2753 3113 2822 jam
3138 2756 3301 2808 erant
3330 2750 3625 2806 interioris

1974 2835 2335 2891 tabernaculi
2367 2836 2657 2893 columnas
2690 2841 3333 2911 octo,quomodoetiam
3357 2841 3502 2897 istas
3525 2839 3622 2894 de-

1972 2941 2276 2997 cem,quas
2302 2927 2603 2983 exterioris
2617 2928 2748 2983 atrii
2768 2930 3623 3001 commemorat,aceepturisu-

1974 3031 2128 3082 mus,
2156 3019 2440 3087 tauquam
2462 3018 2533 3072 ab
2548 3018 2847 3074 occidente
2867 3020 2983 3074 duo
2998 3019 3117 3074 sint
3137 3020 3373 3075 ordines
3405 3018 3625 3074 colum-

1974 3104 2561 3171 narum,interiorum
2586 3111 2803 3175 octo,et
2825 3108 3178 3163 exteriorum
3200 3110 3438 3164 decem?
3460 3107 3623 3173 Quod

1976 3193 2023 3249 si
2043 3193 2123 3249 ita
2143 3198 2253 3264 est,
2277 3194 2541 3267 longiora
2555 3200 2728 3252 erunt
2749 3197 2924 3253 etiam
2942 3201 3125 3253 latera
3143 3198 3271 3253 atrii
3292 3196 3623 3264 exterioris,

1976 3299 2152 3354 quam
2182 3283 2545 3340 tabernaculi
2578 3286 2900 3355 interioris,
2920 3292 2985 3342 ut
3003 3288 3250 3343 situnde
3273 3287 3344 3343 ab
3370 3292 3628 3342 extremo

1978 3373 2036 3427 in
2052 3378 2361 3430 extremum
2377 3374 2528 3431 alius
2544 3375 2953 3433 columnarum
2975 3378 3116 3433 ordo
3134 3378 3627 3447 dirigatur,etnon

1978 3462 2310 3519 incurratin
2327 3466 2591 3520 ordinem
2606 3466 2857 3537 priorem
2894 3468 2965 3522 ad
3009 3467 3258 3523 interius
3284 3467 3629 3522 tabernacu-

1977 3552 2099 3608 lum
2117 3554 2588 3626 pertinentem.Et
2601 3557 2647 3611 si
2662 3556 2769 3612 hoc
2783 3561 3265 3628 est,consequens
3279 3557 3389 3613 erit
3402 3556 3628 3611 utvice—

1979 3660 2065 3697 nae
2097 3643 2206 3698 illae
2240 3645 2528 3701 columnae
2557 3646 2807 3701 duorum
2829 3645 3080 3701 laterum
3106 3645 3627 3702 tabernaculiinte-

1978 3731 2365 3801 rioris,austri
2383 3739 2438 3789 et
2454 3734 3099 3807 aquilonis,intervallis
3114 3737 3478 3792 brevioribus
3492 3736 3626 3789 diri-

1979 3826 2237 3888 mentur,
2271 3838 2445 3893 quam
2470 3822 2583 3877 illa:
2613 3824 2823 3877 vicenas
2847 3840 2993 3895 quas
3026 3824 3202 3879 habet
3222 3825 3437 3879 atrium
3469 3827 3623 3877 exte-

1977 3911 2100 3967 rius
2121 3928 2185 3966 ex
2207 3910 2428 3967 eisdem
2456 3911 2758 3968 lateribus.
2793 3914 2861 3967 Et
2878 3913 3017 3985 quia
3033 3913 3113 3967 illi
3139 3914 3451 3970 exteriores
3469 3913 3624 3968 ordi-

1978 4018 2082 4057 nes
2103 4001 2438 4057 vicenarum
2460 4001 2896 4071 columnarum,
2931 4004 3085 4059 sicut
3104 4004 3406 4076 Scriptura
3438 4001 3627 4073 loqui-

1978 4094 2347 4159 tur,centena
2362 4092 2560 4147 cubita
2574 4097 2804 4160 tenent;
2826 4093 2925 4148 isti
2945 4094 3253 4149 interiores
3275 4094 3517 4149 totidem
3533 4108 3632 4148 eo-

1978 4181 2319 4237 lumnarum
2349 4182 2634 4254 quotlibet
2654 4183 2849 4239 minus
2872 4182 3070 4238 cubita
3093 4181 3631 4254 teneant,quoniam

1979 4269 2088 4325 hoc
2112 4270 2415 4343 Scriptura
2430 4288 2542 4327 non
2561 4272 2877 4344 expressit,
2907 4289 3276 4344 consequens
3303 4273 3412 4327 erit
3434 4275 3638 4326 utoeto

1980 4360 2264 4417 columnae
2279 4360 2392 4417 illae
2408 4361 2773 4417 tabernaculi
2790 4362 3085 4418 interioris
3107 4362 3163 4417 in
3184 4361 3361 4417 latere
3375 4360 3639 4416 occiden-

1980 4448 2082 4505 tali
2115 4448 2369 4505 rariores
2385 4450 2699 4522 sintquam
2732 4450 3635 4521 vicenznillzeejusdemtaberna-

1979 4538 2098 4596 culi
2131 4540 2418 4596 australes
2451 4544 2507 4594 et
2538 4539 2871 4612 aquilonia,
2906 4546 2970 4595 ut
3000 4542 3187 4613 possit
3217 4537 3632 4613 comprehendi

1982 4630 2241 4700 spatium
2259 4634 2547 4701 quantum
2570 4629 2789 4685 sufﬁcit
2811 4631 3010 4685 decem
3037 4629 3152 4686 illis
3172 4630 3371 4685 aulaeis
3390 4629 3634 4685 cireum-

1982 4719 2318 4789 tendendis,
2342 4720 2561 4791 quibus
2596 4719 2869 4792 primitus
2888 4719 3032 4775 dixit
3063 4720 3169 4774 hoc
3190 4718 3631 4775 tabernaculum

1985 4808 2130 4862 ﬁeri.
2153 4808 2380 4865 Habent
2401 4810 2554 4865 enim
2577 4809 2987 4865 eubitavicena
3011 4814 3306 4877 etoetona,
3333 4826 3459 4879 qua:
3485 4808 3634 4863 ﬁunt

1984 4897 2162 4952 simul
2193 4900 2442 4954 ducenta
2463 4900 2792 4971 octoginta:
2816 4915 3065 4970 quorum
3092 4898 3139 4953 si
3167 4904 3412 4954 centena
3438 4900 3636 4952 essent

1984 4985 2042 5041 in
2064 4987 2342 5042 lateribus
2356 4992 2387 5042 d
2400 4990 2586 5045 uobus
2600 4990 2784 5045 austri
2799 4988 3287 5060 etaquilonis,ubi
3300 4988 3637 5044 vicenarum

1987 5076 2397 5132 columnarum
2416 5079 2649 5133 ordines
2666 5081 3210 5151 sunt,quadragena
3230 5079 3433 5150 utique
3448 5079 3647 5135 cubita

1987 5167 2618 5239 tenderenturperalia
2643 5171 2674 5222 d
2690 5188 2757 5223 uo
2778 5169 2958 5225 latera
2978 5170 3219 5225 orientis
3235 5176 3289 5224 et
3307 5169 3647 5237 occidentis,

1989 5262 2045 5312 et
2072 5257 2445 5328 proportione
2477 5265 2849 5314 occurrerent
2880 5260 2938 5313 in
2972 5264 3098 5315 octo
3133 5260 3421 5315 columnis
3453 5259 3652 5315 cubita

1985 5364 2019 5419 q
2035 5348 2316 5419 uadragin
2330 5347 2571 5417 ta,sicut
2590 5347 2647 5401 in
2665 5347 2871 5419 viginti
2887 5350 3178 5406 columnis
3194 5351 3390 5406 cubita
3403 5354 3648 5417 centum;

1987 5438 2085 5493 sed
2114 5455 2229 5493 non
2264 5442 2461 5493 essent
2495 5437 2761 5510 longiora
2792 5438 2971 5493 latera
2995 5441 3299 5497 exterioris
3336 5441 3648 5513 atrii,quo-

1988 5527 2147 5583 niam
2170 5528 2432 5583 centenis
2467 5527 2682 5583 cubitis
2699 5526 2935 5583 deﬁnita
2958 5534 3121 5597 sunt;
3138 5536 3193 5585 et
3210 5530 3341 5587 ideo
3356 5548 3470 5586 non
3491 5534 3647 5586 esset

1990 5617 2484 5689 quemadmodum
2514 5615 2612 5673 ille
2643 5616 2782 5673 ordo
2812 5616 3012 5674 decem
3028 5618 3435 5677 columnarum
3460 5620 3645 5676 abau-

2058 5739 2073 5772 ¹
2108 5736 2267 5801 Editi,
2294 5749 2491 5787 eorum.
2527 5736 2595 5788 At
2622 5736 2771 5797 Msa,
2799 5749 3002 5794 eorum;
3032 5737 3264 5789 refertur
3293 5737 3360 5790 ad
3390 5738 3635 5789 tentoria.
