3998 6344
398 287 513 345 663

401 417 539 491 gulo
572 416 813 473 australi
845 417 903 471 in
936 416 1216 488 angulum
1234 413 1936 487 aquiloniumincluderet
1957 428 2045 466 or-

405 510 602 564 dinem
619 496 963 562 interiorum
986 511 1112 562 octo
1128 504 1808 562 columnarum.Proinde
1823 507 1885 557 ut
1906 501 2048 557 atrio

408 598 672 669 undique
688 598 1080 653 circumdetur
1096 596 1340 651 interius
1356 593 1799 650 tabernaculum
1812 596 2059 664 ,oportet

408 688 556 742 illud
588 704 716 743 esse
730 690 906 742 etiam
924 686 1312 757 longitudinis
1333 685 1617 741 brevioris
1638 701 1649 738 :
1672 688 1845 754 atque
1862 682 1938 737 ita
1955 698 2053 737 ne-

410 792 573 833 cesse
594 778 672 832 sit
702 776 932 832 vicenas
963 775 1479 846 cjuscolumnasin
1502 772 2050 839 duobuslaterihus,

414 865 695 935 quibusin
711 865 951 937 longum
970 863 2053 937 porrigitur,densiusconstitui,quam

414 959 551 1010 sunt
582 955 714 1010 atrii
746 956 1047 1010 exterioris
1079 954 1255 1010 etiam
1280 954 1417 1025 ipsa:
1447 953 1658 1009 vicenas
1694 970 1706 1021 ;
1770 958 1826 1007 et
1864 950 2054 1006 rarius

414 1056 543 1105 octo
577 1045 884 1102 columnas
916 1043 1279 1099 tabernaculi
1311 1043 1605 1098 interioris
1638 1060 1671 1098 a
1703 1050 1864 1113 parte
1913 1040 2055 1095 occi-

412 1140 626 1205 dentis,
648 1153 825 1209 quam
840 1136 1039 1189 decem
1067 1151 1134 1188 ex
1156 1134 1357 1188 eadem
1384 1138 1547 1204 parte
1574 1130 2051 1187 atriiexterioris:

412 1229 688 1303 quoniam
721 1224 1003 1296 quidquid
1038 1224 1235 1278 minus
1266 1222 1595 1278 cubitorum
1630 1221 1829 1277 exillis
1861 1219 2057 1275 aulaeis

413 1318 747 1377 extenditur
779 1316 837 1369 in
870 1312 1153 1370 columnis
1175 1312 1393 1367 vicenis
1416 1313 1667 1367 duorum
1699 1310 1948 1366 laterum
1984 1310 2056 1364 ad

416 1413 681 1465 austrum
699 1410 755 1461 ct
785 1404 856 1459 ad
881 1402 1744 1474 aquilonem,compensandum
1760 1400 2058 1456 estlatitu-

417 1500 550 1555 dine
577 1494 875 1553 orientalis
904 1497 961 1548 et
982 1491 1357 1547 occidentalis
1375 1490 1594 1562 lateris,
1620 1490 2060 1545 utducentaoc-

414 1588 643 1659 toginta
672 1583 1367 1640 cubitaconsummentur
1386 1580 1722 1636 aulaeorum.
1755 1580 1878 1634 Non
1902 1578 2058 1634 enim

416 1678 569 1734 sicut
597 1676 667 1730 de
696 1672 839 1729 velis
853 1671 1169 1744 capilaciis,
1206 1670 1303 1725 ubi
1329 1686 1510 1725 unum
1529 1670 1661 1741 plus
1676 1673 1781 1737 est,
1816 1668 1897 1723 ita
1918 1668 2060 1723 etde

416 1767 510 1822 his
541 1762 938 1833 aulaeisjussit
967 1760 1187 1831 aliquid
1246 1760 1551 1831 duplicari.
1605 1761 1967 1831 Quapropter
2012 1757 2061 1812 si

415 1859 649 1912 tantum
681 1852 977 1908 breviatur
1002 1849 1306 1922 longitudo
1337 1848 1699 1904 tabernaculi
1742 1846 2059 1917 interioris,

420 1946 574 2017 quod
605 1944 675 1998 ab
699 1942 844 1997 atrio
874 1938 1155 1995 exteriore
1176 1943 1375 2010 posset
1402 1937 1643 2005 includi,
1679 1938 1816 1993 utin
1844 1936 2061 1992 vicenis

415 2035 544 2105 ejus
558 2031 848 2088 columnis
863 2048 979 2086 non
997 2032 1242 2085 centena
1272 2027 1471 2084 cubita
1491 2028 1813 2083 tendantur
1845 2026 2059 2082 aulaeo-

418 2140 581 2191 rum;
615 2121 717 2177 sed
748 2119 907 2176 verbi
938 2119 1147 2191 gratia,
1191 2122 1255 2174 ut
1287 2117 1601 2172 minimum
1653 2133 1959 2189 nonagena
2007 2119 2064 2171 et

420 2229 581 2277 sena,
615 2215 681 2267 ut
710 2210 1008 2281 quaternis
1041 2207 1253 2264 cubitis
1276 2209 1540 2265 breviora
1561 2208 1707 2264 sint:
1758 2207 1881 2263 haec
1937 2206 2067 2276 ipsa

422 2306 709 2373 quaterna
738 2299 957 2365 cubita,
978 2298 1030 2352 id
1050 2303 1276 2353 estocto
1302 2297 1498 2352 cubita
1520 2298 1576 2351 in
1610 2295 1899 2351 duosaliis
1930 2295 2067 2349 late-

422 2392 586 2446 ribus
606 2390 811 2461 utique
832 2386 1125 2442 tendenda
1148 2391 1305 2454 sunt,
1332 2386 1599 2442 orientali
1619 2392 1671 2441 et
1691 2384 2063 2451 occidentali;

425 2497 491 2537 ac
522 2480 608 2535 sic
636 2478 696 2533 in
726 2476 843 2532 illis
865 2481 993 2533 octo
1011 2474 1301 2531 columnis
1323 2475 1781 2531 occidentalibus
1798 2476 2067 2530 taberna-

427 2569 541 2626 culi
571 2567 867 2623 interioris
887 2584 998 2620 non
1023 2566 1420 2621 extenduntur
1440 2565 1638 2621 cubita
1657 2566 2068 2636 quadraginta,

428 2660 530 2715 sed
553 2656 938 2729 quadraginta
971 2660 1239 2726 quatuor,
1273 2660 1330 2711 et
1362 2654 1475 2710 alia
1504 2655 1888 2726 quadraginta
1927 2672 2069 2725 qua-

427 2754 561 2804 tuor
592 2748 662 2803 ab
686 2745 927 2801 oriente.
961 2749 1103 2800 Cum
1128 2761 1263 2816 ergo
1295 2745 1353 2800 in
1378 2745 1576 2799 decem
1597 2743 1886 2800 columnis
1916 2748 2069 2799 exte-

427 2837 597 2893 rioris
630 2835 759 2892 atrii
790 2836 1114 2890 tenduntur
1145 2834 1341 2889 cubita
1364 2834 1818 2907 quinquaginta,
1852 2834 1909 2888 in
1943 2837 2070 2888 octo

427 2932 620 2985 autem
653 2925 945 2981 interioris
975 2924 1338 2981 tabernaculi
1360 2925 1682 2979 tenduntur
1708 2923 1903 2978 cubita
1934 2940 2071 2993 qua-

428 3016 696 3088 draginta
717 3020 987 3086 quatuor,
1014 3015 1232 3071 rariora
1254 3014 1634 3069 inveniuntur
1652 3012 1960 3069 intervalla
1981 3014 2069 3066 in-

428 3108 710 3163 teriorum
745 3110 875 3161 octo
906 3103 1313 3159 columnarum
1347 3120 1522 3175 quam
1565 3102 1915 3157 exteriorum
1971 3102 2070 3157 de-

431 3213 587 3253 cem:
622 3195 762 3267 quia
793 3197 841 3249 si
874 3194 1037 3265 paria
1079 3200 1295 3258 essent,
1355 3193 1436 3247 ita
1479 3193 1536 3246 in
1596 3192 1885 3247 columnis
1946 3196 2072 3247 octo

428 3285 817 3357 quadraginta
832 3284 1032 3339 cubita
1053 3283 1458 3348 tenderentur,
1479 3280 1629 3337 sicut
1647 3280 2076 3351 quinquaginta

429 3374 825 3429 tendebantur
852 3373 911 3427 in
936 3374 1135 3428 decem
1160 3390 1174 3441 ;
1200 3371 1477 3443 quoniam
1504 3371 1656 3441 quod
1675 3375 1812 3425 sunt
1834 3388 2073 3442 propor-

434 3461 727 3518 tioneocto
760 3462 831 3517 ad
863 3462 1086 3529 decem,
1121 3461 1229 3515 hoc
1246 3464 1385 3515 sunt
1412 3460 1880 3530 quadragintaad
1904 3462 2077 3532 quin-

437 3552 741 3623 quaginta.
759 3550 1102 3614 Quinarium
1124 3550 1338 3620 quippe
1356 3565 1667 3603 numerum
1690 3549 2081 3621 quadraginta

433 3642 613 3697 octies
644 3640 879 3705 habent,
914 3638 1373 3711 quinquinginta
1404 3638 1615 3693 decies.

504 3732 590 3785 41.
620 3731 721 3797 [1b.
758 3730 969 3799 14-16.]
1000 3728 1111 3783 Nec
1144 3727 2077 3784 nosmoverentcolumnarumin-

434 3818 1130 3890 tervalladisparia,quod
1146 3817 1445 3873 densiores
1464 3816 1521 3871 in
1536 3815 2081 3890 lateribuslongitu-

435 3910 589 3965 dinis
602 3912 981 3980 ponerentur,
998 3907 1097 3961 ubi
1122 3906 1334 3961 vicena:
1359 3910 1519 3971 sunt,
1535 3906 1784 3962 rariores
1807 3913 1998 3963 autem
2018 3908 2078 3963 in

434 3998 617 4054 latere
641 3996 990 4066 latitudinis,
1012 3995 1110 4051 ubi
1144 4000 1269 4051 octo
1290 4000 1447 4063 sunt,
1476 3996 1585 4051 nisi
1622 3996 1778 4053 aliud
1812 3998 2082 4053 existeret

435 4087 592 4159 quod
616 4091 847 4158 urgeret
869 4086 1629 4141 mutaresententiam.Cum
1646 4086 1799 4141 cnim
1832 4104 2082 4143 comme-

436 4182 722 4234 morasset
743 4176 1171 4249 longitudinem
1187 4176 1319 4231 atrii
1343 4178 1411 4231 ad
1433 4194 1589 4232 mare
1608 4177 1821 4233 habere
1836 4178 2081 4235 tentoria

438 4266 869 4339 quinquaginta
882 4266 1235 4331 cubitorum,
1259 4269 1313 4322 et
1332 4268 1633 4322 columnas
1649 4268 1869 4337 decem,
1905 4273 1959 4324 et
1974 4272 2077 4324 ba-

432 4374 526 4413 ses
555 4372 757 4412 carum
783 4356 982 4411 decem
1008 4373 1020 4423 ;
1054 4360 1109 4409 et
1132 4355 1503 4410 latitudinem
1538 4356 1666 4411 atrii
1697 4357 1768 4411 ad
1793 4357 2076 4414 orientem

431 4446 572 4501 item
606 4444 1037 4517 quinquaginta
1069 4444 1420 4509 cubitorum,
1456 4451 1510 4499 et
1540 4446 1847 4501 columnas
1877 4448 2076 4503 decem

431 4539 489 4590 et
518 4535 689 4590 bases
721 4534 954 4601 decem;
990 4538 1163 4605 atque
1186 4534 1276 4589 his
1298 4534 1470 4589 dictis
1503 4538 1755 4605 perfecta
1787 4535 2080 4592 videretur

433 4625 621 4680 forma
650 4622 1153 4678 tabernaculicum
1173 4624 1319 4679 atrio
1339 4642 1442 4678 suo
1468 4625 1728 4695 undique
1760 4625 2074 4694 ambiente,

429 4712 987 4784 injecitaliud,quod
1010 4713 1108 4768 ubi
1130 4718 1185 4768 et
1205 4714 1496 4785 quomodo
1520 4713 1961 4786 intelligendum
1978 4716 2075 4785 sit,

430 4803 777 4859 difcillime
806 4803 1132 4875 reperitur:
1167 4806 1229 4858 Et
1259 4803 1588 4874 quindecim,
1624 4804 1833 4874 inquit,
1862 4807 2072 4863 cubito-

428 4910 554 4949 rum
581 4896 946 4957 tentoriorum
974 4893 1205 4947 altitudo
1228 4893 1399 4948 lateri
1428 4896 1529 4948 imi
1547 4912 1565 4946 :
1597 4895 1867 4950 columnae
1897 4912 2073 4953 eorum

426 4988 557 5050 tres,
580 4983 791 5039 ctbases
804 5000 1001 5039 carum
1017 4986 1145 5038 tres.
1190 4986 1258 5038 Et
1276 4982 1746 5052 latussecundum,
1765 4986 2071 5056 quindecim

426 5074 734 5130 cubitorum
765 5075 1128 5141 tentoriorum
1153 5074 1387 5128 altitudo
1409 5092 1426 5127 .
1448 5077 1719 5130 columnae
1733 5091 1921 5131 eorum
1941 5086 2069 5148 tros,

424 5171 474 5219 et
496 5164 644 5219 bases
664 5180 857 5219 carum
881 5164 1260 5233 treaEtportaz
1278 5164 1418 5217 atrii
1432 5167 1680 5233 tegumen
1700 5167 1899 5232 uiginti
1917 5168 2069 5222 cubi-

426 5256 614 5307 torum
645 5252 875 5307 attitudo
896 5252 961 5307 de
981 5252 1281 5322 hyacintho
1303 5262 1353 5307 et
1372 5269 1631 5324 purpura
1648 5263 1698 5309 et
1715 5270 1865 5309 cocco
1878 5260 1999 5311 ueto
2020 5261 2069 5313 et

424 5341 581 5411 bysso
611 5347 778 5410 torta,
806 5343 1073 5397 uarietate
1097 5359 1198 5396 acu
1220 5345 1402 5414 picta:
1423 5346 1693 5402 columna:
1713 5362 1904 5401 earum
1924 5363 2067 5419 qua-

423 5438 547 5485 tuor
573 5437 623 5485 et
656 5432 801 5486 bases
828 5448 1022 5485 eorum
1050 5437 1301 5503 quatuor.
1328 5439 1456 5489 Haec
1483 5435 1579 5490 ubi
1612 5436 2065 5503 constituantur,

424 5520 677 5591 perfecta
700 5520 800 5575 illa
820 5522 1005 5577 forma
1022 5523 1526 5587 tabernaculi.non
1552 5526 1743 5581 video:
1770 5527 1868 5581 sed
1893 5525 2066 5598 plane

422 5609 590 5664 video
615 5610 886 5665 eumdem
909 5628 1038 5668 esse
1059 5630 1370 5669 numerum
1398 5614 1805 5671 columnarum
1838 5616 2060 5688 decem,

424 5699 483 5754 in
518 5698 705 5754 tribus
740 5706 794 5754 et
818 5700 1006 5756 tribus
1036 5707 1093 5757 et
1125 5708 1402 5775 quatuor,
1436 5705 1619 5760 ternis
1645 5703 1868 5760 scilicet
1914 5708 1948 5760 .
1976 5706 2062 5761 la-

423 5789 646 5847 teribus
668 5795 723 5846 et
754 5794 1007 5863 quatuor
1035 5790 1095 5846 in
1121 5790 1331 5848 medio.
1380 5794 1458 5849 Ac
1512 5809 1615 5867 per
1653 5793 1758 5850 hoc
1815 5796 2067 5858 tentoria

1137 282 1671 353 QU/ESIIONUM
1720 283 1782 341 S.
1828 278 2246 339 AUGUSTINI
2294 280 2371 337 IN
2418 281 3061 341 HEPTATEUCHUM

3690 280 3807 339 664

2156 409 2257 466 illa
2288 411 2719 485 quinquaginta
2750 412 3080 468 cubitorum
3124 428 3239 468 non
3285 416 3556 468 contexta
3613 419 3808 477 erunt,

2160 518 2229 555 ne
2262 501 2458 557 aditus
2489 502 2547 557 in
2581 503 2727 557 atrio
2777 501 2975 558 nullus
3007 502 3084 558 sit
3129 518 3141 558 :
3174 503 3274 558 sed
3336 502 3659 575 quindenis
3706 519 3808 556 cu-

2162 590 2299 645 bitis
2326 592 2517 646 media
2544 592 2744 662 viginti
2778 593 2975 647 cubita
3004 592 3451 664 separabuntur,
3481 597 3549 646 ut
3589 592 3811 646 faciant

2164 684 2341 750 porta:
2359 680 2717 736 tabernaculi
2747 684 3021 753 tegimen,
3056 682 3265 737 hocest
3293 682 3510 749 velum,
3545 683 3701 754 quod
3728 699 3817 737 or-

2165 774 2438 825 namento
2465 769 2907 841 velamentoque
2940 771 3283 843 dependeat,
3334 775 3391 826 et
3420 775 3617 825 teneat
3676 787 3813 841 spa~

2162 858 2309 913 tium
2343 866 2592 930 quatuor
2610 860 3038 926 columnarum,
3072 861 3226 931 quod
3256 866 3431 932 portae
3465 860 3596 915 atrii
3634 860 3819 931 depu-

2163 951 2349 1002 tatum
2384 954 2559 1019 atque
2588 954 2925 1021 separatum
2950 954 3057 1005 est.
3094 950 3225 1005 ideo
3249 949 3507 1005 velamen
3543 949 3746 1021 ipsum
3784 966 3818 1003 a

2164 1036 2445 1093 lateribus
2460 1039 2821 1109 quindenum
2838 1040 3165 1095 cubitorum
3181 1038 3433 1095 divisum
3457 1044 3633 1111 atque
3649 1055 3817 1110 sepa-

2165 1132 2380 1193 ratum,
2414 1129 2586 1183 etiam
2623 1129 2815 1200 specie
2845 1130 3130 1201 distingui
3154 1128 3355 1195 voluit,
3390 1135 3454 1184 ut
3485 1146 3657 1199 opere
3701 1145 3813 1183 acu

2166 1216 2321 1289 picto
2340 1219 2698 1288 quatuorilla
2712 1219 3003 1275 coloribus
3025 1219 3367 1275 variaretur.
3386 1220 3491 1275 Sed
3508 1219 3689 1274 latera
3710 1219 3815 1273 illa

2167 1308 2534 1378 quindenum
2568 1310 2897 1365 cubitorum
2933 1309 3069 1366 hinc
3100 1315 3276 1381 atque
3306 1309 3442 1365 hinc
3472 1314 3673 1365 ternas
3713 1326 3811 1365 co-

2167 1395 2403 1452 lumnas
2434 1398 2798 1464 habentium,
2833 1399 2879 1454 si
2905 1400 2975 1454 ad
3001 1400 3265 1455 eamdem
3298 1399 3478 1470 lineae}
3506 1399 3814 1456 rectitudi-

2168 1503 2302 1541 nem
2334 1491 2511 1558 portae
2545 1488 2675 1543 atrii
2724 1491 3178 1561 conjungantur,
3213 1507 3328 1545 non
3386 1490 3494 1546 erit
3552 1490 3810 1561 spatium

2168 1576 2317 1631 inter
2347 1577 2546 1633 decem
2579 1578 2882 1634 columnas
2913 1578 3214 1635 exterioris
3242 1580 3371 1635 atrii
3403 1585 3461 1635 et
3490 1585 3618 1636 octo
3660 1579 3817 1634 inte-

2170 1666 2343 1722 rioris
2372 1668 2752 1735 tabernaculi,
2789 1669 2886 1724 ubi
2921 1670 2998 1724 sit
3045 1669 3226 1725 altare
3270 1670 3531 1741 quinque
3580 1670 3809 1725 cubito-

2170 1772 2323 1822 rum,
2359 1757 2648 1827 quadrum
2683 1774 2976 1829 occupans
3007 1758 3297 1830 spatium;
3347 1764 3403 1815 et
3423 1764 3557 1814 ante
3607 1760 3810 1831 ipsum

2171 1846 2371 1915 altare,
2408 1846 2507 1900 ubi
2540 1846 2825 1901 serviatur
2853 1847 3056 1914 altari;
3091 1852 3148 1903 et
3180 1848 3331 1903 inter
3361 1848 3555 1920 ipsum
3608 1854 3667 1905 et
3716 1867 3813 1905 os-

2171 1936 2321 1991 tium
2351 1935 2714 1991 tabernaculi
2742 1936 3057 2003 interioris,
3082 1937 3180 1991 ubi
3203 1937 3279 1992 sit
3300 1932 3526 1994 labrum
3559 1956 3812 1995 aeneum.

2172 2026 2266 2081 Sic
2296 2025 2451 2080 enim
2485 2026 2618 2096 poni
2644 2026 2884 2095 jussum
2918 2031 3023 2094 est,
3061 2027 3212 2081 unde
3256 2044 3470 2085 manus
3528 2034 3587 2084 et
3636 2031 3819 2102 pedes

2174 2116 2504 2171 sacerdotes
2529 2114 2741 2183 lavent,
2789 2117 3023 2187 quando
3082 2116 3304 2172 intrant
3349 2118 3819 2181 tabernaculum.

2173 2205 2262 2261 vel
2294 2206 2525 2275 quando
2571 2206 2857 2261 accedunt
2904 2211 2969 2261 ut
3020 2205 3187 2262 altari
3236 2207 3601 2263 deserviant:
3659 2210 3819 2279 quod

2177 2294 2291 2350 nisi
2322 2294 2463 2350 foris
2512 2312 2545 2350 a
2592 2295 2964 2352 tabernaculo
3021 2297 3080 2351 in
3140 2297 3289 2353 atrio
3333 2297 3820 2363 intellexerimus,

2178 2386 2470 2455 quomodo
2503 2390 2752 2456 possunt
2783 2386 2945 2457 prius
2977 2385 3168 2442 lavare
3202 2404 3413 2442 manus
3442 2393 3499 2443 et
3526 2389 3722 2459 pedes,
3766 2392 3827 2442 et

2179 2477 2262 2531 sic
2292 2476 2731 2531 tabernaculum
2766 2477 3055 2533 introire?
3085 2478 3246 2534 Foris
3305 2483 3499 2534 autem
3553 2480 3625 2534 ab
3676 2477 3824 2533 atrio

2179 2582 2296 2620 non
2329 2582 2647 2637 possumus
2669 2566 2849 2622 altare
2879 2572 3137 2623 statuere
3164 2586 3177 2635 ;
3211 2569 3349 2640 quia
3378 2572 3437 2624 et
3466 2569 3823 2623 tabernacu-

2180 2654 2300 2709 lum
2334 2660 2391 2710 et
2439 2654 2623 2711 altare
2672 2656 3021 2712 circumdari
3072 2657 3218 2713 atrio
3278 2659 3568 2729 praecepit.
3626 2662 3829 2714 Restat

2180 2744 2359 2816 igitur
2389 2749 2453 2799 ut
2482 2744 2582 2799 illa
2613 2744 2794 2800 latera
2826 2745 3189 2817 quindenum
3222 2748 3549 2803 cubitorum
3569 2748 3707 2802 hinc
3739 2753 3827 2802 at-

2180 2851 2294 2905 que
2317 2833 2473 2899 hinc,
2497 2838 2552 2888 et
2583 2833 2993 2889 columnarum
3023 2840 3348 2902 ternarum,
3371 2836 3826 2909 sicaceipiamus

2182 2940 2215 2979 a
2242 2924 2616 2988 lateribus,ut
2634 2924 2756 2992 ipsa
2772 2924 3369 2981 faciantintervallum
3394 2926 3635 2981 totidem
3658 2927 3823 2981 cubi-

2182 3017 2376 3069 torum
2450 3012 2601 3067 inter
2624 3018 2849 3084 portam
2883 3014 3012 3068 atrii
3039 3018 3095 3069 et
3114 3015 3329 3070 ostium
3353 3015 3711 3070 tabernaculi
3732 3015 3824 3069 in-

2182 3101 2439 3159 terioris:
2477 3107 2699 3173 portam
2734 3104 2966 3173 quidem
2988 3107 3281 3174 patentem
3303 3104 3507 3175 viginti
3532 3104 3821 3159 euhitisin

2184 3197 2437 3264 quatuor
2467 3191 2780 3259 columnis,
2813 3198 2868 3247 et
2889 3192 3203 3248 habentem
3251 3192 3444 3249 velum
3502 3210 3608 3249 acu
3671 3194 3823 3266 picto

2185 3298 2358 3353 opere
2387 3280 2673 3335 variatum
2725 3282 2929 3353 viginti
2989 3283 3360 3351 cubitorum;
3422 3282 3641 3339 ostium
3692 3300 3826 3339 vero

2184 3370 2543 3426 tabernaculi
2579 3370 2845 3441 interius,
2879 3372 2976 3427 ubi
3011 3378 3259 3443 ponatur
3286 3372 3546 3428 velamen
3590 3372 3734 3427 illud
3770 3374 3826 3428 in

2188 3461 2447 3533 quinque
2479 3458 2770 3515 columnis
2801 3465 3137 3516 extentum:
3175 3462 3328 3533 quod
3364 3463 3568 3534 utique
3600 3480 3714 3519 non
3740 3464 3829 3518 in-

2187 3555 2279 3605 tra
2310 3548 2475 3604 illum
2508 3549 2773 3605 ordinem
2806 3554 2933 3606 octo
2956 3550 3389 3622 columnarum,
3422 3552 3522 3608 sed
3556 3556 3720 3608 extra
3751 3554 3830 3609 fo-

2189 3640 2269 3695 ris
2298 3640 2370 3695 ad
2403 3639 2616 3693 atrium
2651 3640 2906 3710 positum
2948 3640 3273 3713 intelligere
3314 3641 3614 3697 debemus.
3668 3644 3832 3697 Tunc

2189 3730 2345 3785 enim
2376 3728 2487 3785 erit
2517 3728 2710 3784 velum
2760 3729 2894 3785 ostii
2952 3730 3342 3799 tabernaculi,
3407 3733 3563 3803 quod
3613 3733 3828 3788 ostium

2188 3824 2470 3890 tanquam
2502 3817 2684 3874 valvis
2714 3818 3102 3890 aperiebatur,
3164 3820 3264 3876 ubi
3326 3820 3509 3875 aulaea
3562 3820 3714 3877 inter
3772 3839 3831 3878 se

2190 3908 2425 3965 circulis
2457 3911 2513 3963 et
2540 3908 2701 3963 ansis
2728 3925 2843 3964 non
2876 3909 3401 3981 conjungebantur.
3430 3910 3544 3965 Aut
3571 3910 3620 3965 si
3685 3913 3830 3967 forte

2188 4000 2343 4054 intra
2373 3998 2539 4053 illum
2572 3997 2836 4053 ordinem
2868 4002 2997 4053 octo
3029 3998 3435 4055 columnarum
3468 3999 3830 4056 tabernaculi

2190 4088 2509 4155 interioris,
2543 4087 2944 4158 opponebatur
2982 4087 3091 4143 hoc
3146 4087 3408 4144 velamen
3458 4089 3517 4145 in
3571 4090 3833 4163 quinque

2190 4176 2483 4233 columnis
2514 4177 2665 4232 ostio
2692 4176 3075 4247 tabernaculi,
3101 4182 3166 4233 ut
3186 4179 3419 4250 quando
3441 4178 3830 4251 aperiebatur,

2187 4268 2465 4324 interiora
2494 4284 2609 4323 non
2640 4267 3029 4337 nudarentur,
3062 4284 3134 4323 ne
3163 4286 3197 4325 a
3226 4269 3724 4342 prospicientibus
3755 4272 3835 4325 vi-

2188 4359 2496 4424 derentur;
2534 4357 2688 4429 quod
2723 4361 2917 4412 tamen
2946 4356 3209 4414 velamen
3258 4359 3379 4414 sive
3433 4357 3703 4426 interius,
3766 4362 3835 4416 ab

2187 4448 2285 4503 illo
2318 4448 2520 4503 ordine
2552 4446 2985 4515 columnarum,
3037 4447 3158 4503 sive
3188 4448 3441 4504 exterius
3496 4454 3833 4521 poneretur,

2187 4538 2342 4609 quod
2368 4553 2482 4592 non
2515 4535 2659 4592 satis
2690 4534 2911 4591 elucet:
2948 4536 3149 4608 procul
3182 4538 3359 4593 dubio
3410 4537 3671 4594 distabat
3702 4556 3831 4595 mo-

2187 4628 2384 4682 derato
2415 4624 2719 4681 intervallo
2751 4626 2822 4680 ab
2877 4626 3079 4681 eodem
3137 4627 3340 4683 ordine
3395 4626 3831 4696 columnarum,

2185 4732 2255 4772 ne
2280 4716 2539 4787 quinque
2570 4713 2851 4769 columnae
2884 4715 2955 4769 ad
2991 4720 3245 4787 quatuor
3264 4716 3567 4772 columnas
3592 4718 3833 4775 densius

2182 4805 2535 4877 constipatae,
2562 4802 3022 4859 intercluderent
3041 4804 3233 4876 potius
3247 4806 3493 4873 aditum,
3526 4822 3704 4877 quam
3737 4826 3829 4865 ve-

2179 4896 2386 4952 larent.

2254 4988 2337 5041 12.
2365 4985 2699 5041 Secundum
2723 4984 2899 5040 istum
2924 4985 3118 5057 itaque
3140 4986 3402 5053 modum,
3434 4990 3827 5047 etsecundum

2179 5077 2328 5133 hanc
2368 5074 2993 5131 formamtabernaculi
3027 5076 3171 5131 nihil
3198 5078 3322 5147 jam
3339 5079 3827 5149 opusestvicenas

2179 5166 2311 5222 illas
2344 5166 2651 5221 columnas
2686 5163 2936 5220 laterum
2993 5165 3287 5222 interioris
3332 5167 3696 5223 tabernaculi
3757 5171 3824 5225 ad

2181 5260 2447 5313 austrum
2481 5258 2541 5310 et
2572 5254 2907 5327 aquilonem
2928 5257 3283 5312 constituere
3305 5256 3627 5326 densiores,
3660 5263 3717 5314 et
3738 5278 3823 5315 ra-

2180 5347 2363 5402 riores
2394 5345 2523 5400 illas
2556 5347 2887 5401 octotacere
2911 5362 3039 5416 qua:
3098 5346 3169 5402 ab
3225 5348 3520 5403 occidente
3572 5347 3819 5405 fuerant.

2176 5438 2385 5493 Decem
2419 5436 2631 5508 quippe
2662 5434 2772 5491 illa:
2802 5436 2933 5492 atrii
2965 5437 3265 5494 exterioris
3298 5438 3368 5494 ab
3400 5438 3604 5493 eadem
3662 5445 3821 5511 parte

2173 5526 2492 5584 occidentis
2511 5525 2882 5599 nonlongum
2897 5526 3160 5583 ordinem
3178 5527 3814 5588 faciuntcolumnarum

2174 5634 2286 5691 quo
2316 5615 2696 5672 includantur
2725 5622 2852 5673 octo
2874 5616 3204 5689 interiores,
3220 5618 3321 5675 sed
3353 5617 3533 5675 ternis
3551 5620 3625 5675 ab
3656 5624 3811 5677 utro-

2282 5806 2370 5862 Sic
2394 5805 2523 5859 Mss.
2552 5805 2621 5861 At
2652 5803 2797 5872 editi,
2830 5803 3032 5870 aliquot
3058 5804 3361 5859 cubitorum.
