3998 6348
114 280 237 340 665

117 426 238 483 que
266 410 448 467 latere
478 409 904 478 constitutis,et
934 414 1186 481 quatuor
1214 412 1272 468 in
1297 413 1775 486 porta‘,spatium

118 499 610 569 concludunt,ubi
634 504 690 555 et
710 499 890 555 altare
913 501 987 555 sit
1016 500 1589 559 holocaustematum
1624 502 1779 559 intra

122 596 355 662 portam
378 590 510 646 atrii
535 594 667 645 ante
690 590 908 645 ostium
925 591 1613 659 tabernaculi;etlabrum
1631 593 1783 648 inter

119 683 342 737 ostium
365 680 731 736 tabernaculi
755 685 810 735 et
832 679 1096 750 altare;et
1118 681 1491 738 intervallum
1518 700 1784 739 necessa-

118 771 276 827 rium
302 770 627 826 ministerio
650 770 803 825 inter
825 770 1008 826 altare
1032 775 1088 826 et
1110 776 1337 843 portam
1362 773 1581 828 atrii:et
1604 773 1689 828 sic
1714 771 1781 828 il-

118 860 224 916 lud
245 864 431 916 totum
445 860 703 931 spatium
717 860 847 915 atrii
864 860 1239 917 concluditur
1254 862 1544 918 columnis
1558 863 1781 928 decem,

120 950 315 1006 tribus
348 950 418 1005 ab
449 948 804 1021 aquilone,et
838 951 1026 1005 tribus
1045 951 1115 1006 ab
1135 955 1418 1019 austro,et
1436 956 1690 1022 quatuor
1711 951 1782 1007 ab

117 1040 442 1110 occidente,
461 1044 743 1112 tanquam
776 1040 826 1095 si
858 1040 905 1095 Il
936 1057 1184 1113 graecam
1215 1040 1467 1098 litteram
1501 1042 1787 1098 facias.Et

117 1130 206 1186 sic
221 1130 816 1202 adjungebaturidem
831 1130 1090 1202 spatium
1104 1130 1353 1204 longiori
1368 1132 1557 1187 ordini
1575 1131 1787 1187 colum-

118 1236 331 1276 narum
356 1219 714 1276 tabernaculi
737 1220 1342 1294 interioris,tanquam
1360 1221 1409 1277 si
1430 1222 1503 1277 ad
1527 1222 1783 1277 litteram

122 1314 530 1380 memoratam,
564 1325 633 1365 ex
660 1326 727 1365 ea
758 1314 923 1381 parte
954 1327 1071 1382 qua
1100 1327 1215 1366 non
1248 1311 1443 1379 habet,
1492 1312 1782 1382 adjungas

124 1398 334 1454 littera
356 1399 801 1471 productionem
826 1416 954 1472 quas
976 1401 1095 1456 iota
1116 1401 1353 1469 dicitur;
1381 1407 1446 1456 ut
1469 1401 1597 1472 ejus
1621 1406 1783 1471 parte

123 1505 255 1560 quae
286 1489 343 1545 in
379 1489 569 1545 medio
602 1493 712 1557 est,
744 1490 814 1544 ab
848 1506 913 1545 eo
946 1490 1123 1546 latere
1153 1490 1556 1556 concludatur,
1589 1497 1648 1546 et
1691 1484 1781 1545 re-

123 1582 283 1633 stent
311 1577 448 1634 binc
480 1583 658 1650 atque
688 1578 825 1635 inde
855 1596 922 1635 ex
952 1579 1079 1650 ipso
1112 1580 1229 1635 iota
1274 1580 1513 1652 reliquae
1564 1585 1779 1651 partes.

121 1671 402 1723 Poterant
423 1684 558 1741 ergo
582 1668 878 1724 numerari
900 1670 1100 1724 decem
1124 1668 1592 1724 columnaeinillo
1610 1675 1782 1741 longo

124 1757 333 1813 ordine
355 1758 539 1830 partis
563 1757 941 1813 occidentalis
962 1758 1325 1814 tabernaculi
1347 1759 1663 1825 interioris,
1681 1760 1780 1814 sed

124 1864 265 1902 cum
287 1847 405 1903 illis
432 1851 559 1903 octo
582 1849 937 1903 adderentur
965 1848 1116 1914 duas,
1143 1866 1269 1920 quae
1302 1850 1533 1904 fuerant
1563 1849 1783 1904 ultimas

124 1937 189 1991 in
220 1936 527 1992 ordinibus
557 1936 806 1993 laterum
840 1936 971 1993 atrii
1003 1938 1297 2009 aquilonis
1327 1942 1383 1993 et
1410 1938 1615 1993 austri.
1637 1938 1782 1992 Nam

127 2031 186 2083 et
208 2026 319 2081 illis
350 2028 551 2085 decem
584 2044 711 2099 quae
743 2027 993 2099 propriae
1021 2029 1091 2082 ad
1125 2027 1338 2083 atrium
1371 2028 1729 2100 pertinerent
1751 2046 1785 2083 a

129 2120 297 2189 parte
325 2118 664 2185 occidentis,
699 2118 852 2173 unde
883 2122 939 2173 et
967 2117 1300 2173 intrabatur
1328 2118 1400 2173 ad
1432 2118 1780 2173 tabernacu-

125 2206 275 2273 lum,
310 2210 508 2262 ternas
540 2207 836 2263 habebant
866 2207 925 2261 in
965 2205 1271 2275 lateribus,
1320 2213 1377 2262 et
1426 2210 1676 2278 quatuor
1721 2205 1781 2260 in

120 2297 334 2365 fronte,
370 2297 468 2351 ubi
491 2301 657 2369 porta
677 2302 822 2365 erat,
856 2302 1033 2367 atque
1055 2297 1135 2352 ita
1154 2297 1410 2368 spatium
1436 2297 1571 2351 usui
1600 2295 1779 2351 sacri-

118 2384 387 2441 ﬁciorum
419 2386 822 2443 necessarium
855 2386 1009 2440 intra
1038 2386 1255 2441 atrium
1289 2391 1422 2441 ante
1439 2387 1782 2441 tabernacu-

116 2474 245 2531 lum
272 2475 793 2547 amplectebantur.
823 2476 885 2530 In
908 2475 1092 2532 ternis
1114 2482 1309 2533 autem
1334 2475 1626 2531 columnis
1651 2491 1776 2546 quae

116 2562 970 2632 fuerantalateribus,tentoria
992 2571 1159 2620 erant
1173 2565 1241 2620 de
1263 2566 1439 2635 bysso
1463 2565 1786 2636 quindeno“

116 2669 252 2708 rum
280 2654 706 2710 cubitorum:in
731 2659 983 2727 quatuor
1005 2660 1201 2710 autem
1229 2654 1327 2709 ubi
1351 2664 1515 2725 porta
1536 2662 1784 2725 erat,ve-

114 2742 243 2797 lum
262 2748 386 2799 erat
405 2742 609 2816 viginti
629 2745 962 2800 cubitorum
986 2761 1091 2799 acu
1119 2743 1269 2815 picto
1285 2761 1457 2815 opere
1469 2744 1781 2800 variatum-

194 2833 281 2889 13.
331 2834 437 2903 [1b.
486 2851 720 2900 xxxvm,
764 2834 947 2905 9-18.]
1020 2834 1135 2889 Nec
1201 2838 1431 2888 moveat
1488 2836 1644 2904 quod
1704 2834 1786 2889 ait

116 2922 442 2994 Scriptura,
470 2923 797 2992 Quindecim
826 2924 1145 2979 cubitorum
1176 2925 1521 2979 tentoriorem
1552 2924 1786 2979 altitudo

121 3013 289 3068 lateri
317 3015 455 3068 uni:
469 3015 743 3070 columna
761 3029 955 3069 eorum
975 3017 1167 3084 tres,et
1193 3013 1342 3068 bases
1363 3029 1553 3068 eorum
1576 3023 1699 3069 tres.
1725 3016 1788 3068 Et

118 3103 267 3157 tatus
287 3103 586 3158 secundum
608 3103 914 3175 quindecim
932 3103 1241 3158 cubitorum
1265 3105 1790 3167 tentoriorum,alti-

116 3192 247 3247 tudo
262 3193 566 3250 :columna
584 3209 772 3248 eorum
795 3196 978 3263 tres,et
1001 3194 1151 3249 bases
1168 3210 1363 3248 earum
1386 3197 1513 3249 tres.
1526 3198 1591 3249 Et
1608 3198 1787 3264 portae

120 3283 259 3337 atrii
294 3293 542 3353 tegumen
590 3284 790 3353 viginti
836 3283 1149 3339 cubitorum
1196 3285 1451 3339 altitudo.
1501 3283 1785 3339 Altitudi-

118 3388 254 3427 nem
285 3373 504 3444 quippe
535 3372 802 3428 eamdem
850 3372 1012 3441 dicit,
1064 3389 1190 3444 qum
1243 3372 1433 3428 fuerat
1476 3372 1783 3444 longitudo

119 3463 534 3518 tentoriorum.
568 3462 785 3517 Eadem
817 3462 1038 3534 quippe
1079 3462 1326 3518 altitudo
1377 3467 1465 3518 est
1513 3479 1648 3518 cum
1699 3470 1782 3519 te-

118 3557 359 3620 xuntur,
403 3568 530 3624 quas
578 3550 883 3623 longitudo
936 3555 1024 3607 est
1073 3568 1206 3607 cum
1234 3553 1581 3608 tenduntur.
1620 3553 1781 3617 Quod

119 3659 194 3698 ne
225 3642 515 3714 suspicari
545 3641 869 3708 videamur,
893 3641 1004 3698 alio
1037 3640 1161 3697 loco
1195 3641 1453 3713 idipsum
1484 3641 1785 3712 Scriptura

120 3748 593 3789 commemorans
624 3732 725 3802 ait,
758 3732 822 3787 Et
847 3733 1097 3802 fecerunt
1144 3734 1356 3786 atrium
1402 3732 1543 3802 quod
1591 3740 1667 3787 est
1716 3730 1786 3785 ad

122 3828 400 3891 austrum,
458 3821 697 3876 tentoria
742 3821 887 3875 atrii
932 3820 1004 3875 de
1054 3820 1208 3891 bysso
1237 3823 1400 3887 torta,
1436 3824 1659 3876 centum
1686 3836 1788 3892 per

120 3920 345 3967 centum
382 3927 401 3964 :
443 3910 501 3965 id
549 3913 658 3977 est,
712 3913 946 3964 centum
997 3908 1195 3965 cubita
1245 3910 1635 3967 tentoriorum
1687 3926 1789 3982 per

122 4005 362 4056 centum
395 4000 592 4055 cubita
621 3998 796 4071 spatii
828 4000 983 4071 quod
1018 4000 1295 4056 tenebant
1320 4000 1530 4073 viginti
1561 4000 1782 4057 colum-

124 4106 236 4146 nae.
272 4089 484 4147 Deinde
535 4090 803 4162 sequitur
837 4105 850 4146 :
882 4092 945 4145 Et
987 4090 1263 4147 columna:
1312 4107 1500 4147 eorum
1560 4094 1785 4171 viginti,

121 4190 176 4237 et
205 4181 363 4236 bases
390 4196 590 4237 earum
615 4179 815 4251 viginti
842 4194 1033 4237 aereae.
1068 4184 1135 4237 Et
1168 4181 1312 4236 latus
1341 4181 1485 4254 quod
1514 4181 1584 4239 ad
1615 4187 1785 4255 aqui-

120 4272 307 4327 lonem
337 4278 551 4327 centum
576 4287 678 4342 per
705 4274 1005 4338 centum,et
1034 4270 1300 4326 columnae
1326 4287 1518 4327 eorum
1542 4274 1787 4346 vigintii,

116 4370 173 4418 et
204 4362 357 4418 bases
384 4378 574 4417 earum
607 4361 808 4431 viginti
835 4375 1001 4418 mrem
1048 4377 1066 4417 :
1116 4368 1172 4416 et
1217 4362 1360 4417 latus
1411 4362 1550 4432 quod
1594 4366 1670 4420 est
1719 4364 1789 4420 ad

118 4466 297 4520 mare,
320 4453 497 4509 antea:
525 4451 933 4523 quinquaginta
962 4452 1275 4506 cubitorum
1296 4452 1562 4507 columna
1595 4469 1787 4509 eorum

118 4542 333 4610 decem,
366 4545 419 4598 et
451 4541 601 4597 bases
651 4558 846 4597 earum
886 4542 1094 4597 decem.
1145 4540 1360 4596 Eadem
1410 4540 1554 4597 dicit
1604 4542 1787 4599 aulaea

121 4649 255 4704 qua:
305 4632 576 4687 tentoria.
632 4630 697 4685 Et
744 4630 891 4686 latus
933 4631 1075 4703 quod
1120 4630 1190 4685 ad
1218 4632 1486 4687 orientem
1517 4633 1787 4704 quinqua-

121 4724 284 4792 ginta
312 4723 618 4778 cubitorum
645 4723 909 4777 tentoria.
937 4725 1078 4777 Post
1107 4721 1229 4777 haec
1261 4721 1414 4777 redit
1465 4722 1537 4777 ad
1588 4727 1786 4794 poste-

124 4812 283 4869 riora
325 4810 710 4878 tabernaculi,
742 4816 807 4867 ut
834 4813 1109 4867 ostendat
1141 4812 1641 4884 quemadmodum
1675 4812 1787 4869 illae

122 4903 327 4959 decem
349 4900 636 4957 columnae
666 4901 925 4973 spatium
954 4902 1025 4957 de
1057 4919 1171 4974 quo
1220 4902 1588 4973 loquebatur,
1652 4902 1784 4957 atrii

125 5010 255 5050 com
266 4991 690 5064 plectebantur.
709 4991 1035 5060 Quindecim
1063 4992 1402 5060 cubitorum,
1417 4991 1629 5064 inquit,
1645 4992 1786 5064 quod

118 5092 201 5142 est
218 5100 255 5140 α
276 5083 707 5139 dorso.Dorsum
731 5080 1156 5154 appellat,quia
1178 5082 1501 5154 posteriora
1514 5082 1784 5137 taberna—

121 5172 240 5231 culi
265 5177 450 5240 erant,
471 5172 528 5228 id
555 5176 643 5228 est
663 5189 697 5228 a
718 5176 882 5245 parte
919 5172 1260 5227 occidentis.
1289 5173 1355 5227 Et
1375 5171 1663 5239 columnae,
1690 5171 1784 5226 in-

118 5265 464 5337 quit,eorum
488 5270 676 5328 tres,et
697 5264 847 5318 bases
866 5278 1063 5318 earum
1083 5266 1209 5317 tres.
1229 5265 1296 5320 Et
1313 5279 1348 5318 a
1366 5261 1523 5319 dorso
1547 5262 1783 5317 secundo

118 5356 253 5411 hinc
281 5363 331 5411 et
360 5353 492 5409 hinc
520 5358 814 5409 secundum
829 5358 1047 5426 portam
1070 5358 1089 5391 ³
1110 5354 1250 5408 atrii
1270 5354 1448 5408 aulaea
1471 5352 1783 5423 quindecim

190 5532 205 5565 ι
236 5528 353 5578 Bat.
386 5528 612 5591 αισι,
642 5527 826 5589 impar.
859 5527 978 5578 Am.
1014 5527 1099 5577 Er.
1148 5529 1199 5577 et
1245 5526 1486 5591 quinque
1530 5524 1678 5587 Mss.,
1724 5525 1780 5576 in

120 5590 485 5658 portam._Alii
512 5592 658 5650 Mss.,
690 5592 752 5658 in
770 5593 939 5658 porta.

122 5650 131 5658 ’
187 5658 207 5692 ³
236 5655 396 5715 Editi,
447 5658 671 5719 excepto
719 5650 857 5714 Rat”
902 5653 1091 5718 viginti
1139 5667 1299 5702 ssrec.
1352 5650 1518 5702 Abest
1562 5666 1697 5702 area
1748 5665 1781 5702 a

122 5718 246 5769 Mss.
278 5722 334 5768 et
364 5731 395 5767 a
427 5716 569 5766 LXX.

187 5786 207 5821 ³
234 5782 395 5845 Editi,
423 5781 663 5845 partem;
686 5792 786 5845 pro
816 5792 924 5845 quo
954 5776 1413 5846 Mss.,portam.Sic
1441 5776 1601 5831 etiam
1627 5777 1772 5832 LXX.

1480 281 1709 343 LIBER
1754 281 2185 349 SECUNDUS.

3428 287 3550 347 666

1888 415 2193 470 cubitorum
2221 433 2240 469 :
2270 417 2544 473 columnae
2573 431 2766 472 eorum
2796 420 2921 487 tres,
2946 420 2995 471 et
3024 416 3184 472 bases
3205 432 3394 472 earum
3416 426 3519 475 tres

1893 504 2271 559 Manifestum
2305 512 2392 561 est
2442 514 2596 562 certe
2649 508 2854 561 eadem
2905 506 3018 561 duo
3072 507 3245 562 dorsa
3291 508 3403 562 dici
3446 509 3552 563 hoc

1894 592 2041 661 loco,
2077 611 2210 649 eum
2244 602 2779 651 commemorantur
2810 596 3007 651 omnia
3052 598 3553 668 quemadmodum

1894 683 2047 738 facta
2074 684 2209 753 sint,
2246 703 2367 754 quae
2408 685 2603 741 laetera
2653 686 3017 752 dicebantur,
3069 688 3303 757 quando
3354 688 3553 758 praeci-

1895 773 2165 845 piebatur
2197 780 2260 829 ut
2292 778 2497 831 ﬁerent
2531 794 2542 830 :
2574 778 2756 832 latera
2788 776 3009 831 scilicet
3040 776 3177 848 quia
3209 777 3343 832 hinc
3384 784 3554 846 atque

1893 862 2028 920 inde
2080 867 2395 936 conjuncta
2444 870 2619 939 portae
2671 866 3045 921 occidentalis
3079 867 3094 900 ί
3130 866 3269 921 atrii
3294 868 3552 938 spatium

1895 955 2362 1023 concludebant;
2398 957 2571 1012 dorsa
2595 973 2750 1024 vero,
2787 957 2943 1028 quod
2999 974 3032 1011 a
3079 960 3241 1027 tergo
3282 958 3552 1012 taberna-

1897 1043 2013 1099 culi
2064 1050 2188 1101 erat
2219 1045 2338 1101 haec
2370 1063 2511 1117 pars
2538 1046 2689 1115 atrii,
2724 1047 2779 1101 id
2813 1050 2901 1101 est
2932 1063 2965 1100 a
2995 1050 3155 1116 parte
3185 1046 3550 1102 occidentali.

1895 1136 2167 1205 Sequitur
2196 1142 2392 1191 autem
2426 1142 2482 1191 et
2512 1138 2652 1191 dicit
2686 1153 2699 1191 :
2736 1136 2934 1190 Omnia
2959 1136 3137 1190 (tulisti
3168 1138 3302 1191 atrii
3320 1136 3383 1190 de
3400 1136 3553 1207 bysso

1896 1228 2057 1291 torta,
2090 1227 2138 1279 et
2171 1226 2324 1281 bases
2351 1227 2733 1281 columnarum
2763 1241 2937 1291 aerem,
2971 1231 3023 1279 et
3052 1240 3203 1281 ansae
3233 1242 3423 1280 earum
3454 1243 3551 1281 ar-

1894 1318 2117 1383 genteae,
2171 1320 2223 1370 et
2270 1318 2452 1386 capita
2498 1333 2693 1370 earum
2742 1316 3104 1384 inargentatze
3161 1324 3387 1386 argento
3438 1332 3458 1379 ;
3503 1319 3555 1371 et

1893 1404 2161 1459 columna:
2195 1407 2566 1475 inargentataz
2597 1414 2847 1475 argento,
2870 1421 3053 1459 omnes
3073 1406 3344 1461 columnae
3390 1407 3549 1459 atrii.

1893 1493 2109 1548 Deinde
2141 1494 2413 1565 adiungit
2435 1495 2588 1565 quod
2614 1496 2874 1548 nondum
2898 1493 3153 1548 istoloco
3183 1510 3546 1549 commemo-

1894 1586 2120 1638 raverat
2152 1600 2164 1637 :
2199 1585 2260 1638 Et
2288 1584 2417 1639 vela
2440 1587 2733 1639 memorati
2753 1585 2894 1638 atrii
2923 1585 2944 1617 ²
2971 1599 3107 1656 Opus
3132 1586 3451 1651 variatoris,
3481 1584 3545 1639 de
3595 1610 3597 1612 ·

1893 1671 2187 1742 hyacintho
2203 1679 2253 1728 et
2284 1691 2531 1745 purpura
2560 1678 2609 1728 et
2639 1690 2787 1728 cocco
2817 1678 2938 1729 neto
2970 1682 3021 1728 et
3056 1676 3208 1745 bysso
3238 1678 3379 1728 torta
3399 1690 3419 1734 ;
3450 1676 3538 1729 vi-

1891 1762 2037 1831 ginti
2066 1763 2381 1817 cubitorum
2430 1764 2826 1834 longitudinem
2873 1770 2925 1817 et
2976 1763 3350 1818 latitudinem.
3402 1764 3543 1819 Ecce

1896 1851 1992 1906 ubi
2023 1858 2263 1923 apparet
2294 1853 2559 1908 eamdem
2592 1853 2809 1908 dictam
2845 1854 3117 1924 superius
3150 1853 3547 1920 altitudinem,

1894 1957 2019 2012 qua:
2053 1942 2369 1996 aulicorum
2395 1946 2761 1997 extentorum
2798 1943 2987 1997 fuerat
3017 1942 3343 2012 longitudo.
3373 1942 3549 1997 Deni-

1893 2046 2004 2101 que
2034 2031 2198 2086 addit
2227 2048 2239 2086 :
2273 2035 2335 2087 Et
2366 2031 2725 2086 latitudinem
2765 2033 3004 2101 quinque
3052 2031 3384 2086 cubitorum.
3442 2031 3554 2085 Tot

1893 2119 2048 2174 enim
2098 2119 2311 2174 cubitis
2342 2118 2675 2175 latitudinis
2706 2120 3078 2191 erigebantur
3109 2122 3358 2175 tentoria
3388 2126 3547 2176 exte-

1891 2208 2062 2263 rioris
2114 2208 2265 2278 atrii,
2320 2210 2471 2265 sicut
2518 2209 2811 2264 interioris
2860 2209 3075 2265 cubitis
3133 2216 3404 2281 quatuor.
3455 2210 3546 2265 Sic

1892 2303 2087 2354 autem
2120 2303 2175 2354 et
2205 2298 2473 2370 superius
2506 2298 2730 2354 dixerat
2776 2318 2787 2355 :
2841 2300 3139 2371 Longitudo
3188 2310 3369 2355 autem
3415 2301 3551 2355 atrii

1890 2396 2108 2443 centum
2130 2406 2228 2459 per
2255 2393 2549 2455 centum,ct
2583 2388 2819 2446 latitudo
2849 2391 3247 2461 quinquaginta
3267 2406 3371 2461 per
3390 2392 3553 2462 guin'

1891 2480 2241 2550 quaginta,“
2266 2480 2495 2534 altitudo
2518 2482 2759 2551 quinque
2778 2481 3085 2534 cubitorum
3106 2496 3175 2534 ea:
3197 2482 3352 2550 bysso
3382 2485 3545 2535 torta.

1892 2572 2050 2621 Hanc
2077 2568 2448 2622 latitudinem
2482 2568 2683 2623 dicens
2721 2585 2897 2639 quam
2932 2575 3133 2640 postea
3173 2568 3547 2624 altitudinem

1895 2656 2061 2723 dixit;
2096 2656 2373 2727 quoniam
2407 2675 2532 2728 qua:
2558 2658 2885 2728 jacentium
2919 2658 3167 2713 latitudo
3202 2664 3310 2726 est,
3344 2660 3549 2713 eadem

1895 2751 2220 2801 erectorum
2257 2746 2523 2801 altitudo.
2549 2747 2706 2802 Sicut
2741 2748 2895 2817 q‘uod
2925 2747 3099 2818 paulo
3132 2752 3265 2802 ante
3295 2764 3552 2802 comme-

1898 2836 2276 2905 moravi,quae
2310 2852 2444 2889 cum
2477 2840 2758 2890 texuntur
2788 2835 3034 2891 altitudo
3066 2837 3385 2904 est,eadem
3421 2853 3553 2892 cum

1897 2926 2221 2979 tenduntur
2250 2924 2556 2995 longitudo
2588 2930 2697 2979 est.

1970 3014 2056 3067 14.
2090 3014 2197 3084 [1b.
2230 3030 2383 3081 xxvx,
2411 3014 2496 3080 12,
2528 3014 2584 3080 9,
2621 3014 2731 3082 13.]
2764 3018 2928 3068 Nunc
2954 3015 3080 3085 jam
3115 3015 3269 3085 quod
3303 3013 3552 3069 distule-

1898 3104 2689 3174 ram,videamus;quomodo
2720 3120 2789 3158 ex
2818 3104 2927 3158 hac
2960 3104 3146 3158 forma
3177 3104 3431 3159 universi
3464 3108 3555 3158 ta-

1898 3192 2216 3260 bernaculi,
2252 3209 2429 3264 quam
2463 3192 2617 3247 sicut
2647 3193 2809 3263 potui
2842 3198 2974 3248 ante
3005 3192 3207 3248 oculos
3257 3192 3553 3262 collocavi,

1897 3281 2213 3338 difﬁcultas
2247 3281 2349 3337 illa
2382 3281 2638 3337 solvatur
2668 3284 2739 3339 dc
2769 3282 3090 3354 capillaciis
3117 3282 3420 3346 velis.Quze
3449 3283 3559 3337 for-

1896 3376 2052 3428 tasse
2068 3372 2194 3427 ideo
2210 3377 2331 3427 erat
2346 3372 2839 3443 abstrusior,quia
2854 3390 2955 3444 per
2974 3373 3449 3445 anticipationem
3482 3363 3561 3427 ibi

1896 3461 2117 3533 aliquid
2141 3462 2364 3517 dictum
2388 3466 2495 3529 est,
2519 3462 2672 3533 quod
2699 3464 3007 3533 proficeret
3024 3462 3207 3535 Operi,
3230 3463 3299 3517 de
3321 3479 3436 3532 quo
3462 3479 3561 3534 po-

1896 3556 2019 3607 stea
2050 3552 2240 3608 fuerat
2269 3551 2593 3617 locuturus,
2627 3568 2761 3608 cum
2793 3555 3006 3608 atrium
3038 3552 3416 3608 tabernaculo
3448 3552 3558 3606 cir-

1895 3642 2371 3713 cumponendum
2406 3642 2963 3698 describeret.Nunc
2996 3643 3189 3713 itaque
3220 3643 3393 3697 verba
3430 3643 3559 3711 ipsa

1895 3731 2304 3801 videamus,Et
2331 3731 2995 3803 suppones,inquit,quod
3023 3732 3308 3804 superabit
3340 3734 3397 3785 in
3430 3732 3563 3785 velis

1897 3810 2268 3891 tabernaculi,
2303 3821 2602 3877 dimidium
2632 3822 2740 3876 veli
2771 3822 2909 3893 quod
2958 3822 3238 3893 superabit
3281 3821 3559 3890 svbteges;

1897 3912 2039 3984 quod
2068 3912 2319 3967 abundat
2342 3914 2399 3966 in
2416 3911 2561 3967 velis
2592 3913 3207 3982 tabernaculi,subteges
3237 3920 3353 3981 post
3375 3910 3563 3965 taber-

1897 4005 2303 4058 naculumlloc
2333 4008 2522 4057 totum
2555 4003 2707 4073 quod
2741 4002 2963 4057 dictum
2992 4006 3081 4057 est
3103 4018 3285 4056 unum
3315 4017 3560 4055 sensum

1898 4092 2237 4163 babet,quia
2264 4092 2573 4147 dimidium
2594 4091 2703 4146 veli
2740 4092 2893 4163 quod
2925 4090 3422 4163 superaverit,boc
3447 4094 3559 4158 est,

1897 4182 1954 4237 id
1980 4183 2133 4253 quod
2156 4182 2542 4237 abundaverit
2563 4182 2632 4236 de
2656 4182 2796 4237 velis
2830 4180 3215 4251 tabernaculi,
3240 4182 3553 4251 subtegen-

1899 4272 2039 4325 dum
2063 4276 2151 4326 est
2174 4276 2306 4342 post
2324 4270 2788 4326 tabernaculum.
2818 4272 3116 4333 Quomodo
3139 4288 3271 4340 ergo
3295 4274 3553 4341 superet,

1898 4361 1957 4415 id
1991 4361 2365 4432 est,abundet
2395 4365 2451 4416 et
2482 4365 2658 4415 restet
2680 4360 2995 4415 dimidium
3024 4360 3156 4427 veli,
3181 4376 3248 4415 ex
3281 4358 3379 4413 illa
3408 4358 3558 4413 serie

1901 4467 2294 4507 connexorum
2324 4449 2585 4506 velorum
2618 4456 2845 4521 oportet
2875 4450 3171 4522 inquirere
3216 4467 3228 4504 :
3279 4448 3554 4520 quoniam

1900 4540 2162 4613 quinque
2184 4540 2242 4594 in
2265 4554 2348 4607 se,
2382 4543 2438 4593 et
2458 4554 2559 4594 sex
2578 4537 2637 4593 in
2662 4556 2723 4593 sc
2746 4540 3011 4594 connecti
3031 4538 3235 4607 voluit,
3275 4539 3429 4594 sicut
3459 4557 3559 4594 su-

1898 4631 2098 4702 perius
2127 4629 2373 4699 loquens
2396 4628 2640 4693 dixerat,
2664 4634 2893 4683 sextum
2916 4628 3109 4683 velum
3133 4646 3166 4684 a
3191 4630 3333 4684 facie
3360 4630 3557 4683 taber—

1900 4719 2093 4775 naculi
2116 4717 2562 4789 duplicandum,
2596 4717 2653 4771 id
2676 4725 2765 4772 est
2794 4718 2867 4772 ab
2895 4718 3135 4772 oriente.
3170 4719 3365 4772 Toties
3398 4719 3555 4771 enim

1898 4809 2221 4883 posteriora
2243 4806 2601 4862 tabernaculi
2618 4824 2651 4861 a
2672 4812 2833 4878 parte
2858 4807 3178 4862 occidentis
3192 4824 3319 4861 esse
3336 4806 3558 4876 signiti-

1896 4901 2067 4967 cavit,
2096 4899 2149 4953 id
2174 4901 2259 4952 est
2285 4898 2354 4952 ad
2382 4896 2711 4959 mare.Quid
2736 4897 2915 4968 igitur
2952 4897 3129 4951 facies
3173 4896 3555 4962 tabernaculi,

1898 4989 2012 5046 nisi
2045 5004 2182 5060 pars
2210 4986 2310 5041 illa
2342 4984 2720 5056 intelligenda
2743 4990 2831 5041 est
2858 5003 2984 5057 quae
3018 4990 3108 5039 est
3140 4985 3210 5039 ad
3242 4984 3559 5039 orientem?

1898 5085 2039 5135 Pars
2061 5094 2193 5149 ergo
2215 5075 2313 5131 illa
2337 5093 2451 5147 qua
2470 5073 2599 5131 vela
2621 5076 2883 5147 quinque
2905 5092 3163 5131 connexa
3188 5074 3558 5144 sunt,‘-_babet

1897 5170 2094 5226 cubita
2106 5173 2333 5223 centum
2348 5165 2909 5237 quinquaginta,hoc
2927 5164 3322 5235 estquinquies
3335 5164 3558 5219 tricena

1897 5259 2275 5333 (tricenorum
2308 5255 2461 5311 enim
2495 5255 2833 5311 cubitorum
2866 5260 3032 5311 erant
3053 5253 3466 5326 singula,sicut
3489 5270 3557 5309 ea

1895 5353 2049 5408 Deus
2083 5348 2205 5405 ﬁeri
2231 5346 2512 5419 jusserat)
2534 5362 2547 5399 :
2571 5344 2675 5401 illa
2699 5364 2830 5402 vero
2855 5363 2991 5418 pars
3016 5347 3071 5400 in
3097 5362 3210 5418 qua
3240 5348 3407 5399 erant
3437 5360 3552 5399 non

1895 5440 2175 5513 quinque,
2201 5437 2300 5492 sed
2325 5452 2423 5490 sex
2443 5433 2569 5489 vela
2594 5434 2829 5489 sibimet
2855 5434 3125 5490 similiter
3148 5450 3425 5499 connexa,
3452 5449 3551 5488 cu-

1891 5531 2013 5586 bita
2034 5528 2285 5585 habebat
2305 5529 2535 5581 centum
2560 5522 2873 5595 octoginta,
2909 5524 2967 5579 id
2989 5529 3077 5579 est
3098 5524 3283 5579 sexies
3306 5522 3552 5592 tricena,

1956 5651 1971 5684 ί
2003 5643 2369 5696 Cisterciensis
2397 5641 2542 5701 Mss.,
2579 5642 2853 5704 conjuncta
2885 5654 2915 5687 a
2938 5644 3095 5703 parte
3128 5637 3448 5704 occidentali.

1954 5712 1975 5746 Ι
2005 5708 2217 5769 Legitur
2246 5705 2395 5769 apud
2419 5706 2573 5769 LXX,
2592 5704 2759 5769 Exodi
2793 5706 3021 5769 «p.37,
3044 5703 3113 5753 Et
3140 5703 3368 5752 velamen
3390 5706 3553 5765 portae

1887 5773 2037 5828 atrii.
2076 5767 2509 5833 Conter'Vulgat.
2537 5767 2706 5821 Exodi
2730 5780 2847 5833 cap.
2878 5768 2956 5829 38,
2984 5779 3037 5819 ν.
3069 5769 3146 5823 18.
