3998 6340
418 276 536 333 ’⁸197

424 406 589 474 solet,
615 412 814 461 utrum
841 407 971 478 ipsa
987 405 1065 461 sit
1085 405 1441 473 ﬁliaJothor,
1466 421 1538 459 an
1561 403 1804 459 alteram
1824 403 2075 470 duxerit,

424 496 514 551 vel
545 497 991 567 superduxerit:
1028 496 1129 551 sed
1154 495 1342 567 ipsam
1367 495 1547 549 fuisse
1569 492 1844 548 credibile
1866 499 1984 548 est:
2009 495 2080 548 de

427 585 763 640 Madianitis
777 586 991 656 quippe
1022 589 1164 651 erat,
1183 583 1279 654 qui
1296 583 1665 654 reperiuntur
1682 582 1741 636 in
1787 581 2078 653 Paralipo-

431 691 643 730 menon
674 674 966 745 Ethiopes
998 673 1159 737 dicti,
1194 673 1428 744 quando
1455 676 1658 727 contra
1679 687 1778 726 eos
1801 672 2081 743 pugnavit

428 763 884 832 Josaphat.Nam
912 763 966 815 in
994 762 1081 816 his
1105 761 1244 815 locis
1269 761 1482 814 dicitur
1503 777 1600 815 eos
1625 765 1965 831 persecutus
1980 776 2078 831 po-

433 851 610 925 pulus
645 852 836 920 Israel,
872 852 966 904 ubi
991 851 1318 905 Madianitaa
1351 849 1617 904 habitant
1645 849 1714 919 (ll
1753 849 2078 912 Paral.x1v,

432 942 522 995 9-4
542 943 608 1009 4),
643 940 738 1011 qui
775 956 928 993 nunc
960 938 1229 994 Saraceni
1247 937 1638 1010 appellantur.
1665 937 1777 992 Sed
1803 954 1956 992 nunc
1983 953 2082 992 eos

432 1029 727 1100 IEthiopes
744 1044 913 1083 nemo
933 1029 1047 1082 fere
1069 1027 1345 1097 appellat,
1363 1025 1718 1081 sicutsolont
1737 1027 1993 1081 locorum
2026 1030 2084 1080 et

437 1118 701 1190 gentium
736 1117 976 1172 nomina
1009 1117 1355 1187 plerumque
1387 1120 1672 1170 vetustate
1705 1115 1941 1171 mutari.

509 1207 652 1263 XXI.
689 1207 796 1277 [1b.
827 1223 951 1271 xm,
987 1205 1201 1275 18-26.]
1233 1207 1294 1258 Et
1326 1205 1474 1258 dixit
1504 1204 1573 1258 ad
1625 1221 1732 1268 eos,
1789 1205 2084 1259 Ascendite

439 1299 557 1354 ista.
586 1300 845 1364 eremo,et
866 1295 1168 1349 ascendetis
1185 1296 1244 1348 in
1264 1302 1577 1358 montem,et
1604 1294 1858 1348 videbitis
1879 1303 2086 1348 terram

439 1401 565 1458 quae
592 1389 684 1448 sit,
704 1394 753 1440 et
777 1386 1049 1456 pupulum
1075 1385 1168 1454 qui
1187 1383 1388 1437 insidet
1409 1399 1575 1453 super
1595 1399 1738 1449 eam,
1762 1385 1813 1436 si
1831 1383 1996 1451 fortis
2011 1391 2088 1437 est

440 1481 536 1532 aut
566 1475 846 1546 inﬁrmus,
867 1475 914 1528 si
943 1475 1118 1543 pauci
1144 1481 1271 1528 sunt
1291 1480 1386 1527 aut
1412 1473 1598 1527 multi.
1635 1471 2087 1543 Exposuissein-

440 1565 743 1636 telligitur,
777 1563 1100 1618 secundum
1133 1562 1274 1632 quid
1308 1561 1538 1630 dixerit,
1569 1563 1622 1616 si
1646 1565 1839 1632 pote-ns
1869 1565 1949 1616 est
1995 1563 2089 1615 aut

442 1656 698 1724 inﬁrmus
717 1653 1125 1723 ,'sipaucisunt
1146 1655 1239 1706 aut
1261 1651 1446 1706 multi.
1483 1650 1624 1705 Nam
1653 1651 1946 1721 quomodo
1963 1667 2090 1721 pos-

442 1748 575 1800 sent
605 1744 674 1797 de
697 1747 892 1797 monte
914 1740 1339 1814 prospicientes
1361 1740 1572 1795 sentire
1594 1740 1986 1795 humanarum
2007 1740 2091 1794 vi-

443 1833 597 1888 rium
615 1831 1016 1887 fortitudinem
1038 1829 1508 1886 ‘tPotestetalius
1532 1845 1741 1886 sensus
1755 1845 1884 1884 esse
1906 1827 2090 1884 multo

443 1920 859 1994 congruentior
887 1919 1136 1975 veritati.
1179 1919 1338 1983 Quod
1368 1919 1467 1985 ait,
1506 1918 1824 1974 Ascendetis
1856 1921 1916 1972 in
1945 1934 2094 1973 mon-

444 2017 579 2076 tem,
621 2009 890 2080 inipsam
926 2014 1142 2064 terram
1176 2008 1342 2074 dixit,
1404 2025 1579 2079 quam
1626 2007 1926 2078 explorare
1948 2007 2098 2062 vole-

444 2099 742 2156 bant.Non
773 2098 928 2154 enim
950 2102 1188 2170 possent
1218 2097 1387 2153 facile
1403 2096 1800 2168 exploratores
1823 2096 2093 2169 intelligi,

443 2189 547 2245 ubi
578 2193 860 2259 tanquam
906 2188 1347 2258 peregrinantes
1405 2187 1603 2242 omnia
1664 2186 2092 2258 perquirebant.

442 2279 590 2334 Nam
624 2277 673 2334 si
704 2279 776 2332 de
809 2277 1024 2332 montis
1052 2276 1268 2332 vertice
1286 2292 1384 2331 eos
1415 2277 1816 2347 putaverimus
1847 2291 2096 2347 conspe-

439 2365 597 2422 xisse
625 2371 864 2430 terram,
899 2370 955 2419 et
984 2365 1370 2435 explorasse;
1406 2365 1700 2434 quomodo
1733 2370 1973 2435 possent
2001 2381 2094 2420 ex-

443 2455 676 2527 quirere
707 2455 906 2509 omnis
938 2471 1063 2523 quas
1095 2454 1324 2526 Moyses
1371 2453 1732 2524 exquirenda
1779 2454 2096 2524 praecepit?

444 2544 735 2617 quomodo
772 2543 992 2598 intrare
1019 2542 1306 2611 civitates,
1328 2559 1474 2614 quas
1492 2559 1592 2598 eos
1623 2542 1925 2614 Scriptura
1955 2545 2101 2598 dixit

443 2632 747 2689 intrasse?
777 2633 1072 2702 quomodo
1119 2631 1190 2686 de
1243 2630 1341 2686 illa
1396 2630 1543 2686 valle
1593 2631 1824 2686 bolrum
1875 2632 2096 2704 tollere,

447 2727 688 2795 propter
718 2737 891 2791 quem
920 2725 978 2775 et
1007 2720 1130 2775 loco
1164 2737 1375 2776 nomen
1406 2726 1495 2775 est
1523 2721 1803 2785 inditum,
1839 2727 1900 2776 ut
1933 2723 2098 2779 vallis

447 2809 601 2866 Botri
633 2811 649 2844 ί
682 2809 1018 2864 diceretur?
1054 2812 1109 2865 In
1145 2809 1270 2880 ipso
1292 2826 1428 2881 ergo
1462 2815 1660 2866 monte
1689 2810 2101 2882 explorabatur

446 2905 620 2967 terra,
657 2900 793 2971 quia
825 2899 952 2970 ipsa
981 2903 1106 2954 erat
1135 2917 1259 2968 quae
1291 2899 1728 2971 exploraretur:
1779 2905 1837 2956 et
1867 2901 1946 2956 ibi
1977 2906 2101 2956 erat

447 2991 687 3062 quidam
723 2989 1052 3061 depressior
1079 2989 1266 3056 locus,
1302 2989 1371 3044 de
1400 3006 1516 3060 qua
1546 2989 1694 3045 valle
1715 2989 1924 3046 botrus
1945 2992 2102 3046 abla-

448 3084 546 3134 tus
579 3083 686 3134 est.

517 3169 698 3224 XXII.
726 3169 832 3239 [1b.
867 3185 990 3235 xm,
1023 3169 1138 3238 33.]
1167 3170 1233 3222 Et
1261 3168 1616 3238 protulerunt
1643 3185 1905 3240 pavorem
1933 3173 2100 3226 terrae

449 3275 615 3328 quam
635 3258 1081 3328 exploraverunt.
1100 3263 1371 3312 Pavorem
1391 3259 1851 3327 terraedixit,non
1869 3276 1980 3330 quo
2007 3276 2102 3331 pa-

452 3348 836 3403 vebateadem
853 3347 1134 3411 terra,sed
1156 3363 1329 3417 quem
1345 3363 1412 3401 ex
1429 3364 1497 3402 ea
1519 3351 1673 3402 terra
1693 3354 2096 3420 conceperant.

525 3436 718 3491 XXIII.
753 3436 858 3506 [1b.
887 3452 1000 3501 xiv,
1032 3436 1112 3505 9.]
1146 3435 1317 3491 Caleb
1349 3439 1404 3490 et
1424 3435 1598 3492 Jesus
1620 3435 1772 3491 Nave
1795 3436 2100 3508 loquentes

453 3524 525 3580 ad
561 3523 841 3596 populum
872 3524 1044 3579 Israel
1078 3542 1150 3580 ne
1175 3523 1452 3580 timerent
1483 3524 1707 3595 ingredi
1728 3529 1942 3580 terram
1978 3544 2101 3597 pro-

454 3612 1061 3678 missionis,dixerunt
1084 3613 1234 3668 inter
1247 3619 1478 3669 caztera:
1512 3615 1601 3670 Vos
1613 3616 1799 3668 autem
1817 3632 1885 3670 ne
1907 3617 2099 3672 timue-

449 3703 574 3758 ritis
601 3703 871 3773 populum
897 3711 1083 3768 terrm,
1115 3705 1376 3773 quoniam
1405 3703 1560 3758 cibus
1588 3703 1743 3758 nobis
1763 3709 1908 3760 sunt.
1969 3707 2098 3761 Abs-

456 3793 616 3847 cessit
646 3794 792 3847 enim
823 3795 1036 3864 tempus
1067 3793 1132 3847 ab
1162 3809 1257 3848 eis.
1285 3793 1544 3848 Dominus
1574 3802 1760 3849 autem
1789 3796 1847 3849 in
1901 3795 2098 3850 nobis:

453 3896 521 3936 ne
541 3882 848 3936 timueritis
877 3897 982 3936 eos.
1016 3881 1174 3946 Quod
1211 3881 1429 3936 dictum
1447 3885 1552 3950 est,
1589 3881 1749 3938 Cibus
1765 3883 1921 3938 nobis
1948 3887 2096 3950 sunt,

457 3969 705 4041 intelligi
737 3968 1066 4036 voluerunt,
1101 3986 1519 4027 consumemus
1568 3989 1685 4028 eos.
1747 3972 1907 4036 Quod
1967 3990 2099 4028 vero

454 4061 871 4129 adjunxerunt,
907 4060 1164 4116 Abscessit
1195 4063 1341 4115 enim
1370 4065 1580 4132 tempus
1601 4063 1668 4116 ab
1699 4064 1798 4129 eis,
1839 4064 2103 4119 Dominus

451 4153 638 4204 autem
671 4151 730 4203 in
760 4148 915 4204 710th
939 4167 957 4204 :
982 4149 1124 4204 satis
1164 4149 1474 4222 diligenter
1495 4168 1607 4205 non
1635 4151 1928 4220 dixerunt,
1961 4153 2101 4209 Abs-

453 4238 629 4293 cessit
662 4237 948 4293 Dominus
980 4239 1051 4293 ab
1109 4239 1232 4304 eis;
1285 4239 1449 4310 impii
1507 4240 1718 4311 quippe
1777 4241 2102 4312 antiquitus

452 4329 730 4395 fuerunt;
765 4328 867 4384 sed
905 4328 1180 4400 quoniam
1215 4333 1273 4384 et
1305 4328 1505 4400 impiis
1535 4328 1762 4385 occulta
1789 4330 2100 4402 dispensa-

452 4418 610 4473 tione
649 4416 858 4473 divinas
891 4417 1264 4488 providentia
1287 4419 1462 4474 datur
1490 4422 1723 4490 tempus
1747 4418 1990 4475 ﬂorendi
2023 4426 2102 4476 at-

455 4523 569 4577 que
592 4508 896 4576 regnandi,
923 4507 1211 4570 Abscessit,
1235 4507 1532 4579 inquiunt,
1556 4516 1762 4579 tempus
1791 4509 1859 4563 ab
1889 4511 1986 4580 eis,
2010 4512 2102 4564 Do-

451 4596 636 4651 minus
661 4604 850 4651 autem
873 4599 927 4650 in
951 4596 1127 4651 nobis.
1164 4597 1286 4653 Non
1318 4596 1612 4666 dixerunt,
1636 4597 1927 4654 Abscessit
1957 4603 2100 4654 tem-

454 4703 566 4757 pus
589 4685 660 4741 ab
693 4685 796 4753 eis,
829 4690 1161 4741 etnostrum
1193 4687 1512 4742 successit:
1547 4687 1670 4750 sed,
1702 4688 1970 4743 Dominus
2000 4705 2101 4743 au-

454 4779 562 4830 tem
592 4776 652 4830 in
682 4776 859 4844 nobis,
891 4792 1004 4829 non
1038 4779 1294 4846 tempus.
1320 4773 1404 4830 Illi
1437 4774 1591 4830 enim
1622 4781 1856 4847 tempus
1881 4775 2098 4831 habue-

453 4869 611 4928 runt,
644 4863 742 4920 isti
784 4864 1099 4919 Dominum
1150 4864 1332 4919 Deum
1392 4867 1721 4934 temporum
1783 4871 2099 4921 creatorem

451 4958 508 5009 et
538 4954 958 5023 ordinatorem,
983 4960 1040 5010 et
1071 4955 1427 5027 quibusque,
1453 4960 1515 5009 ut
1545 4955 1596 5010 ei
1629 4955 1836 5028 placet,
1900 4957 2102 5013 distri-

451 5043 742 5099 hutorem.

522 5133 714 5188 XXIV.
747 5133 853 5204 [1b.
889 5150 981 5203 xv,
1011 5132 1230 5204 24-29.]
1255 5133 1413 5196 Quod
1451 5134 1784 5206 praecipitur
1805 5136 2096 5206 quomodo

449 5221 755 5292 expientur
771 5228 1006 5294 peccata
1019 5238 1145 5292 quae
1160 5238 1272 5276 non
1293 5226 1499 5292 sponte
1511 5224 1813 5279 committu
1826 5231 2101 5294 ntur,me-

450 5310 561 5365 rito
577 5312 996 5383 quaeriturquze
1017 5310 1272 5381 sintipsa
1294 5317 1528 5382 peccata
1549 5311 2100 5369 nolentium:utrum

449 5415 571 5467 quae
603 5419 635 5456 a
660 5400 1055 5457 nescientibus
1088 5401 1566 5469 committuntur;
1603 5419 1674 5457 an
1707 5403 1880 5459 etiam
1919 5402 2104 5474 possit

447 5495 600 5544 recte
634 5491 743 5545 dici
775 5495 1078 5561 peccatum
1097 5505 1225 5546 esse
1257 5489 1701 5562 nolentis.quod
1731 5493 1918 5548 facere
1943 5507 2100 5547 com-

450 5615 535 5724 bo;
563 5615 622 5662 In
660 5616 784 5664 Mss.
819 5617 1141 5663 constanter.
1175 5612 1370 5665 Botrui.
1403 5615 1544 5677 apud
1568 5616 1710 5665 LXX.
1739 5616 2099 5678 Num.cap.i3.

538 5691 676 5724 rues.

538 5691 656 5725 rues
664 5714 676 5726 ο

1166 271 1699 344 QUIESTIONUM
1747 272 1812 332 S.
1859 269 2282 334 AUGUSTINI
2328 271 2408 332 ΙΝ
2453 270 3098 336 HBPTATEUCHUM

3721 269 3839 330 728

2187 403 2456 476 pellitur:
2483 422 2619 461 nam
2655 411 2711 461 et
2740 413 2848 461 hoc
2881 409 3086 461 contra
3109 404 3468 460 voluntatem
3501 403 3692 459 facere
3722 403 3837 458 dici

2187 492 2352 548 solet.
2385 494 2492 548 Sed
2518 494 2721 566 utique
2738 494 2862 548 vult
2885 500 3118 566 propter
3138 493 3289 565 quod
3311 493 3754 562 facit,tanquam
3788 491 3838 547 si

2189 583 2447 654 pejerare
2480 583 2708 653 nolit,et
2723 585 2858 638 facit
2882 587 2896 619 ¹
2921 599 3052 637 cum
3070 581 3471 648 vultvivere,si
3496 581 3837 654 quisquam,

2189 670 2301 726 nisi
2334 673 2555 738 fecerit,
2581 677 2830 727 mortem
2851 672 3124 727 minetur.
3155 669 3292 725 Vult
3314 686 3451 740 ergo
3484 669 3842 742 facere,quia

2188 760 2311 814 vult
2339 761 2525 816 vivere
2552 779 2563 815 :
2611 766 2666 815 et
2696 762 2824 816 ideo
2857 777 2970 815 non
3003 775 3106 832 per
3135 759 3393 830 scipsum
3427 761 3754 832 appetendo
3779 764 3844 814 ut

2189 848 2405 903 falsum
2430 851 2611 920 juret,
2644 851 2744 904 sed
2781 854 2842 904 ut
2872 849 3085 904 falsum
3112 850 3368 918 jurando
3384 849 3560 903 vivat.
3594 848 3758 912 Quod
3790 865 3842 904 BI

2191 938 2272 993 ita
2301 945 2412 1004 est,
2445 940 2642 994 nescio
2678 945 2874 993 utrum
2909 939 3136 1010 possint
3191 937 3306 992 dici
3337 938 3449 993 ista
3473 944 3709 1008 peccata
3739 953 3843 991 no-

2192 1026 2459 1096 lentium,
2494 1027 2692 1098 qualia
2721 1028 2817 1082 hic
2848 1028 3128 1083 dicuntur
3157 1025 3463 1097 expianda.
3499 1025 3646 1080 Nam
3673 1027 3721 1080 si
3755 1025 3841 1080 di-

2189 1114 2439 1186 ligenter
2467 1117 2891 1187 consideretur,
2947 1118 3093 1172 forte
3151 1117 3347 1187 ipsum
3397 1131 3636 1187 peccare
3677 1131 3843 1170 nemo

2194 1204 2349 1274 velit,
2383 1205 2480 1260 sed
2508 1211 2742 1276 propter
2773 1205 2930 1260 aliud
2965 1205 3049 1272 ﬁt,
3084 1204 3240 1274 quod
3279 1202 3404 1258 vult
3458 1203 3559 1274 qui
3623 1208 3841 1274 peccat.

2190 1297 2404 1349 Omnes
2436 1294 2653 1365 quippe
2685 1295 2957 1350 homines
2988 1294 3083 1364 qui
3119 1293 3368 1349 scientes
3400 1293 3627 1348 faciunt
3681 1291 3841 1362 quod

2194 1399 2308 1437 non
2343 1382 2494 1448 licet,
2528 1383 2742 1438 vellent
2770 1383 2945 1438 licere
2972 1400 2984 1438 :
3011 1399 3197 1454 usque
3215 1383 3358 1438 adeo
3377 1382 3572 1454 ipsum
3598 1398 3843 1453 peccare

2195 1488 2366 1526 nemo
2398 1473 2620 1542 appetit
2641 1477 2878 1544 pr0pter
2909 1473 3016 1528 hoc
3057 1473 3274 1543 ipsum,
3306 1471 3405 1526 sed
3430 1475 3666 1543 propter
3695 1469 3842 1525 illud

2195 1561 2348 1631 quod
2385 1577 2451 1615 ex
2477 1578 2543 1616 eo
2573 1562 2978 1632 consequitur.
3007 1561 3136 1616 Haec
3168 1561 3220 1616 ei
3250 1561 3332 1616 ita
3363 1575 3426 1615 se
3457 1559 3694 1628 habent,
3727 1575 3844 1614 non

2193 1655 2332 1706 sunt
2364 1655 2599 1721 peccata
2631 1650 3502 1718 nolentium,nisinescientium
3527 1667 3542 1718 ;
3569 1666 3699 1721 qua:
3721 1649 3842 1705 dis-

2192 1745 2516 1795 cernuntur
2548 1757 2582 1795 a
2608 1739 2862 1811 peccatis
2893 1739 3236 1795 volentium.

2265 1854 2425 1910 XXV.
2461 1856 2568 1927 [1b.
2601 1873 2690 1934 xv,
2715 1857 2925 1928 30,31.]
2957 1857 3019 1910 Et
3048 1859 3249 1912 anima
3270 1871 3624 1928 quacumque
3652 1871 3849 1928 pecca-

2201 1947 2346 2001 verit
2369 1963 2423 1999 ιη
2448 1962 2616 2000 manu
2631 1946 2903 2017 superbiae
2921 1961 2992 2001 ea:
3009 1945 3312 2015 indigenis,
3337 1951 3432 2001 aut
3448 1962 3519 2000 ex
3536 1947 3862 2019 proselytis,

2200 2035 2365 2089 Deum
2385 2035 2472 2089 hic
2482 2037 2854 2100 eccacerbat,et
2875 2034 3340 2090 exterminabitur
3352 2036 3541 2090 animo
3558 2035 3660 2090 illa
3672 2035 3746 2090 de
3757 2051 3862 2107 po-

2193 2124 2326 2196 pulo
2354 2139 2450 2179 suo
2464 2141 2483 2184 ρ·
2499 2126 2760 2194 quoniam
2777 2125 3008 2179 verbum
3031 2126 3254 2179 Domini
3271 2125 3670 2195 contempsit,et
3693 2141 3859 2179 man-

2198 2212 2328 2267 data
2342 2213 2458 2283 ejus
2474 2213 2836 2284 disperdidit:
2856 2213 3185 2268 contritione
3199 2215 3505 2268 conteretur
3515 2214 3706 2268 anima
3725 2212 3855 2279 illa,

2197 2311 2485 2373 peccatum
2517 2303 2635 2373 ejus
2666 2303 2723 2356 in
2747 2303 2867 2356 illa.
2904 2302 3040 2365 Qua;
3061 2303 3181 2358 sint
3204 2306 3438 2373 peccata
3460 2318 3587 2374 quas
3622 2302 3776 2357 fiunt
3796 2301 3858 2355 in

2203 2407 2379 2446 manu
2402 2390 2772 2462 superbim,id
2789 2391 3169 2463 estsuperbia
3191 2390 3866 2461 committuntur,Scrip-

2203 2483 2336 2534 tura
2359 2479 2486 2551 ipsa
2517 2480 2573 2534 in
2589 2479 3086 2551 consequentibus
3118 2480 3261 2535 satis
3289 2480 3579 2552 exposuit,
3605 2479 3725 2549 {ubi
3758 2477 3864 2546 ait,

2205 2569 2476 2636 Quoniam
2505 2569 2727 2624 verbum
2758 2569 2974 2626 Domini
3002 2570 3344 2640 contempsit.
3373 2567 3543 2623 Aliud
3577 2573 3668 2622 est
3697 2583 3864 2639 ergo,

2203 2662 2490 2730 praecepta
2519 2663 2747 2713 contem
2761 2657 3080 2723 nere,aliud
3101 2658 3298 2730 magni
3317 2656 3553 2729 quidem
3579 2658 3857 2729 pendere,

2203 2747 2303 2802 sed
2329 2752 2429 2801 aut
2451 2748 2723 2819 ignarum
2747 2752 2950 2802 contra
2981 2748 3299 2814 facere,aut
3319 2746 3559 2801 victum.
3585 2745 3722 2810 Quae
3745 2746 3864 2801 duo

2204 2837 2451 2891 fortasse
2483 2837 2814 2908 pertineant
2843 2837 2910 2891 ad
2931 2834 3034 2891 illa
3066 2840 3304 2907 peccata
3326 2834 3861 2906 quaaanolentibus

2205 2926 2373 2995 ﬁunt,
2395 2926 2463 2979 de
2483 2925 2698 2998 quibus
2718 2925 3501 2998 superiusquemadmodum
3535 2926 3646 2980 Deo
3669 2926 3864 2997 propi-

2203 3016 2347 3070 tiato
2371 3016 2746 3086 expiarentur
2767 3015 3095 3081 admonuit;
3121 3014 3337 3070 scinde
3359 3013 3609 3083 subjecit
3625 3021 3864 3086 peccata

2205 3105 2507 3176 superbiae,
2542 3121 2672 3159 cum
2698 3105 2951 3176 quisque
2984 3104 3399 3175 superbiendo,
3431 3103 3488 3158 id
3522 3108 3614 3158 est
3645 3120 3863 3175 praece-

2204 3199 2372 3265 ptum
2395 3195 2823 3248 contemnendo
2844 3208 3148 3265 perperam
3169 3193 3496 3258 facit.Quod
3522 3209 3712 3265 genus
3732 3209 3865 3266 pec-

2205 3283 2315 3339 cati
2339 3300 2455 3338 non
2478 3283 2624 3338 dixit
2645 3282 2764 3338 ullo
2788 3299 2998 3355 genere
3015 3282 3284 3339 sacrificii
3309 3285 3546 3355 purgari
3569 3289 3862 3355 Oportere,

2205 3378 2489 3447 tanquam
2509 3372 3250 3445 insanabilejudicans,illa
3272 3373 3345 3428 du
3357 3376 3548 3428 nlaxat
3561 3374 3867 3429 curatione

2205 3480 2331 3536 quis
2363 3479 2466 3536 per
2489 3462 2776 3518 sacrificia
2807 3463 3136 3535 gerebatur,
3163 3461 3358 3534 qualia
3388 3461 3729 3518 faciendain
3757 3462 3865 3518 hac

2205 3554 2504 3623 Scriptura
2526 3551 2945 3624 praecipiuntur
2968 3569 2980 3607 :
3001 3567 3128 3623 quas
3144 3551 3189 3606 si
3207 3567 3310 3623 per
3330 3567 3393 3606 se
3413 3550 3865 3622 ipsaattendan-

2207 3647 2324 3706 tur,
2359 3641 2503 3697 nulli
2537 3650 2769 3712 peccato
2804 3641 2825 3675 ²
2858 3645 3108 3712 possunt
3137 3639 3392 3707 mederi;
3428 3641 3477 3696 si
3517 3645 3716 3695 autem
3771 3656 3862 3696 res

2207 3731 2345 3802 ipsis
2363 3747 2612 3802 quarum
2629 3729 2750 3784 haec
2764 3733 3132 3785 sacramenta
3150 3728 3759 3800 suntinquirantur,in
3780 3730 3862 3784 eis

2210 3820 2453 3875 inveniri
2471 3819 2684 3892 poterit
2698 3820 2966 3892 purgatio
2982 3823 3377 3891 peccatorum.
3396 3818 3556 3881 Quod
3575 3834 3710 3888 ergo
3724 3818 3865 3874 scri-

2207 3915 2305 3982 ptu
2317 3926 2371 3964 m
2386 3915 2473 3965 est
2483 3910 2904 3975 ,Peccutor,cum
2916 3909 3123 3964 venerit
3139 3909 3199 3962 in
3212 3906 3550 3979 profundum
3563 3908 3858 3977 malorum,

2205 3999 2503 4054 contemnit
2529 3999 2713 4063 (Prov.
2738 4015 2902 4065 xxiii,
2928 3998 3006 4069 3),
3030 3996 3142 4052 iste
3165 3996 3527 4069 signiﬁcatus
3549 4005 3658 4062 est,
3683 4013 3859 4068 quem

2205 4087 2502 4159 Scriptura
2522 4087 2628 4142 boc
2645 4086 2766 4142 loco
2781 4086 3006 4155 dicit,in
3022 4102 3188 4141 manu
3202 4085 3478 4158 superbia:
3499 4085 3860 4156 delinquere.

2207 4177 2323 4232 Hoc
2353 4177 2533 4249 igitur
2557 4177 2683 4232 sine
2708 4192 2878 4248 pmna
2900 4176 3028 4246 ejus
3060 4176 3157 4247 qui
3176 4175 3508 4241 committit,
3533 4190 3648 4230 non
3673 4177 3863 4246 potest

2208 4265 2462 4322 aboleri:
2497 4265 2825 4337 atqucideo
2857 4282 2972 4320 non
3005 4268 3195 4336 potest
3218 4280 3344 4320 esse
3394 4263 3773 4336 impunitum,
3807 4268 3865 4320 et

2207 4372 2340 4411 cum
2377 4356 2708 4427 paenitendo
2731 4358 2991 4410 sanatur:
3013 4354 3140 4425 ipsa
3153 4353 3310 4408 enim
3332 4353 3568 4409 affiictio
3584 4354 3867 4425 pcnniten-

2205 4445 2281 4500 tis
2297 4462 2462 4517 pmna
2477 4444 2695 4516 peccati
2722 4443 3106 4514 est,quamvis
3131 4442 3496 4498 medicinalis
3515 4443 3568 4498 et
3581 4441 3861 4499 salubris.

2208 4533 2413 4589 Merito
2432 4533 2646 4605 quippe
2671 4548 2949 4605 magnum
2967 4531 3746 4604 judicaturpeccatum,cum
3766 4549 3863 4588 su-

2207 4624 2408 4695 perbia
2439 4627 2794 4695 praeceptum
2827 4620 3153 4676 contemnit
3185 4638 3197 4676 :
3228 4621 3328 4677 sed
3355 4637 3385 4676 e
3428 4622 3738 4690 contrario,
3799 4626 3867 4678 ut

2205 4713 2400 4768 sanari
2421 4713 2728 4784 possit,cor
2749 4710 3068 4765 contritum
3093 4716 3150 4764 et
3168 4709 3542 4765 bumiliatum
3563 4712 3712 4766 Deus
3746 4727 3864 4768 non

2207 4802 2431 4875 spernit
2459 4800 2633 4872 (Psat.
2670 4818 2720 4869 L,
2756 4799 2868 4871 19).
2902 4797 3306 4854 Verumtatem
3335 4800 3475 4871 quia
3521 4800 3648 4856 sine
3697 4817 3866 4873 paena

2208 4908 2323 4946 non
2357 4892 2440 4957 ﬁt,
2476 4890 2605 4946 ideo
2637 4888 2772 4944 hinc
2793 4888 2935 4943 talia
2957 4889 3113 4944 dicta
3136 4893 3307 4944 sunt:
3335 4889 3522 4959 Deum,
3553 4888 3866 4962 inquit,lu'c

2205 4981 2535 5048 exacerbat;
2568 4978 2703 5049 quia
2728 4978 2883 5034 Deus
2915 4977 3184 5050 superbis
3215 4977 3434 5034 resistit
3456 4980 3665 5048 (Jacobi
3689 4983 3860 5052 rv,6).

2209 5073 2274 5126 Et
2302 5069 2769 5125 exterminabitur
2795 5069 2996 5123 anima
3016 5068 3117 5122 illa
3129 5068 3192 5122 de
3212 5069 3554 5140 populosuo;
3584 5069 3862 5139 quoniam

2207 5160 2342 5214 talis
2373 5159 2571 5214 omino
2598 5159 2656 5212 in
2688 5173 2934 5212 numero
2966 5173 3166 5212 eorum
3195 5157 3295 5229 qui
3331 5158 3402 5213 ad
3459 5159 3639 5214 Deum
3685 5160 3862 5230 perti-

2210 5253 2491 5316 nent,non
2518 5248 2908 5316 est.Quoniam
2938 5247 3166 5301 verbum
3195 5248 3421 5302 Domini
3449 5251 3791 5320 contempsit,
3815 5259 3864 5306 et

2208 5339 2471 5394 mandata
2491 5339 2607 5410 ejus
2625 5337 2976 5408 disperdidit:
2993 5339 3326 5394 contritione
3347 5344 3657 5396 conteretur
3669 5342 3863 5397 anima

2276 5556 2289 5588 ¹
2331 5553 2483 5615 Editi,
2521 5558 2573 5604 et
2602 5555 2726 5604 Mss.
2751 5567 2860 5603 uno
2881 5557 3103 5616 excepto
3125 5553 3436 5616 Corbeiensi
3465 5554 3649 5606 codice
3680 5561 3862 5608 carent

2209 5617 2292 5666 his
2323 5618 2517 5681 verbis,
2549 5621 2796 5681 tanquam
2827 5617 2874 5666 si
2899 5615 3137 5681 peierare
3165 5615 3316 5681 nolit,
3351 5622 3399 5668 et
3428 5619 3577 5681 facit.

2272 5681 2293 5716 ²
2320 5679 2458 5731 Editi
2491 5680 2634 5732 nullo
2652 5679 2833 5745 pacto.
2857 5679 2980 5732 Mss.
3013 5693 3159 5743 vero,
3188 5679 3324 5732 nulli
3339 5679 3574 5748 peccato.
