4300 6406
635 371 748 438 751

643 499 980 557 hominibus
1011 519 1117 557 nec
1146 503 1203 556 in
1241 503 1478 573 Angelis
1507 503 1616 557 hoc
1637 503 1793 557 dicat
1818 501 2083 560 auditum
2113 543 2126 566 ,
2147 499 2286 570 quid

643 595 732 648 est
762 607 898 663 ergo
929 591 1074 646 illud
1109 594 1166 647 in
1198 591 1527 662 Evangelia,
1563 598 1602 647 Α
1634 595 1866 652 summis
1897 593 2156 646 castorum
2195 609 2284 646 us-

641 697 745 750 que
773 682 844 736 ad
873 683 1139 738 terminos
1169 698 1379 751 eorum,
1411 698 1544 735 cum
1596 681 1722 737 sine
1771 682 1949 736 dubio
2000 681 2287 736 Dominus

642 772 753 828 hoc
785 771 886 837 ait,
917 786 1050 826 cum
1086 772 1155 825 de
1187 769 1507 826 novissima
1536 770 1847 825 electorum
1879 787 2120 826 suorum
2145 787 2285 825 con.

641 861 978 936 gregations
1006 860 1343 931 loqueretur
1361 859 1388 913 ?

715 951 806 1006 IX.
837 951 942 1022 [lb.
970 967 1022 1020 v,
1049 951 1082 1003 2
1113 951 1189 1020 4.]
1222 950 1367 1013 Quid
1401 955 1489 1005 est
1519 952 1672 1021 quod
1707 951 1808 1014 ait,
1835 952 2106 1005 Dominus
2143 953 2284 1006 Deus

641 1046 816 1098 vester
835 1041 1103 1111 disposuit
1123 1039 1192 1095 ad
1215 1056 1303 1094 vos
1326 1049 1707 1096 testamentum
1728 1042 1788 1095 in
1811 1042 1990 1096 Horeb
2013 1057 2032 1094 :
2063 1056 2171 1094 non
2191 1057 2284 1110 pa—

639 1131 816 1188 tribus
843 1130 1041 1186 vestris
1061 1129 1332 1200 disposuit
1353 1130 1615 1186 Dominus
1635 1133 2021 1186 testamentum
2041 1130 2157 1195 hoc,
2191 1129 2282 1184 sed

635 1222 706 1277 ad
722 1237 832 1286 vos,
849 1236 938 1276 vos
958 1220 1048 1273 hic
1067 1235 1248 1274 omnes
1269 1221 1506 1273 viventes
1523 1221 1722 1283 hodie;
1739 1221 1885 1289 facie
1905 1220 1973 1272 ad
1983 1221 2180 1288 faciem
2202 1219 2280 1274 to-

633 1316 796 1366 cutus
816 1314 892 1365 est
913 1311 1170 1364 Dominus
1192 1309 1266 1363 ad
1287 1325 1378 1363 vos
1401 1311 1459 1362 in
1484 1318 1663 1364 monte
1698 1325 1728 1363 e
1763 1309 1941 1364 medio
1962 1311 2108 1376 ignis
2128 1312 2152 1361 ?
2193 1310 2277 1362 An

634 1402 774 1473 quia
793 1400 990 1471 illiqui
1010 1399 1620 1472 noningrediunturin
1636 1406 1848 1456 terram
1871 1400 2277 1471 promissionis

633 1491 871 1562 (mortui
894 1495 1033 1544 sunt
1061 1488 1216 1544 enim
1249 1491 1476 1558 omnes)
1509 1507 1622 1544 non
1659 1489 1945 1560 pertinent
1969 1490 2036 1543 ad
2064 1489 2170 1543 hoc
2193 1494 2276 1544 te-

635 1583 1272 1649 stamentum,quorum
1296 1581 1435 1633 tunc
1460 1578 1776 1650 recognitio
1805 1580 1955 1633 facta
1975 1583 2222 1643 est,cum
2243 1594 2275 1632 a

631 1667 832 1738 viginti
855 1667 1025 1722 annis
1047 1666 1232 1720 mtatis
1254 1671 1308 1720 et
1329 1684 1504 1736 supra
1528 1673 1977 1722 numerarentur
1993 1683 2180 1738 usque
2201 1667 2271 1722 ad

629 1755 1062 1827 quinquaginta
1075 1771 1262 1812 annos
1280 1755 1503 1810 habiles
1518 1758 1587 1810 ad
1607 1755 1854 1811 bellum?
1869 1757 2168 1819 Quomodo
2183 1771 2273 1810 er-

626 1843 830 1915 goillis
851 1844 1083 1899 locutus
1096 1852 1182 1898 est
1196 1844 1604 1915 L‘ominuequi
1622 1845 1790 1898 hodie
1805 1844 2117 1900 vivuntPAn
2137 1843 2273 1914 quia

623 1948 692 1988 ex
705 1933 910 2005 viginti
925 1935 1098 1988 annis
1111 1933 1332 1988 etinfra
1347 1939 1586 2004 potueru
1599 1938 1660 1989 nt
1682 1933 1848 1988 multi
1862 1939 1920 1988 tu
1933 1950 2002 1988 nc
2015 1933 2270 2004 osse,qui

623 2022 733 2078 hoe
748 2023 892 2078 bene
907 2022 1515 2086 meminissent,alieni
1532 2024 1602 2077 ab
1617 2023 1715 2076 illa
1731 2039 2100 2093 pmna,quam
2117 2023 2269 2079 Deus

622 2112 929 2168 constituit
967 2113 1085 2168 illis
1133 2115 1229 2183 qui
1276 2117 1418 2168 tunc
1464 2113 1753 2167 numerati
1795 2112 2269 2181 sunt,nonintrao

618 2203 750 2260 rein
769 2209 978 2260 terram
1001 2203 1432 2274 promissionis;
1457 2203 1633 2259 ethos
1648 2203 1850 2273 utique
1865 2203 2142 2274 appellat,
2167 2203 2267 2274 qui

616 2295 884 2364 quamvis
897 2293 1097 2364 viginti
1113 2308 1399 2347 annorum
1415 2297 1473 2346 et
1485 2307 1663 2362 supra
1681 2307 1791 2346 non
1805 2293 2266 2362 essent,quando

618 2382 773 2437 Deus
796 2382 855 2436 in
875 2387 1073 2436 monte
1089 2381 1532 2451 loquebatur,ut
1545 2396 1618 2434 nu
1630 2380 1836 2435 merari
1856 2387 1991 2435 tunc
2006 2385 2264 2450 possent,

619 2475 938 2542 potuerunt
951 2475 1147 2524 tamen
1164 2487 1290 2524 esse
1304 2470 1503 2523 decem
1523 2474 1580 2523 et
1593 2486 1798 2524 novem
1815 2475 1870 2524 et
1890 2470 2042 2524 infra
2075 2485 2264 2540 usque

617 2561 689 2616 ad
715 2559 996 2631 puerilem
1020 2564 1406 2630 :etatem,quaa
1425 2564 1616 2629 posset
1632 2557 1731 2612 illa
1751 2576 1879 2628 quae
1906 2561 2054 2614 facta
2073 2559 2262 2614 etdic-

617 2653 830 2704 tasunt
852 2654 907 2703 et
929 2650 1142 2711 videre,
1164 2654 1221 2702 et
1241 2647 1465 2713 audire,
1491 2653 1547 2702 et
1570 2647 1847 2703 memoria
1870 2647 2154 2704 retinere?

687 2739 793 2794 Sed
820 2737 959 2809 quid
985 2741 1070 2792 est
1104 2738 1257 2807 quod
1294 2736 1395 2802 ait,
1425 2737 1584 2791 Facie
1601 2737 1670 2791 ad
1687 2739 1889 2806 faciem
1914 2739 1935 2771 ²
1955 2739 2162 2792 locutus
2182 2743 2260 2793 est

620 2829 880 2883 Dominus
905 2826 975 2882 ad
994 2843 1120 2895 vos;
1145 2843 1292 2896 quos
1315 2825 1490 2897 paulo
1515 2830 1650 2881 ante
1670 2826 1923 2882 maxime
1943 2828 2257 2884 admonere

613 2917 862 2980 curavit,
902 2916 1055 2988 quod
1089 2915 1309 2970 nullam
1345 2914 1796 2970 similitudinem
1827 2915 2097 2985 viderint,
2151 2918 2252 2972 sed

608 3006 788 3062 solam
823 3022 1020 3062 vocem
1053 3005 1124 3059 de
1154 3003 1343 3059 medio
1374 3003 1530 3074 ignis
1552 3005 1994 3060 audierint?An
2019 3009 2256 3076 propter

603 3112 797 3152 rerum
823 3094 1262 3161 evidentiam,et
1281 3094 1714 3164 quodammodo
1737 3095 2106 3165 praesentiam
2133 3111 2251 3151 ma-

602 3186 888 3240 nifestata
911 3183 1256 3247 divinitatis,
1289 3183 1360 3236 de
1390 3198 1507 3252 qua
1536 3182 1805 3238 dubitare
1836 3199 2008 3238 nemo
2032 3189 2248 3253 posset,

603 3274 697 3329 his
729 3274 923 3328 verbis
954 3288 1099 3327 usus
1132 3271 1266 3327 est?
1295 3271 1456 3335 Quod
1491 3271 1538 3325 si
1573 3271 1652 3326 ita
1682 3276 1792 3334 est,
1813 3272 1955 3341 quid
1982 3271 2250 3342 prohibet

601 3364 673 3417 de
698 3363 826 3434 ipso
859 3363 1054 3433 Moyse
1088 3361 1198 3414 hod
1233 3359 1500 3429 intelligi,
1534 3359 1589 3413 in
1624 3376 1690 3414 eo
1722 3361 1873 3431 quod
1907 3361 1979 3415 de
2007 3361 2244 3416 illodic-

599 3456 724 3508 tum
759 3457 867 3516 est,
903 3451 1057 3521 quod
1095 3449 1238 3504 facie
1268 3450 1339 3503 ad
1375 3449 1578 3503 faciem
1621 3447 1855 3506 loeutus
1903 3449 2140 3506 sitcum
2177 3467 2243 3505 eo

601 3540 885 3596 Dominus
917 3539 1110 3608 (Exod.
1136 3553 1333 3605 χχχιιι,
1368 3539 1477 3607 it),
1503 3542 1567 3592 ut
1593 3555 1696 3592 nec
1717 3539 1840 3609 ipse
1863 3538 2081 3608 aliquid
2105 3557 2242 3595 ocu-

598 3628 674 3685 lis
695 3629 902 3684 viderit
932 3634 1137 3700 praeter
1159 3627 1358 3698 ignem
1379 3626 1408 3680 ‘I
1434 3629 1518 3681 An
1542 3625 1761 3698 aliquid
1785 3628 2040 3699 amplius
2070 3630 2244 3686 vidis-

598 3733 660 3774 se
678 3717 1044 3789 intelligitur,
1080 3716 1216 3787 quia
1247 3715 1530 3786 scriptum
1563 3722 1653 3770 est
1699 3731 1832 3771 eum
1875 3716 2128 3774 intrasse
2178 3719 2237 3773 in

596 3807 870 3862 nebulam
905 3806 989 3861 vel
1024 3807 1292 3860 nimbum
1327 3805 1423 3859 ubi
1457 3810 1582 3860 erat
1615 3805 1764 3861 Deus
1796 3807 1902 3878 (Id.
1933 3825 2083 3875 xxiv,
2112 3810 2240 3877 t8)?

593 3896 705 3952 Sed
735 3895 843 3951 etsi
875 3894 1097 3967 aliquid
1128 3893 1383 3966 amplius
1414 3894 1577 3959 vidit,
1611 3910 1785 3963 quam
1820 3896 1937 3962 illi;
1963 3914 2079 3953 non
2100 3913 2235 3954 eum

589 3989 787 4040 tamen
823 3982 1169 4039 mortalibus
1201 3981 1387 4038 oculis
1407 3983 1621 4038 vidisse
1641 3984 1734 4038 Dei
1757 3985 2149 4042 substantiam
2168 4005 2238 4044 ex

586 4073 704 4128 illis
737 4074 864 4144 ejus
895 4073 1085 4128 verbis
1115 4071 1359 4143 intelligi
1395 4076 1608 4142 potest,
1642 4073 1854 4142 quibus
1885 4076 1966 4130 ait
1996 4076 2111 4132 Deo
2137 4095 2149 4132 :
2171 4080 2237 4134 Si

587 4165 776 4218 inveni
803 4163 1047 4232 gratiam
1076 4166 1201 4217 ante
1230 4171 1299 4229 te,
1330 4160 1546 4217 ostende
1574 4163 1717 4217 mihi
1767 4166 2126 4237 temetipsum,
2175 4175 2237 4224 ut

587 4257 829 4312 scienter
855 4251 1071 4307 videam
1101 4259 1149 4306 te
1179 4250 1276 4318 (Id.
1310 4267 1512 4317 χχχιιι,
1557 4252 1656 4319 13).
1683 4251 1881 4322 Neque
1906 4254 2059 4310 enim
2087 4257 2236 4312 arbi-

587 4343 865 4398 trandum
897 4346 986 4397 est
1015 4340 1173 4395 hunc
1192 4340 1595 4411 populum.cui
1619 4341 1843 4408 Moyses
1867 4341 2233 4414 loquebatur,

587 4432 674 4488 sic
704 4437 844 4487 tunc
873 4430 1086 4485 vidisse
1119 4429 1297 4484 Deum
1324 4428 1467 4484 facie
1495 4430 1566 4484 ad
1607 4430 1836 4494 faciem,
1887 4434 2124 4503 quando
2175 4435 2232 4491 in

589 4525 791 4575 monte
839 4519 1188 4591 loquebatur
1217 4535 1247 4573 e
1278 4519 1470 4572 medio
1516 4517 1689 4589 ignis,
1737 4521 2230 4590 quemadmodum

586 4607 901 4681 Apostolus
931 4607 1071 4662 dicit
1101 4608 1158 4662 in
1191 4608 1306 4662 ﬁne
1337 4622 1444 4660 nos
1493 4622 1617 4660 esse
1662 4606 1912 4675 visuros,
1961 4611 2058 4666 ubi
2113 4613 2230 4670 ait:

593 4697 840 4754 Videmus
862 4715 1011 4753 nunc
1031 4713 1131 4769 per
1152 4696 1433 4766 speculum
1464 4697 1522 4748 in
1551 4698 1864 4766 aenigmate,
1896 4706 2024 4754 tunc
2051 4711 2235 4758 autem

581 4787 724 4858 facie
744 4789 813 4843 ad
841 4790 1064 4859 faciem.
1102 4786 1250 4848 Quid
1283 4789 1477 4839 autem
1511 4784 1642 4850 hoc,
1669 4792 1726 4840 et
1747 4793 2034 4856 quantum
2057 4798 2232 4859 esset,

581 4883 1007 4949 consequenter
1038 4874 1285 4946 aperuit,
1320 4873 1555 4928 dicens:
1583 4874 1757 4929 Nunc
1783 4878 1894 4930 scio
1940 4894 2010 4932 ea:
2052 4886 2230 4950 parte,

581 4972 713 5022 tunc
733 4975 911 5022 autem
935 4980 1249 5035 cognoscam
1271 4964 1412 5017 sicut
1433 4965 1485 5017 et
1507 4966 1753 5029 cognitus
1774 4981 1891 5018 sum
1919 4967 2232 5038 (lCor.xm,

584 5058 690 5127 12).
724 5057 887 5120 Quod
920 5055 1096 5110 etiam
1119 5053 1314 5124 ipsum
1348 5057 1518 5106 caute
1549 5053 1954 5123 accipiendum
2008 5065 2117 5124 est,
2160 5077 2232 5116 ne

581 5152 810 5202 tantum
846 5150 1086 5216 putetur
1119 5144 1430 5198 habiturus
1463 5143 1635 5196 homo
1667 5145 2059 5213 cognitionem
2113 5151 2228 5223 Dei,

583 5241 861 5307 quantam
896 5251 1052 5289 nunc
1083 5233 1259 5287 habet
1291 5231 1546 5284 hominis
1578 5231 1770 5298 Deus;
1815 5235 1916 5288 sed
1970 5254 2072 5307 pro
2123 5257 2230 5294 suo

587 5326 760 5380 modo
790 5323 870 5379 ita
898 5324 1234 5396 perfectam,
1268 5325 1330 5374 ut
1358 5324 1414 5373 et
1443 5318 1587 5374 nihil
1618 5321 1809 5376 adhuc
1866 5332 2232 5396 exspectetur

587 5415 944 5470 addendum:
972 5421 1222 5481 utquam
1248 5409 1499 5479 perfecte
1523 5426 1676 5463 nunc
1699 5410 1848 5466 Deus
1871 5414 2227 5472 uovithomi-

583 5521 738 5574 nem,
763 5505 864 5560 sed
888 5509 1082 5558 tamen
1106 5501 1261 5555 sicut
1284 5498 1437 5553 Deus
1473 5498 1793 5568 hominem,
1819 5500 1898 5557 ita
1928 5508 2066 5560 tunc
2098 5522 2226 5576 ρθιι

579 5595 725 5651 tecte
755 5591 981 5649 noverit
1012 5589 1186 5644 homo
1230 5593 1432 5657 Deum,
1465 5588 1565 5642 sed
1611 5593 1802 5644 tamen
1853 5591 2006 5648 sicut
2051 5595 2225 5652 homo

631 5725 652 5757 ²
682 5724 804 5770 Mss.
836 5720 1030 5786 plures,
1057 5717 1244 5779 /aciem
1272 5717 1344 5764 ad
1370 5716 1588 5778 faciem:
1623 5717 1696 5764 uti
1728 5730 1903 5776 grata,
1969 5725 2223 5786 prosopon

573 5786 695 5835 hata
716 5783 987 5847 prosdpon.

1373 370 1899 442 QUASSTIONUM
1951 372 2014 430 S.
2063 369 2487 432 AUGUSTIN]
2535 369 2614 432 ΙΝ
2661 369 3308 434 HEPTATEUCHUM

3925 375 4019 436 752

2398 501 2605 558 Deum.
2638 505 2836 572 Neque
2866 501 3023 558 enim
3055 501 3194 572 quia
3217 501 3442 558 dictum
3459 507 3570 569 est,
3594 505 3777 560 Estote
3796 507 4019 575 perfecti,

2398 593 2536 645 sicut
2555 592 2719 646 Pater
2739 596 2912 646 vester
2928 591 3152 645 ca'testis
3169 594 3447 662 perfectus
3465 599 3545 647 est
3598 595 3809 659 (Matth.
3845 611 3894 662 ν,
3933 598 4019 666 48],

2396 680 2525 734 ideo
2557 682 2946 750 mqualitatem
2981 680 3188 747 Patris,
3220 697 3398 750 quam
3431 681 3684 738 Verbum
3718 683 3892 740 habet
3921 686 4021 740 uni-

2396 770 2680 839 genitum,
2714 786 2947 841 sperare
2978 770 3290 824 debemus:
3327 770 3595 840 quamvis
3620 787 3737 827 non
3756 773 4021 828 defuerint

2396 861 2492 928 qui
2521 864 2577 914 et
2604 859 2714 914 hoc
2747 862 3009 914 futurum
3044 859 3398 929 putaverint,
3443 859 3557 914 nisi
3590 861 3736 916 forte
3775 863 3913 932 quid
3944 863 4020 917 di-

2394 955 2527 1002 cant
2557 966 2761 1020 parum
2793 948 3182 1018 intelligimus
3213 948 3311 1019 (a).

2466 1041 2533 1091 Χ.
2570 1038 2674 1104 [lb.
2708 1055 2763 1102 v,
2794 1040 2848 1103 5,
2878 1040 2932 1105 ὃ,
2961 1038 3075 1107 24.]
3109 1036 3256 1102 Quid
3291 1042 3380 1092 est
3408 1038 3564 1108 quod
3595 1039 3698 1108 ait,
3716 1042 3785 1095 Et
3813 1057 3909 1111 ego
3925 1047 4017 1097 sta-

2393 1127 2519 1181 bam
2542 1130 2686 1182 inter
2715 1129 3006 1182 Dominum
3022 1136 3075 1182 et
3108 1142 3200 1180 vos
3237 1129 3291 1180 in
3317 1130 3556 1192 tempore
3577 1128 3674 1184 illo
3695 1134 4017 1186 a-nnuutiare

2391 1218 2541 1271 vobis
2563 1218 2726 1272 verba
2747 1218 2992 1276 Domini;
3015 1222 3299 1284 tanquam
3318 1214 3378 1270 in
3403 1215 3528 1272 loco
3549 1223 3706 1273 esset
3728 1218 4012 1285 Dominus,

2390 1305 2496 1361 hoc
2527 1312 2616 1362 est
2639 1306 2697 1360 in
2721 1311 2917 1362 monte
2941 1307 3094 1360 unde
3116 1304 3198 1359 illi
3221 1320 3386 1360 voces
3410 1306 3928 1372 audiebant?Quod
3949 1312 4015 1364 sic

2387 1395 2792 1466 accipiendum
2819 1401 2925 1459 est,
2955 1399 3018 1449 ut
3038 1411 3154 1449 non
3167 1411 3236 1448 ex
3258 1394 3365 1449 hoc
3381 1396 3756 1465 suspicemur
3771 1397 3872 1454 Dei
3898 1400 4014 1453 ub-

2386 1486 2662 1539 stantiam
2692 1484 2747 1538 in
2774 1483 2891 1538 ullo
2915 1483 3110 1553 aliquo
3140 1499 3270 1538 esse
3302 1484 3587 1554 corporali
3619 1483 3770 1551 loco,
3803 1489 3900 1558 qui
3946 1495 4017 1543 est

2386 1572 2601 1642 ubique
2623 1578 2802 1639 totus,
2828 1589 2932 1628 nec
2953 1589 3055 1643 per
3077 1572 3337 1627 locorum
3357 1572 3660 1629 intervalla
3683 1577 4018 1648 propinquat

2385 1666 2486 1717 aut
2498 1663 2738 1717 recedit:
2761 1663 2859 1716 sed
2873 1661 3403 1716 demonstrationes
3425 1662 3556 1731 ejus
3582 1663 3640 1717 in
3661 1680 3730 1720 ea
3753 1672 4015 1730 creatura,

2383 1769 2510 1822 qua:
2546 1769 2657 1808 non
2690 1757 2776 1806 est
2795 1752 2947 1822 quod
2975 1753 3243 1822 ipse,non
3268 1750 3438 1806 aliter
3458 1751 3742 1809 humanis
3763 1755 4016 1812 sensibus

2383 1841 2919 1896 exhibentur.Unde
2942 1841 3227 1898 Dominus
3248 1839 3448 1895 volens
3472 1842 3706 1898 auferre
3732 1844 3804 1898 ab
3829 1844 4015 1914 hujus-

2382 1933 2538 1986 modi
2553 1931 2986 2002 suspicionibus
3002 1935 3255 1985 mentem
3270 1932 3781 2002 nostram,quibus
3795 1939 4016 2005 putatur

2382 2025 2532 2075 Deus
2563 2021 2687 2075 loco
2720 2021 2917 2092 aliquo
2948 2018 3233 2074 contineri
3261 2034 3275 2074 :
3343 2019 3551 2088 Veniet,
3606 2019 3828 2092 inquit,
3878 2025 4013 2089 hara,

2377 2113 2600 2180 quando
2623 2126 2799 2180 neque
2821 2113 2878 2164 in
2898 2119 3082 2165 monte
3116 2108 3232 2174 hoc,
3257 2124 3428 2179 neque
3452 2111 3511 2162 in
3557 2110 3912 2181 Jerosotymis
3940 2112 4016 2167 ad-

2377 2201 2604 2256 orabitis
2626 2205 2862 2256 Patrem.
2902 2204 3010 2253 Vos
3023 2199 3264 2252 adoratis
3285 2197 3426 2267 quod
3442 2200 3683 2254 nescitis:
3703 2217 3808 2256 nos
3826 2204 4016 2257 adora-

2373 2305 2499 2344 mus
2519 2289 2658 2360 quod
2675 2291 2878 2344 scimus
2898 2289 3062 2358 ,‘quia
3081 2288 3232 2342 satus
3253 2303 3324 2342 ea:
3347 2288 3561 2344 Iudaeis
3587 2299 3685 2344 est.
3719 2289 3832 2345 Sed
3881 2295 4014 2347 venit

2374 2377 2506 2433 hora
2537 2381 2585 2433 et
2616 2395 2763 2434 nunc
2791 2387 2886 2445 est,
2919 2377 3133 2448 quando
3173 2379 3288 2432 veri
3343 2379 3664 2434 adoratores
3711 2378 4013 2437 adorabunt

2372 2469 2596 2522 Patrem
2620 2469 2674 2522 in
2696 2470 2899 2538 Spiritu
2919 2471 2967 2522 et
2990 2469 3240 2522 veritate.
3262 2467 3400 2522 Nam
3420 2477 3474 2523 et
3488 2467 3809 2525 Patertates
3829 2474 4020 2541 quaerit

2372 2557 2703 2628 quiadorent
2727 2574 2872 2612 cum.
2900 2558 3134 2628 Spiritus
3154 2566 3230 2611 est
3253 2557 3414 2622 Deus,
3448 2566 3498 2612 et
3519 2574 3608 2613 eos
3648 2561 3746 2629 qui
3791 2560 4016 2615 adorant

2367 2663 2512 2715 eum,
2547 2649 2602 2701 in
2633 2649 2835 2717 spiritu
2864 2656 2915 2702 et
2946 2649 3178 2700 veritate
3197 2651 3405 2716 oportet
3432 2646 3673 2702 adorare
3717 2648 3903 2718 (Joan.
3935 2667 4008 2716 IV,

2365 2736 2582 2805 21-24).
2621 2736 2874 2792 Medium
2899 2752 3034 2807 ergo
3068 2752 3130 2790 se
3151 2734 3298 2790 dixit
3320 2736 3547 2807 Moyses
3581 2753 3696 2791 non
3725 2737 3887 2794 inter
3915 2740 4007 2795 Dei

2365 2825 2756 2881 substantiam
2791 2830 2846 2881 et
2877 2824 3156 2896 populum
3187 2823 3492 2881 intervallo
3524 2825 3856 2896 aliquoloci
3883 2830 4006 2894 ;sed

2365 2916 2502 2986 quia
2525 2932 2627 2987 per
2645 2931 2779 2971 eum
2797 2913 3244 2986 placuitpopulo
3260 2914 3464 2970 audire
3487 2919 3689 2971 cetera
3707 2917 3808 2972 Dei
3822 2919 4006 2985 verba,

2364 3010 2739 3074 posteaquam
2766 3004 3138 3059 vehementer
3168 3007 3256 3058 est
3289 3003 3550 3071 territus,
3581 3004 3786 3061 audita
3809 3007 3883 3064 de
3905 3025 4007 3064 me-

2361 3094 2455 3148 dio
2487 3094 2638 3164 ignis
2667 3109 2804 3150 voce
2834 3092 2934 3148 Dei
2965 3092 3214 3149 dicentis
3244 3091 3593 3165 Decalogum
3626 3093 3797 3166 legis.

2431 3184 2540 3239 Sed
2579 3182 2780 3240 merito
2804 3181 3083 3253 quaeritur
3109 3183 3402 3252 quomodo
3457 3181 3830 3253 accipiantur
3894 3187 4002 3242 hinc

2357 3273 2532 3327 verba
2562 3270 3018 3337 Deuteronomii,
3051 3269 3277 3326 dicente
3307 3273 3519 3341 Moyse,
3553 3271 3616 3326 Et
3645 3286 3741 3342 ego
3793 3275 4000 3328 stabam

2357 3364 2500 3417 inter
2520 3363 2812 3417 Dominum
2832 3365 2884 3414 et
2908 3375 2995 3414 vos
3017 3361 3076 3413 in
3099 3369 3336 3429 tempme
3357 3360 3824 3425 illo,annuntiure
3855 3365 4001 3418 vobis

2353 3452 2514 3506 verba
2541 3451 2807 3510 Domini;
2828 3450 3096 3520 quoniam
3116 3450 3378 3504 timuistis
3399 3467 3432 3504 a
3450 3451 3597 3520 [acie
3611 3451 3782 3518 ignis,
3816 3464 3872 3507 et
3901 3469 4002 3508 non

2352 3542 2666 3598 ascendistis
2684 3543 2748 3596 in
2766 3548 3025 3607 montem,
3051 3539 3257 3604 dicens,
3285 3543 3393 3610 Ego
3413 3556 3535 3594 sum
3565 3540 3834 3596 Dominus
3867 3545 4001 3598 Dea:

2353 3641 2498 3699 tuus,
2526 3636 2582 3686 et
2605 3635 2808 3686 caatera
2833 3645 2989 3699 :quai
3003 3628 3130 3698 jam
3156 3628 3332 3682 verba
3358 3627 3456 3683 Dei
3482 3633 3641 3698 sunt,
3666 3645 3800 3700 qua:
3819 3630 3998 3686 Deca-

2346 3719 2514 3791 logus
2536 3716 2962 3781 continet.Quid
2995 3733 3131 3788 ergo
3160 3717 3287 3771 vult
3315 3717 3465 3786 quod
3489 3717 3734 3786 addidit,
3758 3718 3948 3775 dicens
3972 3720 3996 3773 ?

2346 3809 2404 3863 Si
2425 3809 2580 3864 enim
2607 3810 3002 3878 putaverimus
3023 3805 3405 3878 hyperbaton,
3434 3809 3495 3860 ut
3517 3806 3658 3861 ordo
3680 3807 3991 3863 verborum

2347 3900 2444 3968 sit,
2469 3899 2532 3952 Et
2561 3913 2659 3966 ego
2686 3896 2907 3952 stabam
2937 3897 3088 3950 inter
3120 3895 3411 3950 Dominum
3432 3903 3482 3950 et
3529 3910 3616 3950 vos
3647 3897 3708 3950 in
3757 3904 3996 3969 tempore

2343 3987 2469 4056 illo,
2493 3989 2829 4042 annnutiare
2850 3985 3002 4040 vobis
3022 3983 3187 4040 verba
3227 3984 3472 4052 Domini,
3499 3983 3705 4053 dicens,
3731 3985 3842 4056 Ego
3873 4003 3995 4041 sum

2343 4079 2606 4133 Dominus
2640 4077 2776 4131 Deus
2797 4079 2958 4130 tuus:
2995 4091 3107 4130 non
3130 4074 3242 4130 erit
3262 4090 3485 4128 verum.
3518 4073 3640 4128 Non
3675 4075 3835 4130 enim
3873 4075 3994 4131 haec

2342 4169 2517 4223 verba
2548 4183 2648 4237 per
2677 4165 2913 4236 Moysen
2949 4163 3223 4235 populus,
3256 4163 3356 4218 sed
3391 4163 3462 4219 de
3493 4162 3686 4218 medio
3717 4162 3877 4235 ignis
3899 4183 3996 4220 au-

2345 4257 2486 4312 divit
2510 4272 2522 4310 :
2548 4255 2702 4326 quod
2727 4258 2859 4309 cum
2884 4254 3176 4308 sustinere
3198 4269 3311 4307 non
3356 4256 3552 4324 posset
3589 4252 3788 4308 audito
3821 4253 3996 4310 Deca-

2345 4343 2818 4416 logo,postulavit
2835 4347 2898 4397 ut
2921 4359 3020 4413 per
3037 4342 3272 4412 Moysen
3295 4346 3499 4396 caetera
3519 4340 3768 4397 audiret.
3793 4347 3995 4400 Restat

2343 4451 2480 4508 ergo
2515 4440 2576 4489 ut
2607 4433 2760 4504 quod
2794 4431 3049 4504 positum
3083 4435 3192 4497 est,
3224 4431 3431 4495 dicens,
3467 4448 3570 4502 pro
3620 4447 3686 4486 eo
3733 4435 3992 4503 positum

2343 4524 2764 4595 intelligamus,
2797 4537 2863 4576 ac
2903 4520 2951 4576 si
2984 4524 3160 4591 esset,
3193 4519 3337 4575 Cum
3368 4520 3622 4588 diceret;
3659 4524 3724 4575 ut
3770 4521 3884 4576 iste
3916 4523 3995 4578 sit

2343 4630 2543 4679 sensu,
2593 4613 2657 4666 Et
2688 4626 2780 4682 ego
2809 4611 3018 4665 stabam
3051 4611 3195 4664 inter
3223 4609 3516 4665 Dominum
3543 4618 3596 4664 et
3628 4625 3714 4665 vos
3765 4611 3826 4665 in
3854 4613 3994 4666 tem-

2341 4719 2476 4773 pore
2501 4703 2626 4767 illo,
2657 4701 2996 4755 annuntiare
3020 4699 3167 4755 vobis
3214 4700 3376 4754 verba
3429 4700 3687 4760 Domini;
3729 4701 3993 4771 quoniam

2340 4793 2604 4849 timuistis
2632 4808 2665 4846 a
2693 4791 2834 4861 [acie
2866 4791 3026 4859 ignis,
3059 4797 3111 4844 et
3137 4804 3248 4844 non
3279 4788 3595 4844 ascendistis
3627 4789 3682 4843 in
3733 4798 3989 4858 montem,

2341 4900 2473 4939 cum
2499 4880 2735 4945 diceret,
2761 4879 2867 4948 Ego
2889 4895 3010 4932 sum
3028 4879 3290 4934 Dominus
3315 4878 3451 4933 Deus
3474 4883 3629 4932 tuus:
3652 4883 3715 4932 ut
3760 4879 3985 4933 subau-

2342 4973 2538 5026 diatur
2587 4984 2720 5022 cum
2750 4967 2968 5022 diceret
3009 4966 3208 5038 utique
3265 4967 3568 5022 Dominus.
3629 4968 3772 5022 Cum
3821 4968 3984 5022 enim

2343 5062 2462 5116 haec
2492 5059 2665 5114 verba
2694 5057 2912 5111 diceret
2945 5057 3245 5127 Dominus,
3279 5074 3404 5127 qua:
3435 5060 3860 5125 consequenter
3915 5072 3982 5110 ex

2340 5148 2622 5218 Decalogo
2653 5151 2863 5201 cuncta
2881 5151 3321 5213 commemorat,
3353 5151 3492 5200 tunc
3513 5144 3710 5202 timuit
3736 5144 3990 5217 populus

2339 5257 2372 5295 a
2400 5238 2543 5294 facie
2575 5235 2750 5308 ignis,
2784 5241 2840 5288 et
2873 5252 2984 5290 non
3018 5236 3279 5290 ascendit
3309 5235 3364 5289 in
3398 5237 3679 5298 montem,
3709 5237 3766 5288 et
3819 5250 3986 5305 roga-

2338 5331 2512 5383 vitut
2545 5343 2644 5396 per
2690 5325 2923 5393 Moysen
2984 5324 3178 5393 potius
3238 5324 3410 5379 verba
3467 5321 3693 5378 Domini
3754 5323 3988 5378 audiret

2336 5417 2526 5488 (Exod.
2559 5432 2653 5481 xx,
2689 5415 2774 5479 18,
2810 5414 2919 5480 19.)

2406 5508 2538 5570 Quae
2570 5504 2743 5559 verba
2759 5503 2982 5574 Moyses
3014 5503 3506 5559 commemoratio
3529 5501 3983 5558 Deuteronomio

2335 5598 2491 5654 dicta
2507 5595 2616 5651 sibi
2641 5611 2674 5649 a
2704 5593 2938 5666 populo,
2961 5610 3093 5652 cum
3139 5594 3341 5650 audire
3363 5594 3487 5664 jam
3532 5591 3756 5648 nollent
3782 5608 3980 5648 vocem

2337 5686 2561 5752 Dei,sed
2598 5700 2698 5756 per
2717 5700 2850 5738 eum
2868 5683 3256 5754 peterentsibi
3271 5683 3380 5737 dici
3414 5698 3540 5754 qnze
3559 5679 3790 5738 dicebat
3805 5681 3978 5746 Deus;

2396 5788 2464 5850 (τι)
2483 5784 2678 5834 Confer
2706 5781 2869 5843 Epist.
2901 5784 2976 5841 92,
3012 5794 3066 5830 ιι.
3097 5786 3144 5841 5,
3175 5787 3232 5832 et
3251 5783 3358 5842 H7,
3386 5795 3437 5830 ιι.
3471 5782 3546 5829 36.
