4300 6356
307 311 434 370 757

310 458 504 498 sorum
530 444 769 501 salutem
797 448 1108 517 operamini
1139 447 1413 520 (Philipp.
1448 465 1508 514 ιι,
1540 450 1627 512 13,
1662 449 1748 520 12)
1773 453 1800 502 7
1827 449 1972 520 Ope-

312 539 483 588 ratur
510 550 647 606 ergo
679 533 798 603 ille,
823 552 1209 608 cooperamur
1230 555 1336 594 nos
1360 554 1372 594 :
1398 555 1511 594 non
1545 539 1700 594 enim
1761 541 1969 609 aufert,

313 623 422 678 sed
447 623 684 693 adjuvat
713 624 879 680 bona:
910 625 1227 682 voluntatis
1261 628 1593 684 arbitrium.

386 713 528 768 XVI.
563 713 905 785 [Ib.x,8,9.]
947 717 1007 771 In
1036 716 1133 772 illo
1154 721 1393 787 tempore
1412 718 1667 773 distinxit
1704 720 1973 774 Dominus

305 801 520 857 tribum
550 803 697 870 Levi,
729 811 951 874 portare
975 821 1164 861 arcam
1196 809 1511 862 testamenti
1534 809 1770 877 Domini,
1801 811 1970 863 assis-

301 898 425 946 tere
443 906 629 946 coram
657 893 910 958 Domino,
946 897 1296 964 ministrare,
1327 906 1380 951 et
1430 913 1590 952 orare
1645 899 1707 952 in
1749 899 1974 952 nomine

303 981 429 1052 ejus
457 997 626 1051 usque
655 982 715 1036 in
742 982 894 1039 hunc
921 984 1088 1039 diem.
1120 986 1352 1055 Pr0pter
1383 987 1480 1039 hoc
1511 1003 1621 1040 non
1651 991 1727 1042 est
1780 988 1975 1041 Levitis

304 1083 443 1138 pars
471 1074 521 1124 et
537 1085 654 1125 sors
682 1087 807 1126 cum
831 1073 1103 1143 [ratribus
1132 1076 1246 1129 suis
1276 1091 1296 1134 ,·
1351 1075 1617 1130 Dominus
1676 1077 1792 1146 ipse
1845 1092 1972 1147 pars

304 1159 429 1228 ejus
456 1168 553 1225 est,
583 1162 728 1216 sicut
757 1161 904 1217 dixit
933 1165 1004 1217 ei.
1041 1163 1164 1217 Nisi
1197 1180 1300 1234 per
1330 1163 1484 1219 banc
1517 1165 1738 1220 tribum
1790 1165 1973 1235 signi-

306 1247 588 1303 ﬁcaretur
620 1249 963 1306 universum
993 1252 1187 1323 regale
1220 1253 1636 1321 sacerdotium,
1684 1254 1835 1325 quod
1898 1253 1969 1308 ad

306 1335 537 1393 Novum
568 1338 822 1409 pertinet
851 1341 1318 1406 Testamentum,
1353 1341 1510 1396 nullo
1557 1343 1728 1397 modo
1787 1358 1970 1397 ausus

304 1430 471 1481 esset
491 1426 682 1483 dicere
703 1427 902 1498 homo,
935 1429 1036 1500 qui
1070 1446 1137 1484 ex
1169 1431 1372 1486 eadem
1435 1430 1588 1486 tribu
1649 1448 1761 1486 non
1821 1435 1967 1498 erat,

301 1517 449 1570 Pars
468 1533 587 1572 mea
619 1518 880 1573 Dominus
897 1519 1072 1589 (Psal.
1101 1537 1273 1587 LXXII,
1298 1521 1388 1586 26)
1409 1538 1422 1586 ;
1445 1526 1502 1576 et
1523 1520 1580 1575 in
1605 1520 1717 1576 alio
1740 1520 1968 1592 psalmo

305 1605 575 1661 Dominus
597 1623 729 1678 pars
757 1610 1094 1664 ntereditatis
1114 1625 1245 1664 meae
1279 1611 1449 1679 (Psal.
1483 1625 1572 1679 xv,
1603 1610 1679 1678 5).

379 1713 555 1768 XVII.
589 1713 694 1785 [lb.
725 1731 804 1784 x1,
835 1715 950 1785 20.]
983 1715 1131 1779 Quid
1153 1720 1242 1771 est
1263 1717 1418 1787 quod
1455 1717 1725 1787 praecepit
1741 1716 1966 1788 Moyses

298 1803 736 1858 commendans
767 1804 941 1860 verba
956 1805 1212 1873 Domini,
1231 1809 1285 1860 et
1310 1804 1410 1873 ait,
1435 1805 1694 1861 Scribetis
1712 1821 1776 1861 ea
1800 1821 1966 1875 super

304 1889 515 1947 limina
533 1891 819 1948 domorum
851 1899 1155 1949 vestrarum
1177 1899 1230 1950 et
1250 1897 1561 1965 junuarum
1610 1905 1958 1960 vestrarum;

300 1997 446 2036 cum
464 1980 570 2037 hoc
593 1983 915 2038 secundum
940 1983 1352 2055 proprietatem
1370 2001 1540 2040 nemo
1555 1986 1762 2040 fecisse
1784 1985 1962 2040 Israe-

291 2069 541 2126 litarum
574 2077 1084 2140 commemoretur,
1109 2073 1197 2128 vel
1221 2073 1484 2145 legatur;
1517 2075 1655 2146 quia
1670 2091 1775 2130 nec
1797 2074 1956 2146 quis-

286 2175 479 2230 quam
515 2165 721 2232 potest,
755 2161 868 2216 nisi
893 2164 1038 2216 forte
1065 2162 1285 2218 dividat
1310 2179 1376 2218 ea
1400 2179 1500 2234 per
1520 2164 1738 2220 multas
1764 2168 1957 2235 partes

281 2249 507 2304 domus
537 2265 655 2304 sua:
675 2249 702 2304 ‘I
733 2255 820 2304 An
853 2249 1231 2323 hyperbolice
1256 2253 1687 2308 commendatio
1719 2257 1833 2318 est,
1877 2252 1953 2308 si-

280 2342 390 2392 cut
421 2337 608 2394 multa
638 2339 919 2394 dicuntur
947 2340 974 2394 ?

356 2427 558 2482 XVIII.
595 2427 708 2498 [lb.
743 2444 844 2498 xu,
871 2430 983 2499 11.]
1007 2430 1395 2494 Quaerendum
1430 2432 1723 2503 quomodo
1748 2433 1953 2502 jubeat

270 2515 703 2573 decimationes
721 2519 987 2574 omnium
1020 2520 1321 2575 fructuum
1355 2526 1411 2575 et
1434 2521 1730 2592 primitiva
1777 2539 1915 2593 peco

272 2621 416 2660 rum
454 2622 567 2662 non
601 2608 969 2675 manducari,
995 2609 1108 2664 nisi
1141 2609 1199 2664 in
1231 2610 1469 2665 civitate
1519 2610 1617 2664 ubi
1660 2611 1946 2682 templum

268 2694 414 2760 erit,
451 2711 586 2750 cum
611 2710 709 2751 eas
743 2695 956 2752 Levitis
985 2697 1112 2753 dari
1145 2699 1200 2752 in
1242 2704 1382 2770 Lege
1410 2699 1765 2771 praeceperit.

351 2798 494 2855 XIX.
529 2799 638 2871 [lb.
673 2819 794 2872 xm,
834 2805 856 2857 1
892 2807 945 2858 et
973 2803 1054 2874 3.]
1081 2803 1139 2858 Si
1173 2813 1355 2860 autem
1385 2807 1629 2861 surrexit
1659 2807 1718 2860 in
1745 2809 1798 2862 te
1816 2824 1941 2878 pro-

269 2890 468 2962 pheta,
500 2906 596 2945 seu
627 2893 928 2948 somniator
954 2897 1258 2959 somnians,
1285 2901 1339 2949 et
1368 2894 1576 2950 dederit
1604 2896 1940 2967 tibisignum

272 2979 366 3035 vel
392 2979 732 3050 prodigium,
766 2990 816 3037 et
839 2985 1044 3038 venerit
1061 2985 1288 3052 signum
1311 2987 1424 3039 sive
1449 2985 1769 3056 prodigium
1800 2989 1940 3057 quod

265 3069 494 3124 locutus
523 3079 602 3125 est
631 3071 701 3125 ad
732 3071 1302 3139 te,dicens,Eamus,et
1319 3076 1625 3130 serviamus
1646 3075 1755 3132 diis
1777 3075 1935 3144 aliis,

267 3173 415 3230 quos
446 3161 670 3216 nescitis
695 3176 707 3215 :
740 3176 850 3216 non
879 3163 1118 3217 audietis
1146 3164 1308 3218 verba
1338 3168 1613 3236 prophetae
1644 3166 1817 3233 illius,
1849 3167 1936 3222 vel

256 3251 625 3304 somniamtis
655 3252 933 3305 somnium
967 3251 1115 3307 illud
1138 3269 1150 3319 ;
1185 3255 1445 3324 quoniam
1476 3259 1646 3310 tentat
1675 3256 1936 3311 Dominus

251 3339 412 3394 Deus
447 3343 618 3395 vester
647 3355 756 3408 vos,
803 3343 948 3396 scire
984 3358 1058 3396 an
1088 3341 1344 3411 diligatis
1400 3344 1695 3399 Dominum
1754 3350 1932 3400 Deum

249 3435 508 3484 vestrum
537 3442 607 3482 ea:
631 3431 738 3483 toto
767 3429 931 3485 corde
961 3434 1159 3497 vestro,
1195 3439 1246 3486 et
1274 3448 1344 3486 ex
1378 3441 1490 3488 tota
1517 3435 1707 3489 anima
1732 3443 1929 3489 vestra.

253 3518 382 3573 Hoc
410 3515 648 3588 quidam
686 3518 1036 3591 interpretes
1070 3519 1233 3574 latini
1269 3537 1382 3575 non
1442 3521 1524 3576 ita
1581 3528 1928 3595 posuerunt,

246 3606 399 3662 scire
430 3623 504 3660 an
533 3606 783 3675 diligatis
812 3625 830 3668 ;
865 3609 990 3676 sed,
1024 3615 1084 3664 ut
1117 3611 1297 3665 sciant
1328 3627 1398 3665 an
1431 3611 1932 3681 diligatis.0uam-

248 3697 352 3751 vis
382 3696 589 3752 eadem
623 3697 922 3752 sententia
973 3698 1277 3766 videatur;
1335 3707 1720 3756 verumtatem
1781 3701 1924 3756 illud

252 3784 422 3856 quod
459 3783 683 3839 dictum
715 3789 824 3854 est,
856 3788 1020 3856 scire,
1053 3786 1282 3842 facilius
1307 3788 1378 3842 ad
1402 3787 1532 3843 illos
1564 3791 1838 3856 refertur;
1863 3795 1928 3845 ut

243 3874 341 3930 sic
373 3873 758 3944 accipiamus,
789 3877 967 3931 tenlat
996 3891 1086 3931 vos
1116 3879 1280 3939 scire,
1306 3893 1372 3931 ac
1395 3877 1442 3932 si
1477 3879 1923 3936 diceretur.ten-

246 3963 444 4018 tando
473 3979 578 4017 vos
611 3963 746 4020 facit
777 3964 1058 4020 scire.Ubi
1092 3981 1233 4020 sane
1257 3965 1504 4037 intelligi
1530 3966 1921 4034 voluit,etiam

243 4053 361 4108 illa
388 4069 517 4124 quae
542 4068 575 4108 a
605 4052 1012 4110 divinantibus
1043 4071 1154 4110 non
1199 4056 1526 4110 secundum
1586 4056 1769 4111 Deum
1831 4058 1924 4112 di-

242 4147 494 4208 cuntur,
528 4141 578 4198 si
609 4141 928 4198 acciderint
961 4160 1088 4216 quas
1121 4144 1553 4214 dicuntur,non
1587 4146 1924 4216 accipienda

241 4231 363 4295 sic,
401 4235 468 4286 ut
499 4231 645 4286 (lant
675 4247 802 4302 quas
827 4232 1247 4305 praecipiuntur
1278 4233 1349 4288 ab
1380 4234 1486 4301 eis,
1521 4239 1621 4288 aut
1658 4235 1925 4290 colantur

241 4335 381 4393 quas
416 4319 691 4375 coluntur
715 4321 787 4377 ab
817 4321 921 4377 eis.
953 4322 1069 4377 Nec
1102 4325 1310 4392 praeter
1344 4339 1512 4378 suam
1573 4327 1919 4395 potestatem

241 4415 406 4465 Deus
453 4409 711 4465 ostendit
769 4426 898 4466 esse
956 4411 1110 4482 quod
1184 4412 1297 4466 ista
1354 4411 1759 4483 contingunt:
1821 4414 1919 4468 sed

241 4489 426 4562 quasi
462 4495 822 4560 quaereretur
844 4507 1030 4546 curea
1061 4492 1624 4561 permittat,causam
1651 4494 1920 4548 tentatio-

245 4580 350 4635 nis
382 4579 673 4650 exposuit,
702 4581 773 4634 ad
807 4581 1272 4652 cognoscendam
1302 4597 1502 4636 eorum
1528 4581 1919 4649 dilectionem,

246 4674 459 4725 utrum
493 4683 621 4723 eam
657 4667 914 4724 habeant
944 4686 1081 4742 erga
1116 4675 1293 4725 Deum
1328 4688 1538 4738 suum;
1573 4689 1922 4743 cognoscen-

247 4759 398 4814 dam
429 4773 566 4812 vero
599 4757 669 4812 ad
689 4757 834 4830 ipsis
866 4759 1084 4830 potius,
1115 4777 1291 4830 quam
1326 4759 1517 4816 abillo
1540 4761 1637 4833 qui
1670 4763 1920 4816 scitom-

246 4848 355 4902 nia
387 4849 706 4918 antequam
733 4847 898 4902 fiant.
1856 4920 1858 4922 ν

330 4936 451 4990 ΧΧ.
491 4935 594 5006 [lb.
625 4953 740 5004 XIV,
772 4939 866 5003 28,
898 4939 989 5004 29,
1013 4943 1070 4993 et
1095 4956 1183 4992 xv.
1217 4939 1289 5009 1.]
1324 4941 1450 4994 Post
1475 4943 1588 4994 tres
1609 4958 1781 4995 annos
1800 4959 1922 5010 pro-

242 5027 416 5081 duces
451 5041 664 5080 omnem
695 5027 961 5082 decimam
991 5032 1276 5097 fructuum
1300 5033 1546 5097 tuorum,
1574 5033 1631 5083 in
1666 5031 1760 5084 illo
1775 5048 1924 5084 anno

249 5130 434 5186 pones
455 5115 602 5170 illud
627 5117 688 5170 in
705 5117 1023 5171 civitatibus
1048 5121 1102 5171 tu
1114 5120 1235 5182 is,ct
1259 5134 1352 5170 ven
1363 5123 1434 5172 z'et
1455 5121 1798 5191 Levita,quia
1816 5137 1925 5175 non

242 5213 330 5261 est
362 5207 416 5260 ei
444 5221 574 5276 pars
603 5221 778 5278 neque
795 5222 911 5260 sors
932 5210 1134 5268 tecum;
1156 5207 1428 5261 etadvena
1445 5213 1498 5262 et
1507 5211 1759 5280 pupillus
1773 5214 1821 5264 et
1838 5210 1924 5265 vi-

248 5296 528 5365 dumque:
547 5296 606 5348 in
621 5295 934 5350 civitatibus
963 5299 1105 5357 tuis;
1122 5300 1176 5351 et
1196 5296 1691 5364 mantlucabunt,et
1705 5308 1924 5354 satura-

254 5387 508 5445 buntur;
535 5394 594 5438 ut
614 5385 893 5440 benedicat
910 5390 962 5441 te
991 5387 1256 5440 Dominus
1283 5386 1419 5440 Deus
1441 5390 1564 5440 tuus
1587 5389 1647 5441 in
1669 5389 1924 5443 omnibus

258 5475 525 5549 operibus
555 5476 664 5529 tuis
692 5490 1052 5546 quaecumque
1077 5476 1380 5546 feceris.Ex
1410 5474 1525 5530 ista
1556 5476 1780 5532 decima
1810 5495 1923 5533 non

270 5565 424 5621 dixit
456 5564 660 5635 utipse
677 5564 1135 5619 manducetcum
1158 5565 1303 5630 suis;
1328 5581 1393 5619 ac
1413 5581 1512 5635 per
1527 5564 1629 5620 hoc
1645 5565 1927 5622 Levitiset

273 5653 524 5711 advenis
547 5657 604 5709 et
634 5652 872 5725 pupillis
899 5658 955 5708 et
976 5652 1306 5708 viduiseam
1334 5654 1926 5726 jussitimpendi.Sed

272 5746 527 5804 obscure
558 5744 818 5817 positum
850 5746 958 5812 est,
989 5742 1125 5814 quia
1156 5760 1272 5799 non
1302 5747 1391 5800 est
1407 5743 1685 5801 distincta
1700 5745 1922 5804 istade-

1721 317 1950 377 LIBER
1993 314 2358 388 QUINTUS.

3621 319 3742 379 758

2087 450 2242 504 cima
2271 449 2342 504 ab
2377 447 2476 503 illa
2506 464 2683 519 quam
2714 448 2895 504 voluit
2927 466 3058 504 cum
3117 450 3330 506 Levitis
3377 449 3434 505 in
3493 467 3559 506 eo
3617 450 3741 506 loco

2087 539 2448 608 manducari,
2470 554 2643 608 quem
2678 539 2960 594 Dominus
2992 539 3269 610 elegisset
3315 539 3574 614 templo‘
3610 558 3738 596 suo.

2086 628 2197 682 Sed
2230 627 2288 681 in
2319 643 2388 683 ex
2419 627 3050 699 interpretatione,quaa
3082 634 3172 685 est
3198 646 3267 685 ex
3297 629 3546 698 bebrteo,
3571 647 3738 702 aper-

2085 716 2206 772 tius
2241 717 2346 772 hoc
2385 717 2732 772 distinctum
2785 717 3129 789 reperimus.
3191 719 3285 773 Ait
3333 719 3523 775 enim:
3584 719 3738 775 Anno

2081 807 2242 861 tertio
2268 807 2552 878 separabis
2583 807 2757 862 aliam
2781 806 3052 862 decimam
3075 825 3146 862 ex
3166 808 3420 863 omnibus
3451 824 3578 879 quae
3605 825 3736 864 nas-

2080 899 2288 950 cuntur
2320 896 2421 951 tibi
2448 912 2508 952 eo
2539 905 2804 966 tempore,
2822 899 2872 952 et
2901 913 3129 968 repones
3149 899 3301 951 intra
3328 897 3539 968 januas
3568 907 3736 960 tuas;

2083 985 2370 1054 venietque
2402 987 2630 1052 Levites,
2661 987 2756 1056 qui
2785 987 2960 1041 aliam
2987 1001 3097 1041 non
3153 986 3316 1041 habet
3372 995 3589 1057 partem
3636 1003 3738 1043 nec

2077 1077 2475 1144 possessionem
2505 1079 2765 1140 tecum,et
2783 1078 3110 1146 peregrinus
3137 1080 3187 1130 et
3215 1077 3463 1147 pupillus
3482 1085 3533 1131 et
3550 1076 3735 1145 vidua,

2081 1165 2180 1232 qui
2209 1163 2361 1218 intra
2384 1171 2584 1234 portas
2615 1173 2736 1219 tuas
2767 1169 2984 1231 sunt,et
3009 1165 3307 1235 comedent,
3330 1172 3382 1220 et
3397 1167 3736 1220 saturabun-

2082 1260 2207 1318 tur;
2236 1258 2297 1308 ut
2321 1253 2598 1315 benedicat
2627 1255 2728 1309 tibi
2763 1255 3026 1310 Dominus
3059 1257 3196 1310 Deus
3241 1257 3371 1309 tuus
3413 1257 3471 1310 in
3529 1257 3737 1311 cunctis

2079 1343 2340 1412 aperibus
2368 1360 2635 1398 manuum
2662 1347 2910 1413 tuarum,
2941 1361 3063 1414 qua
3102 1347 3320 1415 feceris.
3383 1344 3579 1403 Primo
3625 1343 3736 1400 hoc

2078 1429 2276 1500 ipsum
2312 1431 2545 1503 planius
2569 1437 2659 1486 est
2688 1433 2844 1503 quod
2869 1433 2968 1502 ait,
2992 1435 3146 1487 Anno
3175 1435 3364 1494 tertio;
3388 1431 3737 1505 intelligitur

2079 1520 2235 1575 enim
2269 1537 2383 1576 uno
2415 1538 2568 1577 anno
2602 1521 2978 1594 interposito:
3013 1523 3069 1577 in
3102 1522 3485 1594 Septuaginta
3513 1527 3732 1589 autem,

2077 1610 2380 1680 quoniam.
2416 1614 2542 1666 Post
2574 1615 2679 1666 tres
2711 1627 2894 1666 annos
2917 1611 3378 1681 dixit,incertum
3409 1615 3500 1667 est
3528 1615 3728 1666 utrum

2076 1714 2176 1754 eos
2199 1699 2423 1755 medios
2453 1715 2582 1756 esse
2613 1698 2883 1770 voluerit,
2922 1706 2988 1754 ut
3016 1700 3224 1771 quinto
3273 1716 3509 1772 quoque
3573 1717 3728 1756 anno

2074 1788 2258 1844 ﬂeret.
2291 1789 2510 1845 Deinde
2539 1806 2673 1844 cum
2708 1790 2809 1856 ait,
2833 1790 2896 1845 Et
2922 1790 3205 1862 separabis
3231 1792 3405 1845 aliam
3433 1789 3722 1854 decimam,

2073 1877 2220 1933 satis
2237 1879 2495 1934 ostendit
2521 1885 2683 1934 extra
2712 1895 2841 1934 esse
2870 1877 3034 1934 illam
3067 1895 3243 1950 quam
3265 1878 3445 1934 voluit
3476 1895 3610 1934 eum
3635 1879 3724 1951 ip-

2073 1983 2205 2022 sum
2237 1968 2337 2039 qui
2360 1969 2548 2032 otl‘ert,
2575 1968 2933 2024 manducare
2964 1985 3099 2024 cum
3132 1968 3259 2024 suis
3288 1973 3346 2024 et
3406 1969 3614 2023 Levitis
3662 1969 3722 2023 in

2069 2072 2136 2112 eo
2170 2056 2293 2112 loco
2321 2073 2492 2128 quem
2543 2057 2831 2114 Dominus
2883 2057 3178 2129 elegisset.
3241 2058 3307 2114 Et
3355 2058 3507 2113 banc
3563 2057 3721 2114 enim

2068 2145 2290 2201 aliama
2325 2146 2612 2202 decimam
2647 2147 2800 2202 intra
2841 2147 3058 2217 januas
3118 2164 3258 2203 suas
3315 2162 3448 2203 eum
3508 2163 3723 2218 ponere

2067 2236 2362 2308 pracepit,
2392 2253 2506 2290 non
2538 2237 2608 2290 ad
2642 2253 2777 2291 eum
2805 2235 2997 2291 locum
3029 2237 3273 2298 deferre,
3293 2236 3415 2304 ξυιιὶ
3442 2235 3721 2290 Dominus

2065 2341 2128 2381 se
2155 2324 2338 2381 voluit
2369 2325 2642 2380 invocari.
2668 2327 2735 2380 Bt
2762 2327 2964 2392 veniet,
2990 2324 3203 2396 inquit,
3234 2327 3463 2390 Levites,
3486 2326 3580 2396 qui
3609 2340 3720 2380 non

2064 2415 2227 2470 habet
2252 2419 2469 2486 partem
2492 2431 2593 2470 nec
2618 2416 3014 2486 possessionem
3043 2423 3242 2480 tecum,
3287 2419 3336 2469 et
3390 2415 3718 2485 peregrinus

2062 2513 2112 2559 et
2137 2505 2387 2576 pupillus
2416 2509 2466 2559 et
2499 2503 2685 2571 vidua,
2719 2505 2816 2574 qui
2846 2506 2998 2560 intra
3024 2512 3212 2575 portas
3245 2513 3367 2558 tuas
3395 2507 3606 2572 sunt,et
3626 2518 3718 2558 co-

2059 2594 2298 2649 medent.
2335 2594 2480 2648 Hinc
2511 2599 2666 2649 certe
2685 2593 2995 2649 manifeste
3018 2609 3217 2648 verum
3247 2598 3356 2659 est,
3391 2610 3505 2648 non
3538 2593 3713 2648 istam

2059 2682 2346 2738 decimam
2384 2684 2560 2738 Deum
2596 2683 2720 2738 fieri
2745 2681 2999 2738 voluisse
3026 2698 3399 2737 communem
3423 2682 3474 2737 ei
3497 2682 3597 2752 qui
3628 2682 3712 2738 of-

2054 2773 2188 2837 fert,
2221 2778 2276 2826 et
2310 2772 2400 2827 bis
2431 2772 2650 2842 quibus
2678 2771 3078 2842 impendenda
3115 2775 3204 2826 est
3239 2787 3253 2826 :
3285 2771 3384 2825 sed
3421 2770 3540 2827 illis
3571 2771 3713 2827 solis

2053 2861 2278 2932 erogari
2302 2878 2429 2917 eam
2454 2859 2657 2932 jussit,
2694 2861 2795 2931 qui
2827 2859 2986 2914 aliud
3010 2877 3125 2914 non
3158 2860 3462 2926 haberent,
3493 2860 3552 2914 in
3585 2860 3711 2930 qui-

2050 2951 2160 3006 bus
2191 2950 2478 3022 prascipue
2512 2951 2760 3005 Levitem
2788 2950 3002 3020 posuit.
3035 2950 3161 3005 Post
3189 2958 3391 3020 septem
3422 2965 3596 3004 annos
3620 2952 3712 3020 fa-

2048 3043 2156 3096 cies
2183 3039 2698 3096 remissionemJlic
2739 3044 2894 3094 certe
2928 3038 3362 3103 manifestatur,
3410 3038 3706 3108 quomodo

2045 3139 2098 3185 el
2129 3130 2402 3200 superius
2431 3128 2661 3195 dixerit,
2697 3131 2818 3183 Post
2847 3137 2956 3184 tres
2987 3143 3181 3182 annos.
3245 3131 3370 3182 Non
3430 3126 3584 3182 enim
3640 3130 3708 3182 et

2045 3219 2154 3274 hos
2175 3223 2398 3291 septem
2423 3234 2608 3273 annos
2643 3218 2867 3273 medios
2893 3233 3023 3272 esse
3059 3215 3240 3272 voluit
3270 3233 3283 3270 :
3347 3231 3705 3286 unoquoque

2046 3327 2198 3366 anno
2230 3326 2358 3365 eam
2394 3309 2517 3365 ﬁeri
2580 3307 2873 3380 praecepit,
2931 3311 3213 3378 tanquam
3265 3305 3697 3362 sabbatismum

2045 3417 2359 3455 annorum.

2115 3489 2373 3559 XXI.[Ib.
2399 3505 2492 3556 xv,
2524 3487 2603 3558 9.]
2627 3486 2854 3542 Attende
2875 3486 2976 3542 tibi
2999 3487 3125 3557 ipsi,
3147 3485 3330 3556 neﬁat
3358 3485 3582 3540 verbum
3610 3500 3697 3539 oc-

2039 3580 2327 3634 cultumin
2359 3578 2528 3636 corde
2557 3587 2647 3633 tuo
2679 3575 3487 3647 iniquitas,dicens,Appropiat
3514 3590 3700 3629 annus

2037 3670 2320 3740 septimus,
2352 3684 2530 3723 annus
2549 3667 2889 3722 remissionis
2907 3682 2926 3726 ;
2941 3674 2992 3721 et
3010 3664 3356 3734 malignetur
3371 3665 3700 3719 oculustuus

2039 3760 2095 3813 in
2109 3760 2340 3828 fratrem
2355 3759 2513 3810 tuum
2528 3772 2782 3826 egenum,
2805 3759 2855 3809 et
2869 3770 2979 3809 non
2996 3755 3216 3809 tribuas
3234 3754 3286 3808 ei
3305 3771 3322 3806 :
3340 3759 3394 3808 et
3406 3755 3694 3808 exclama-

2038 3847 2115 3902 bit
2143 3846 2434 3901 adversum
2463 3853 2513 3900 te
2540 3843 2610 3898 ad
2640 3845 2954 3912 Dominum,
3002 3851 3052 3898 et
3077 3844 3188 3898 erit
3218 3843 3277 3896 in
3332 3849 3384 3896 te
3411 3846 3696 3912 peccatum

2031 3936 2621 4009 magnum.MagniIice
2641 3935 2936 3990 occultum
2957 3934 3192 3989 verbum
3214 3933 3323 3988 hoc
3343 3931 3490 3988 dixit
3510 3949 3523 3999 ;
3540 3948 3689 4004 quo-

2035 4028 2192 4083 niam
2220 4043 2388 4082 nemo
2415 4025 2712 4080 audetboc
2768 4024 2959 4078 dicere
3001 4023 3099 4095 qui
3137 4023 3393 4095 potuerit
3419 4021 3698 4092 cogitare»

2032 4116 2161 4173 ideo
2194 4132 2308 4170 non
2341 4131 2470 4171 esse
2501 4118 2774 4168 mutuum
2808 4114 3065 4169 dandum
3099 4111 3688 4183 indigenti,quoniam

2033 4204 2466 4278 appropinquat
2497 4219 2687 4259 annus
2721 4202 3250 4269 remissionis,eum
3272 4207 3421 4256 Dens
3452 4204 3694 4272 propter

2034 4294 2498 4352 misericordiam
2533 4299 2852 4364 utrumque
2871 4291 3309 4364 prazceperitﬁet
3328 4288 3690 4345 commodari

2033 4403 2166 4441 cum
2200 4385 2451 4456 quisque
2473 4383 2716 4454 indiget,
2752 4387 2809 4438 et
2838 4380 3057 4436 remitti
3107 4397 3260 4435 anno
3298 4378 3686 4435 remissionis.

2031 4475 2333 4537 Quomodo
2345 4489 2481 4544 ergo
2497 4469 2946 4527 misericorditer
2959 4469 3313 4525 remissurus
3327 4467 3526 4524 estillo
3538 4483 3694 4523 anno

2031 4581 2148 4636 quo
2179 4562 2596 4620 remittendum
2630 4567 2737 4628 est,
2772 4559 2820 4614 si
2852 4558 3170 4614 crudeliter
3187 4557 3683 4628 cogitatillotem-

2033 4671 2169 4727 pore
2191 4645 2448 4708 dandum
2477 4668 2590 4706 non
2621 4665 2750 4705 esse
2770 4666 2885 4720 quo
2918 4650 3175 4703 dandum
3209 4649 3341 4702 est?

2100 4760 2242 4816 XXII
2281 4760 2382 4826 [lb.
2411 4775 2500 4824 xv,
2540 4757 2650 4828 12.]
2675 4757 2738 4812 Si
2766 4761 2953 4811 autem
2980 4754 3362 4810 venumdatus
3379 4756 3555 4824 fuerit
3583 4753 3692 4808 tibi

2031 4854 2208 4922 frater
2227 4858 2354 4904 tuus
2375 4848 2640 4903 llebrzeus
2657 4856 2753 4902 aut
2773 4846 3019 4910 Hebraea,
3042 4843 3240 4899 serviet
3263 4844 3367 4898 tibi
3380 4858 3480 4897 sev
3502 4843 3690 4909 annis,

2033 4951 2082 4997 et
2112 4942 2339 5011 septimo
2367 4937 2608 4993 dimittes
2631 4953 2751 4991 eum
2779 4936 3010 4990 liberum
3029 4952 3061 4988 a
3089 4939 3161 4987 te.
3189 4931 3305 4988 Hos
3325 4937 3553 5002 emptos
3574 4947 3686 4985 non

2034 5048 2186 5085 anno
2209 5027 2573 5083 remissionis
2605 5024 2820 5080 remitti
2881 5023 3086 5087 voluit,
3137 5036 3313 5092 quem
3367 5019 3684 5090 septimum

2034 5135 2327 5191 quemque
2347 5115 2639 5172 observari
2663 5116 2969 5186 oportebat
2989 5113 3061 5167 ab
3075 5111 3352 5167 omnibus
3379 5129 3391 5176 ;
3418 5110 3514 5164 sed
3535 5125 3688 5164 anno

2035 5208 2287 5280 septimo
2317 5205 2633 5277 emptionis
2660 5205 3254 5274 ejus,quotocumque
3275 5215 3427 5255 anno
3451 5197 3687 5253 illorum

2036 5298 2326 5369 septimus
2355 5296 2465 5350 iste
2495 5311 2686 5350 annus
2717 5296 3064 5347 occurreret.

2109 5385 2300 5441 XXIII.
2321 5389 2331 5456 ἶ
2349 5387 2428 5439 Ib.
2445 5402 2535 5454 xv,
2558 5385 2664 5450 19.]
2689 5381 3304 5452 Omneprimogenitum
3325 5378 3473 5449 quod
3493 5381 3691 5432 natum

2107 5629 2277 5678 ¹Εάίιὶ
2296 5631 2348 5676 et
2375 5627 2483 5676 duo
2516 5627 2659 5683 Msa,
2694 5628 2937 5686 tempore.
2967 5623 3150 5672 Ceteri
3182 5623 3324 5680 Mss.,
3354 5619 3560 5684 templo.

2101 5692 2126 5726 9
2161 5694 2272 5741 Am.
2308 5692 2388 5740 Er.
2423 5695 2473 5739 et
2500 5691 2643 5747 μοι,
2674 5691 2722 5736 et
2753 5684 2931 5737 aliam.
2963 5686 3126 5736 Abest
3158 5685 3467 5748 conjunctio
3499 5698 3531 5734 δ
3559 5684 3685 5734 Mss.

2039 5759 2092 5806 et
2120 5756 2188 5804 ab
2217 5754 2452 5804 editione
2484 5751 2874 5816 Ratisponeusi.
