4300 6336
627 286 743 347 759

627 418 802 487 fuerit
833 417 892 470 in
907 416 1070 470 bobus
1084 416 1271 485 tuis,et
1286 416 1341 469 in
1358 416 1543 471 ovibus
1555 419 2047 488 tuis,mascutina‘
2070 425 2277 474 sancti-

627 506 818 574 ﬁcabis
832 506 1058 560 Dommo
1073 505 1176 560 Deo
1198 506 1701 569 tuo.Quarendum
1728 513 1926 564 utrum
1958 524 2281 579 quagrace

634 594 910 650 dicuntur
938 592 1280 665 πρωτότοκα,
1309 610 1411 649 nec
1431 594 1613 650 latine
1645 596 1886 651 dicinisi
1919 600 2283 668 primoyenita

632 686 970 756 potuerunt,
1004 682 1058 735 in
1092 682 1183 737 his
1215 683 1836 756 tantumintelligenda
1861 686 1999 752 sint,
2022 704 2147 758 qua
2182 704 2280 741 na-

632 779 881 829 scuntur
912 788 980 825 ex
1004 772 1291 826 matribus
1318 788 1329 826 :
1367 773 1495 843 ipsa
1525 774 1679 827 enim
1717 774 1945 847 preprie
1977 776 2285 846 pariuntur

633 862 828 935 potius
862 877 1034 932 quam
1066 862 1410 931 gignuntur.
1446 866 1653 918 Parere
1684 864 1902 936 quippe
1935 870 2024 920 est
2060 864 2281 935 τίκτειν,

633 951 783 1024 quod
816 954 905 1006 est
936 967 1003 1005 ex
1038 949 1273 1021 femina,
1321 951 1473 1005 unde
1522 949 1857 1023 πρωτότοκον
1906 954 2157 1009 dicitur:
2191 954 2281 1025 gi-

631 1056 807 1113 gnere
838 1043 1033 1095 autem
1065 1043 1155 1095 est
1182 1042 1381 1112 γεννᾷν,
1416 1042 1569 1096 unde
1603 1043 1831 1113 proprie
1851 1042 2045 1098 Latine
2066 1045 2281 1115 primo-

630 1130 860 1201 genitus
892 1129 1126 1183 dicitur.
1163 1128 1237 1183 Ex
1275 1129 1509 1184 feminis
1537 1135 1733 1184 autem
1754 1130 2047 1186 dabantur
2078 1132 2283 1202 primi-

629 1219 766 1287 tiva,
792 1219 851 1273 id
881 1224 971 1273 est
1004 1234 1132 1288 qua
1166 1218 1356 1289 prima
1388 1218 1790 1289 pariebantur,
1812 1238 1926 1276 non
1946 1238 2071 1292 qua
2096 1221 2285 1292 prima

630 1308 1025 1381 gignebantur
1054 1324 1089 1361 a
1109 1306 1268 1370 viris.
1306 1306 1355 1360 si
1387 1307 1530 1363 forte
1560 1325 1630 1363 ex
1658 1309 1850 1365 viduis
1878 1327 2002 1379 qua
2025 1311 2152 1381 jam
2184 1327 2282 1381 pe-

631 1401 903 1469 pererant
934 1396 1336 1468 gignerentur.
1372 1396 1498 1452 Non
1524 1398 1678 1452 enim
1714 1397 1882 1453 aliter
1912 1404 2109 1455 essent
2156 1416 2282 1470 qua

632 1484 926 1557 aperirent
954 1484 1210 1551 vulvam,
1248 1486 1401 1556 quod
1438 1486 1737 1557 proprium
1771 1488 1955 1543 voluit
2002 1506 2129 1545 esse
2174 1489 2285 1544 Lex

632 1591 836 1631 eorum
868 1592 994 1646 qua
1017 1574 1206 1646 primo
1231 1580 1365 1631 nata
1385 1574 1631 1631 Domino
1650 1577 2036 1634 debebantur.
2058 1580 2116 1634 Si
2147 1596 2282 1651 ergo

633 1668 721 1720 est
751 1664 809 1718 in
827 1664 918 1720 his
948 1664 1138 1719 verbis
1161 1668 1320 1719 certa
1350 1664 1671 1733 distinctio,
1699 1683 1813 1722 non
1848 1668 2064 1724 frustra
2085 1669 2281 1723 Domi-

634 1770 747 1809 nus
780 1768 895 1807 non
927 1752 1364 1808 dicituraPatre
1396 1752 1714 1826 μονότοκος,
1749 1757 1848 1811 sed
1894 1758 2281 1830 μονογενὴς,ίά

631 1846 719 1899 est
752 1841 1111 1913 unigenitus,
1144 1842 1299 1913 quod
1322 1847 1411 1897 est
1442 1844 1687 1900 unicus:
1720 1863 1754 1899 a
1803 1850 2037 1902 mortuis
2084 1852 2280 1904 autem

626 1933 1034 2003 primogenitus
1065 1930 1303 2002 quidem
1326 1930 1504 1989 latine
1535 1935 1910 2007 dieitur,quia
1946 1954 2063 1993 non
2095 1939 2284 2008 potuit

630 2020 883 2077 latinum
909 2021 1149 2076 verbum
1185 2020 1266 2077 ita
1323 2023 1593 2092 componi
1626 2026 1950 2081 secundum
2002 2027 2279 2098 loquendi

629 2110 1117 2166 consuetudinem
1145 2129 1157 2177 ;
1190 2127 1372 2182 grace
1404 2117 1600 2168 autem
1632 2108 1983 2187 πρωτότοκος
2042 2117 2276 2183 dicitur,

630 2215 743 2253 non
774 2198 1123 2272 πρωτογενής
1149 2216 1162 2254 :
1200 2205 1476 2271 tanquam
1504 2203 1671 2257 Pater
1690 2206 1959 2273 genuerit
1990 2206 2276 2276 aqualem

627 2286 761 2357 sibi,
786 2292 1053 2344 creatura
1081 2305 1213 2343 vero
1246 2290 1549 2360 pepererit.
1584 2292 1729 2346 Nam
1762 2298 1817 2347 et
1857 2295 2011 2364 quod
2064 2296 2279 2351 dicitur

622 2378 1020 2447 primogenitus
1040 2379 1216 2433 omnis
1237 2382 1547 2449 creatura(
1574 2381 1779 2436 Coloss.
1813 2400 1850 2447 1,
1888 2384 2095 2455 48-15),
2120 2388 2272 2455 quod

625 2465 704 2519 ibi
738 2464 1070 2536 πρωτότοκος
1102 2482 1281 2536 grace
1304 2467 1538 2538 legitur,
1572 2475 1761 2539 potest
1789 2470 1871 2525 ita
1896 2472 2139 2544 intelligi
2186 2493 2275 2530 se-

626 2554 886 2608 cundum
923 2572 1131 2608 novam
1166 2560 1519 2623 creaturam,
1551 2558 1621 2611 de
1640 2560 2271 2632 quadicitApostolus,

625 2643 686 2697 Si
716 2659 823 2713 qua
852 2645 1032 2712 igitur
1064 2646 1123 2697 in
1155 2643 1369 2699 Christo
1398 2662 1537 2700 rora
1565 2651 1903 2721 creatura(ll
1937 2651 2059 2706 Cor.
2081 2654 2232 2723 v,l7)
2258 2671 2269 2707 :

624 2748 692 2787 ex
724 2748 841 2802 qua
870 2730 965 2786 ille
996 2732 1327 2803 primitivus
1359 2739 1467 2800 est,
1498 2736 1637 2806 quia
1670 2738 1943 2807 primitus
1974 2739 2055 2795 ita
2073 2758 2270 2797 resur-

626 2820 793 2890 rexit,
827 2822 1038 2892 utjam
1073 2839 1187 2877 non
1223 2825 1523 2891 moriatur,
1560 2842 1663 2881 nec
1695 2828 1742 2881 ei
1780 2843 1937 2883 mors
1970 2829 2121 2885 ultra
2170 2833 2271 2887 do-

627 2909 886 2965 minetur
918 2912 1087 2979 (Rom.
1123 2928 1197 2978 v1,
1232 2912 1319 2982 9);
1354 2914 1509 2984 quod
1543 2932 1699 2969 novae
1732 2922 2030 2985 creatura,
2064 2921 2269 2990 quain

627 2998 727 3054 illo
760 3005 873 3067 est,
906 3000 1169 3056 futurum
1187 3003 1619 3072 promittiturin
1643 3006 1777 3060 fine.
1800 3008 1906 3061 Sed
1936 3009 2270 3065 istadistin-

621 3088 732 3144 ctio
767 3106 883 3144 non
912 3093 1127 3145 temere
1154 3091 1523 3157 affirmanda,
1555 3094 1657 3148 sed
1690 3094 1746 3149 in
1780 3097 2097 3167 Seripturis
2145 3100 2270 3155 dili-

619 3178 851 3248 gentius
882 3180 1305 3249 perscrutanda
1334 3185 1441 3235 est.
1478 3181 1667 3237 Movet
1698 3182 1853 3238 enim
1886 3190 2267 3255 quemadmo-

619 3267 759 3322 dum
793 3266 905 3322 diei
942 3267 1130 3337 potuit
1162 3268 1217 3322 in
1256 3269 1595 3335 Proverbiis,
1631 3274 2021 3343 Primogenite,
2054 3277 2158 3333 tibi
2178 3280 2268 3333 di-

619 3369 702 3421 co,
735 3355 823 3423 ﬁli
851 3355 1029 3426 (Apud
1051 3356 1207 3426 LXX,
1244 3362 1400 3413 Prov.
1433 3376 1586 3428 xxxv,
1618 3361 1702 3414 vel
1732 3362 1886 3433 xxxx)
1913 3388 1927 3431 ;
1950 3364 2006 3418 id
2045 3371 2153 3431 est,
2202 3382 2271 3422 ex

619 3443 791 3512 cujus
822 3460 1073 3515 persona
1103 3444 1327 3502 dictum
1348 3446 1729 3519 intelligatur.
1758 3450 1819 3506 Si
1851 3452 2009 3508 enim
2052 3471 2121 3509 ex
2167 3456 2268 3511 Dei

620 3532 810 3587 Patris
834 3548 1083 3603 persona
1113 3536 1184 3590 ad
1218 3535 1517 3591 Christum
1549 3538 1763 3594 dicitur
1800 3542 1915 3608 (cui
1968 3546 2268 3601 sententia

620 3625 818 3676 utrum
851 3624 1158 3693 sequentia
1187 3632 1509 3682 consonent
1539 3627 1630 3682 vix
1658 3634 1749 3685 est
1778 3636 2081 3702 asserere),
2108 3652 2268 3690 eum-

622 3711 752 3765 dem
785 3712 924 3767 dicit
955 3712 1409 3785 primogenitum
1428 3731 1601 3786 quem
1628 3718 2028 3791 unigenitum:
2052 3724 2267 3795 primo-

619 3801 907 3872 genitum,
935 3802 1073 3873 quia
1103 3802 1279 3857 etiam
1312 3820 1417 3859 nos
1450 3804 1553 3859 lilii
1588 3805 1688 3861 Dei
1721 3824 1966 3877 sumus;
2001 3813 2265 3885 unigeni-

618 3893 746 3943 tum
776 3906 930 3957 vero,
959 3890 1237 3961 quoniam
1270 3890 1433 3948 solus
1464 3892 1561 3949 ille
1596 3896 1666 3950 de
1698 3898 2029 3955 substantia
2078 3904 2266 3960 Patris

618 3980 687 4032 et
701 3977 853 4033 Patri
885 3977 1128 4049 aqualis
1153 3984 1327 4050 atque
1356 3986 1801 4039 coaternusest.
1825 3986 2036 4043 Mirum
2061 3996 2265 4046 estau-

615 4072 731 4122 tem
757 4072 958 4121 utrum
990 4067 1142 4124 inter
1190 4084 1391 4139 parere
1422 4074 1478 4124 et
1532 4071 1768 4143 gignere
1809 4074 2265 4138 evidentissimis

614 4155 983 4212 documentis
1012 4173 1177 4213 sacra
1207 4158 1510 4229 Scriptura
1539 4160 1885 4233 distinguat.

687 4246 879 4301 XXIV.
915 4244 1021 4314 (Ib.
1056 4262 1169 4313 xvr,
1201 4246 1280 4315 2.]
1314 4248 1377 4301 Et
1408 4248 1729 4304 immolabis
1778 4251 1995 4307 Pascha
2042 4255 2265 4314 Domino

615 4336 716 4390 Deo
741 4339 983 4401 tuo,oves
1015 4339 1067 4389 et
1100 4334 1271 4390 boves.
1299 4336 1443 4401 Quid
1478 4337 1589 4392 sibi
1612 4338 1739 4393 vult
1764 4339 2061 4414 hoc,quod
2097 4346 2261 4400 addi—

614 4423 717 4492 dit,
753 4423 949 4485 boves;
981 4440 1113 4479 cum
1148 4426 1611 4482 immolationem
1645 4428 1877 4485 Pascha
1908 4431 1977 4486 de
2000 4450 2102 4489 ove
2135 4440 2262 4491 tan-

612 4513 919 4567 tummodo
943 4515 2037 4593 commendaverit,quamjussitaccipi
2054 4541 2120 4578 ex
2146 4526 2259 4580 ori-

615 4602 726 4655 bus
748 4606 803 4656 et
822 4601 1003 4656 haedis
1026 4602 1111 4657 vel
1144 4620 1212 4657 ex
1243 4606 1436 4676 capris
1457 4606 1484 4659 ?
1515 4608 1666 4675 quod
1702 4609 1943 4679 mystice
1970 4609 2262 4683 accipitur

615 4694 851 4763 propter
879 4690 1199 4756 Christum,
1225 4695 1394 4765 cujus
1427 4712 1495 4751 ex
1528 4696 1710 4768 justis
1758 4702 1819 4753 et
1858 4702 2259 4769 peccatoribus

614 4784 704 4836 est
733 4781 895 4853 origo
922 4781 1191 4837 carnalis.
1225 4782 1344 4839 Non
1381 4784 1537 4840 enim
1570 4785 1672 4855 ait,
1706 4790 1783 4842 Ex
1810 4788 2012 4845 ovibus
2036 4796 2135 4846 aut
2164 4810 2257 4849 ca-

612 4870 755 4941 pris,
780 4869 913 4926 licet
936 4871 1165 4943 preprie
1189 4890 1299 4927 non
1327 4874 1512 4944 possit
1534 4874 1778 4947 intelligi
1797 4878 1919 4933 ovis
1944 4896 2010 4934 ex
2024 4882 2255 4953 capris:

610 4961 711 5016 sed
745 4977 816 5016 ne
848 4960 991 5019 forte
1022 4962 1201 5017 Judaei
1226 4962 1485 5025 dicerent
1516 4965 1987 5025 subaudiendum
2013 4988 2254 5043 caprum

608 5049 657 5103 si
684 5049 905 5105 dictum
938 5055 1110 5118 esset,
1142 5053 1257 5105 Aut
1286 5068 1353 5115 ex
1386 5054 1613 5124 capris:
1650 5056 1870 5113 dictum
1894 5063 2003 5126 est,
2036 5078 2106 5115 ex
2145 5066 2237 5117 ovi

608 5140 702 5192 bus
731 5148 781 5193 et
808 5140 989 5210 capris
1019 5141 1224 5207 (EJIML
1250 5158 1349 5205 xu,
1372 5142 1447 5211 5).
1475 5143 1625 5207 Quid
1644 5162 1781 5217 ergo
1796 5146 1888 5202 hic
1912 5148 2023 5203 sibi
2055 5150 2256 5205 volunt

605 5228 825 5283 boves?
860 5234 939 5283 An
975 5234 1211 5300 propter
1249 5228 1363 5284 alia
1395 5232 1683 5289 sacrificia
1717 5253 1843 5307 qua
1883 5237 2025 5308 ipsis
2045 5239 2253 5296 diebus

604 5335 937 5388 azymorum
972 5321 1112 5372 sunt
1141 5318 1504 5382 immolanda
1519 5322 1545 5375 (Ι

674 5405 853 5475 XXV.(
870 5406 1071 5470 lb.xv1,
1088 5406 1183 5458 9—1
1200 5406 1217 5457 l
1234 5408 1271 5475 .j
1295 5410 1680 5471 Quarendum
1715 5415 2007 5481 quomodo
2041 5433 2247 5485 prace-

606 5494 754 5564 perit
784 5493 1078 5548 observari
1111 5494 1262 5563 quod
1297 5494 1375 5548 ait
1400 5496 1645 5564 :Septcm
1671 5504 2014 5570 septimanos
2035 5506 2252 5573 integra

603 5582 979 5635 dinunwrabis
1002 5580 1103 5634 tibi
1114 5582 1519 5650 ipsi,inchoare
1542 5591 1590 5641 te
1601 5588 1800 5656 falcem
1817 5591 2045 5660 injicere
2064 5592 2121 5645 in
2135 5608 2249 5647 mes

677 5684 686 5711 '
715 5677 870 5735 Editi,
904 5676 1205 5727 masculum.
1238 5681 1429 5730 EtMss.
1468 5696 1585 5732 cum
1606 5699 1798 5747 graco,
1821 5687 2125 5751 masculina.

1364 283 1900 355 OU/ESTIONUM
1951 287 2014 348 S.
2060 284 2486 353 AUGUSTINI
2530 285 2609 346 IN
2653 284 3299 347 HEPTATEUCHUM
3933 284 4020 345 τω

2392 433 2541 472 sem:
2574 419 2806 488 incipies
2835 433 3129 473 numrare
3158 420 3363 488 septem
3382 417 3751 488 septimanas,
3784 421 3837 471 et
3880 417 4018 484 [acies

2388 507 2532 561 diem
2560 510 2760 576 festum
2788 508 3225 578 septimanarum
3255 508 3487 562 Domino
3515 511 3627 569 Deo
3639 516 3765 575 tuo,
3774 511 3932 578 prout
3958 525 4023 562 ra-

2390 596 2464 650 let
2490 614 2688 651 manus
2717 600 2835 661 tua,
2864 612 3218 667 quacumque
3240 598 3505 652 Dominus
3532 598 3642 651 tibi
3683 596 3918 662 dederit,
3960 614 4020 651 st-

2388 686 2627 740 cundum
2658 686 2799 756 quod
2832 686 3110 742 benedicet
3139 691 3191 741 te
3219 687 3480 745 Dominus
3503 687 3643 741 Deus
3658 690 3829 753 tuus;
3853 694 3901 741 et
3923 702 4023 757 epu-

2392 772 2595 828 laberis
2625 778 2751 828 ante
2783 776 3081 828 Dominum
3109 775 3279 829 Deum
3310 782 3481 829 tuum.
3513 774 3572 828 Si
3602 774 3772 829 enim
3806 774 3880 828 ab
3925 792 4024 827 αω-

2391 878 2554 917 verso
2587 862 2799 932 populo
2833 862 2952 917 hac
2986 868 3320 933 pentecoste
3351 863 3525 933 jussa
3579 868 3674 919 est
3736 864 4025 931 observari,

2392 952 2682 1021 numquid
2714 968 2919 1007 omnes
2962 952 3185 1007 unodie
3214 952 3907 1011 eredendumestfaleam
3930 955 4026 1022 jus-

2392 1056 2487 1094 ses
2521 1039 2753 1094 mittere
2784 1039 2843 1094 in
2871 1056 3123 1095 messem
3148 1039 3174 1093 Ἰ
3202 1040 3257 1094 Si
3291 1045 3487 1095 autem
3523 1040 3635 1096 sibi
3668 1040 3921 1111 quisque
3950 1041 4025 1095 ob-

2391 1133 2582 1184 servat
2612 1130 2784 1184 istam
2819 1129 3394 1201 quinquagesimam,
3425 1129 3824 1185 dinumerans
3855 1130 3924 1185 ab
3953 1130 4024 1185 illo

2390 1218 2483 1273 die
2514 1236 2628 1289 quo
2648 1218 2852 1276 falcem
2878 1220 3062 1274 mittit
3085 1236 3233 1275 :non
3263 1236 3379 1275 uua
3400 1225 3489 1275 est
3505 1219 3789 1275 universo
3815 1219 4023 1291 populo:

2390 1308 2491 1363 illa
2521 1325 2653 1364 vero
2695 1326 2810 1364 una
2841 1314 2931 1363 est
2962 1326 3087 1379 qua
3121 1313 3497 1380 computatur
3531 1309 3604 1363 ab
3646 1308 4027 1365 immolatione

2395 1397 2622 1459 Pascha
2658 1415 2843 1469 usque
2874 1398 2931 1452 in
2958 1396 3111 1453 diem
3144 1399 3290 1453 data
3323 1398 3488 1469 Legis
3520 1398 3580 1453 in
3611 1399 3786 1453 Sina.

2461 1486 2650 1542 XXVI.
2686 1488 2792 1556 [1b.
2828 1503 2963 1552 xvu,
2983 1489 3045 1541 14
3058 1492 3108 1543 et
3130 1489 3243 1558 15.]
3259 1488 4026 1543 Siautemintraverisinter-

2390 1593 2517 1631 ram
2546 1594 2711 1647 quam
2738 1579 2998 1632 Dominus
3012 1578 3290 1633 Deustuus
3311 1577 3406 1632 dat
3418 1578 3525 1632 tibi
3537 1578 3598 1632 in
3608 1582 3791 1645 sorte,
3814 1586 3867 1633 et
3880 1576 4026 1634 hare-

2391 1665 2663 1725 ditareris
2694 1682 2835 1733 eam,
2869 1672 2921 1721 et
2948 1667 3297 1729 habitaverit
3328 1668 3390 1723 in
3420 1682 3503 1732 ea,
3533 1672 3587 1721 et
3614 1666 3793 1737 dices,
3843 1666 4025 1723 Consti-

2390 1760 2545 1811 tuam
2573 1771 2737 1826 super
2765 1772 2850 1811 me
2878 1756 3175 1826 principes,
3206 1758 3346 1812 sicut
3376 1763 3427 1811 et
3454 1759 3669 1817 catenae
3700 1764 3891 1825 gentes
3927 1771 4027 1827 qua

2388 1847 2537 1899 circa
2566 1861 2651 1901 me
2680 1853 2842 1907 sunt;
2871 1844 3255 1900 constituendo
3284 1847 3579 1903 constitues
3607 1862 3784 1917 super
3810 1850 3863 1902 te
3891 1848 4024 1916 pria-

2386 1938 2580 2005 cipem,
2612 1950 2770 2005 quem
2798 1935 3029 2007 elegerit
3060 1936 3320 1991 Dominus
3352 1935 3489 1990 Deus
3536 1944 3656 1991 tuus
3711 1938 3924 2007 ipsum:
3971 1950 4023 1989 es

2384 2023 2653 2093 fratribus
2684 2023 2791 2077 tuis
2819 2024 3107 2078 constitues
3136 2038 3303 2093 super
3332 2031 3385 2078 te
3409 2024 3757 2094 principem;
3791 2038 3900 2079 non
3947 2038 4021 2093 pa

2384 2115 2516 2168 teris
2547 2114 2881 2169 constituere
2898 2129 3060 2184 super
3090 2122 3137 2169 te
3168 2112 3445 2168 hominem
3464 2113 3739 2181 alienum,
3769 2115 3907 2184 quia
3930 2128 4016 2166 non

2384 2206 2463 2257 est
2490 2204 2696 2272 fratrer
2720 2210 2866 2257 tuus.
2902 2202 3089 2266 Quari
3134 2204 3324 2272 potest
3354 2218 3458 2256 cur
3504 2201 3882 2271 displicuerit
3933 2217 4018 2271 po-

2385 2290 2559 2362 pulus
2592 2291 2726 2357 Dee,
2758 2292 2991 2361 quando
3020 2306 3212 2361 regem
3244 2289 3596 2357 desideravit
3627 2291 3667 2357 (Ι
3691 2291 4019 2361 Ηε9.νιιι,7),

2383 2397 2517 2436 cum
2550 2381 2643 2435 hic
2674 2380 3003 2437 inveniatur
3032 2397 3160 2437 esse
3183 2380 3524 2451 permissus.
3558 2380 3665 2436 Sed
3694 2378 4020 2452 magishinc

2382 2469 2829 2541 intelligendum
2864 2476 2973 2535 est,
3009 2470 3218 2525 merito
3251 2486 3363 2525 non
3389 2469 3916 2529 fuissesecundum
3948 2485 4021 2522 vo-

2382 2558 2668 2614 luntatem
2703 2559 2824 2625 Dei,
2858 2559 2992 2629 quia
3025 2558 3147 2613 fieri
3188 2558 3297 2613 hoc
3330 2575 3445 2613 non
3474 2560 3777 2630 pracepit,
3813 2559 3916 2615 sed
3944 2558 4019 2612 de-

2382 2648 2778 2704 siderantibus
2812 2648 3099 2719 permisit.
3130 2652 3565 2705 Verumtamem
3615 2649 3915 2720 pracepit,
3961 2662 4018 2700 ne

2382 2739 2543 2793 fieret
2574 2738 2821 2805 alienus,
2856 2740 2953 2793 sed
2991 2738 3187 2803 frater,
3217 2738 3274 2791 id
3306 2743 3414 2806 est,
3457 2754 3526 2797 ex
3555 2737 3761 2801 eodem
3825 2734 4017 2809 populo

2380 2826 2650 2882 indicens
2683 2844 2793 2882 non
2829 2826 3175 2898 alienigena.
3206 2826 3366 2891 Quod
3404 2832 3597 2881 autem
3630 2826 3859 2893 ait,non
3888 2832 4011 2893 pote-

2379 2918 2483 2982 ris,
2517 2915 2964 2987 intelligendum
2998 2921 3108 2982 est,
3141 2932 3255 2973 non
3290 2914 3549 2977 debebis.

2450 3006 2674 3062 XXVII.
2707 3007 2813 3074 [Ib.
2847 3023 2982 3072 xvu,
3010 3005 3119 3076 17.]
3153 3004 3375 3079 Derege
3406 3020 3542 3060 cum
3573 3002 3911 3074 loqueretur
3930 3002 4011 3065 ait,

2377 3096 2492 3150 Non
2521 3096 2915 3167 multiplicabit
2945 3096 3053 3149 sibi
3070 3110 3291 3162 uxores,
3321 3092 3859 3151 utnondiscedatcor
3878 3091 4014 3163 ejus;

2376 3188 2423 3240 et
2438 3189 2732 3254 argentum
2746 3188 2795 3238 et
2809 3201 3013 3239 aurum
3028 3200 3133 3238 non
3151 3183 3545 3254 multiplicabit
3558 3182 3666 3238 sibi
3680 3180 4011 3243 vatde.Unde

2377 3274 2659 3345 quaeritur
2690 3278 2888 3329 utrum
2906 3274 3083 3329 David
3100 3277 3300 3328 contra
3313 3272 3421 3337 hoc
3440 3277 3797 3345 praceptum
3818 3288 3925 3328 non
3947 3270 4009 3324 fe-

2377 3362 2554 3419 cerit:
2591 3381 2705 3418 non
2739 3362 2893 3418 enim
2928 3379 3103 3418 unam
3136 3360 3689 3435 habuitulxoremﬂl
3712 3360 4005 3439 Reg,v,13}.

2376 3452 2520 3508 Nam
2540 3453 2609 3507 de
2624 3452 2935 3509 Salomone
2960 3450 3330 3509 manifestum
3349 3456 3439 3509 est
3452 3450 3606 3523 quod
3624 3454 4007 3524 transgressus

2377 3541 2547 3597 fuerit
2573 3542 2679 3598 hoc
2712 3545 3161 3614 praeeptum,et
3190 3540 3247 3594 in
3274 3539 3529 3609 feminis,
3553 3538 3677 3609 etin
3712 3542 3934 3609 auro,et
3961 3536 4004 3590 in

2376 3632 2747 3703 argento.Sed
2765 3631 2899 3687 hinc
2920 3628 3836 3707 potiusintelligiturpermissum
3852 3627 4009 3683 fuisse

2376 3720 2632 3792 regibus,
2658 3726 2723 3775 ut
2752 3719 2948 3792 plures
2971 3718 3254 3774 haberent
3275 3733 3448 3790 quam
3486 3734 3659 3773 unam
3688 3734 3700 3771 :
3739 3714 4004 3787 multipli-

2376 3825 2505 3865 care
2536 3808 2691 3864 enim
2718 3808 2990 3880 prohibiti
3023 3811 3191 3865 sunt:
3218 3824 3344 3880 qua
3376 3805 3691 3878 prohibitio
3707 3823 3820 3862 non
3854 3805 4007 3865 habet

2375 3898 2930 3971 transgressionem,
2962 3897 3009 3954 si
3034 3914 3233 3969 pauca
3262 3896 3500 3964 fuerint,
3524 3896 3677 3957 sicut
3707 3896 3887 3953 David
3909 3895 4004 3949 fue-

2375 3993 2548 4056 runt;
2584 4005 2697 4043 non
2723 3992 2916 4044 autem
2949 3986 3173 4055 multa,
3206 3985 3360 4041 sicut
3391 3984 3711 4049 Salomoni.
3746 3981 3999 4050 Quamvis

2375 4093 2507 4132 cum
2541 4077 2786 4146 addidit,
2822 4085 2879 4133 ut
2904 4093 3011 4133 non
3043 4075 3275 4132 discebat
3306 4091 3400 4130 cor
3428 4076 3566 4142 eius,
3593 4073 3700 4129 hoc
3729 4074 3913 4147 magis
3938 4070 4003 4125 vi-

2372 4166 2545 4222 detur
2568 4166 2933 4240 pracepisse,
2981 4182 3051 4222 ne
3108 4164 3553 4237 multiplicando
3611 4164 3911 4235 perveniat
3944 4159 4001 4215 ad

2372 4256 2730 4327 alienigenas
2762 4255 3013 4313 feminas
3039 4272 3051 4311 :
3085 4272 3189 4327 per
3221 4270 3368 4325 quas
3397 4254 3615 4309 factum
3656 4256 3744 4308 est
3774 4252 3835 4311 in
3865 4249 4000 4311 Salo-

2372 4362 2564 4415 mone,
2582 4350 2644 4403 ut
2674 4346 3001 4402 discederet
3030 4362 3130 4403 cer
3160 4344 3287 4414 ejus
3310 4360 3343 4398 a
3372 4343 3487 4398 Deo
3520 4342 3615 4411 (IlI
3636 4342 3764 4413 Reg.
3798 4360 3860 4409 ιι,
3892 4341 4003 4409 1-4),

2368 4435 2771 4507 Multiplicatie
2796 4440 2990 4491 tamen
3023 4432 3371 4507 generaliter
3402 4433 3484 4487 ita
3515 4430 3808 4502 prohibita
3838 4430 4006 4495 eat,ut

2369 4526 2599 4581 etiamsi
2632 4543 2697 4580 ex
2731 4524 2985 4580 Hebraeis
3008 4523 3150 4581 solis
3182 4540 3280 4579 eas
3310 4519 3783 4593 multiplicasset,
3826 4524 4004 4579 contra

2367 4613 2476 4669 hoc
2510 4619 2860 4687 praeceptum
2895 4613 3103 4670 fecisse
3136 4613 3345 4669 merito
3378 4610 3544 4685 argui
3585 4615 3803 4682 posset.

2439 4703 2690 4759 XXVIII.
2726 4704 2827 4777 [11).
2858 4720 3019 4771 xvm,
3051 4702 3195 4773 6-8.]
3230 4702 3287 4757 Si
3318 4705 3499 4756 autem
3528 4702 3903 4773 supervenerit
3925 4699 3998 4752 Le-

2368 4796 2499 4848 vites
2528 4810 2597 4849 ex
2626 4810 2734 4847 una
2764 4793 3045 4847 civitatum
3073 4795 3399 4861 tuarum,e.r
3415 4790 3664 4845 omnibus
3676 4789 3817 4859 ﬁliis
3832 4784 3998 4843 Israel.

2364 4884 2459 4937 ubi
2490 4884 2603 4954 ipse
2634 4881 3154 4943 incolit.secundum
3176 4880 3317 4953 quod
3341 4880 3493 4952 cupit
3524 4879 3847 4949 animaejus
3867 4880 3920 4933 in
3934 4877 3995 4929 to-

2361 4989 2485 5027 cum
2514 4990 2673 5044 quem
2700 4974 2925 5041 elegerit
2954 4973 3241 5039 Dominus,
3276 4970 3333 5025 id
3358 4975 3466 5035 est,
3512 4968 3561 5023 si
3607 4963 3998 5029 desideraverit

2362 5061 2442 5116 ire
2473 5063 2543 5117 ad
2569 5061 2759 5119 locum
2796 5061 2893 5116 ubi
2924 5060 3551 5126 Dominusinvocatur;
3582 5062 3633 5113 et
3680 5054 3995 5119 ministrabit

2360 5154 2577 5209 nomini
2610 5153 2827 5207 Domini
2843 5153 2937 5205 Dei
2957 5152 3047 5205 sui
3054 5151 3411 5213 ,sicutomnes
3427 5151 3638 5219 fratres
3666 5147 3778 5217 ejus
3796 5147 3993 5205 Levia}.

2360 5243 2455 5310 qui
2485 5250 2668 5296 astant
2703 5243 2780 5295 ibi
2811 5257 2992 5295 eorum
3021 5241 3250 5295 Domino
3271 5258 3289 5291 :
3320 5243 3539 5309 partem
3562 5238 3845 5307 partitam
3880 5234 3990 5293 edet,

2356 5340 2559 5399 prater
2572 5331 2709 5385 vcnd
2717 5332 2941 5385 itionem
2952 5346 2997 5400 ,q
3008 5347 3087 5384 ua
3102 5335 3182 5384 est
3196 5328 3509 5384 secumdum
3521 5330 3637 5396 fam
3648 5323 3989 5388 itiam.Quam

2358 5420 2513 5481 dicat
2541 5419 3287 5489 venditionem,0bscurum
3322 5424 3432 5473 est:
3456 5416 3568 5471 nisi
3584 5417 3728 5470 forte
3760 5414 3897 5486 quia
3914 5414 3991 5467 de-

2355 5507 2699 5564 eimationes
2730 5515 2786 5564 et
2818 5509 3207 5580 primogenita
3223 5506 3491 5579 praecepit
3512 5504 3686 5561 vendi
3712 5504 3784 5563 ab
3820 5498 3988 5574 eisqui

2356 5596 2411 5651 in
2430 5596 2748 5670 longinquo
2768 5600 3198 5667 habitarent,ne
3218 5598 3405 5651 multa
3422 5602 3770 5668 cogerentur
3785 5598 3987 5666 portare

2357 5686 2425 5741 ad
2458 5686 2649 5749 locum
2682 5687 3065 5747 invocationis
3098 5684 3440 5755 Domini,vel
3469 5683 3980 5757 pecoraducereout
