4300 6348
153 289 283 347 789

153 420 490 490 pinquante
523 423 733 487 morte,
786 420 900 488 Ego
931 427 1115 475 autem
1142 435 1366 476 recurro
1400 422 1567 488 viam,
1600 422 1743 475 sicut
1773 428 1823 475 et

154 526 355 565 omnes
376 511 475 581 qui
496 525 661 579 super
680 513 889 565 terram
909 510 991 571 ,‘in
1011 526 1075 565 ea
1098 509 1578 582 interpretatione
1599 528 1723 582 quea
1737 515 1824 566 est

153 615 231 655 ex
255 599 483 655 hebrazo
508 600 860 664 invenimus,
885 600 1166 671 ingredior
1196 603 1361 656 viam.
1401 602 1484 655 Ita
1511 616 1646 672 ergo
1670 600 1820 655 acci-

154 690 446 761 piendum
472 694 561 745 est
583 691 736 761 quod
765 690 1149 763 Septuaginta
1170 692 1713 760 dixerunt,recurro,
1740 691 1820 746 si-

154 785 263 834 cut
282 781 502 835 dictum
519 786 604 834 est
624 780 1056 845 homini,Donec
1072 782 1368 836 revertaris
1380 783 1436 835 in
1454 790 1661 836 terram
1679 780 1821 835 unde

151 878 410 941 sumptus
428 886 484 925 es
502 868 655 942 (Gen.
680 887 765 937 ιιι,
790 871 874 943 19)
903 876 996 939 ;ut
1012 872 1338 927 secundum
1362 888 1575 943 corpus
1592 870 1817 925 dictum

154 960 543 1032 intelligatur.
566 961 901 1015 Secundum
926 961 1185 1016 animam
1217 960 1425 1025 vero,si
1459 960 1817 1019 voluerimus

156 1048 245 1104 ita
265 1049 546 1121 accipere,
573 1051 1071 1121 quemadmodum
1094 1051 1154 1105 in
1184 1050 1534 1106 Ecclesiaste
1556 1049 1816 1121 positum

156 1144 273 1207 est,
306 1140 373 1195 Et
400 1142 628 1211 spiritus
679 1148 983 1195 revertetur
1027 1142 1102 1196 ad
1146 1143 1317 1196 Deum
1362 1143 1458 1211 qui
1505 1139 1663 1195 dedit
1690 1156 1815 1195 eum

158 1230 361 1300 (Ecclc.
385 1247 486 1300 x11,
518 1233 569 1301 ‘7)
602 1248 614 1298 ;
646 1248 761 1285 non
794 1230 1046 1285 arbitror
1075 1231 1145 1285 de
1177 1230 1451 1285 omnibus
1484 1247 1654 1301 posse
1676 1228 1811 1297 dici,

154 1320 261 1374 sed
297 1320 365 1374 de
394 1320 466 1374 iis
498 1319 599 1391 qui
640 1320 723 1375 sic
754 1320 1022 1390 vixerint,
1060 1324 1121 1375 ut
1151 1320 1221 1375 ad
1255 1321 1439 1375 Deum
1473 1320 1659 1375 redire
1692 1336 1812 1374 me-

152 1414 419 1477 reantur,
453 1414 733 1481 tanquam
767 1411 836 1465 ad
890 1414 1187 1465 auctorem
1219 1427 1252 1465 a
1285 1427 1399 1481 quo
1441 1410 1619 1464 creati
1650 1413 1809 1464 sunt.

152 1498 358 1570 Neque
388 1499 544 1554 enim
577 1499 687 1554 hoc
745 1501 816 1554 de
848 1498 965 1554 illis
1020 1504 1171 1554 recte
1222 1498 1465 1570 intelligi
1497 1502 1705 1570 potest,
1741 1499 1811 1553 de

151 1587 371 1657 quibus
412 1588 643 1654 dicitur,
678 1588 920 1659 Spiritus
971 1589 1267 1644 ambulans
1296 1597 1347 1644 et
1395 1604 1504 1644 non
1535 1590 1809 1643 revertens

150 1677 331 1747 (Psat.
358 1694 562 1747 Lxxvu,
586 1678 699 1749 39).
725 1682 840 1733 Iste
862 1682 1057 1733 autem
1089 1680 1178 1732 vir
1196 1682 1436 1733 sanctus
1456 1678 1627 1733 Jesus
1654 1681 1810 1732 Nave

152 1765 205 1820 si
242 1783 354 1821 non
389 1766 736 1832 addidisset,
788 1769 931 1823 sicut
961 1772 1012 1823 et
1042 1784 1225 1823 omnes
1256 1770 1353 1838 qui
1381 1784 1547 1838 super
1576 1775 1805 1836 terram,

154 1855 323 1911 nulla
346 1862 501 1911 esset
523 1856 767 1927 quaestio
797 1882 809 1924 ;
835 1874 1019 1928 neque
1041 1858 1193 1912 enim
1218 1857 1375 1913 aliud
1394 1858 1463 1911 de
1486 1855 1584 1911 illo
1609 1858 1804 1911 crede-

149 1962 561 2017 remus,quam
596 1963 710 2017 quo
740 1964 873 2001 eum
906 1947 1153 2018 dignum
1186 1964 1313 2002 esse
1344 1947 1634 2019 legimus:
1670 1962 1803 2001 cum

148 2051 285 2089 vero
317 2035 581 2090 additum
615 2041 723 2106 est,
756 2039 898 2091 sicut
926 2046 976 2092 et
1002 2053 1184 2092 omnes
1212 2038 1310 2109 qui
1358 2053 1523 2108 super
1553 2041 1802 2097 terram;

146 2124 368 2180 mirum
393 2124 440 2181 si
465 2126 755 2197 hoc,quod
781 2125 997 2181 latinus
1015 2126 1299 2198 interpres
1315 2143 1566 2182 recurrro
1585 2126 1798 2198 posuit,

145 2230 267 2268 non
302 2215 489 2286 magis
513 2232 782 2287 percurro
801 2217 887 2271 vel
912 2232 1143 2271 excurro
1168 2215 1482 2271 dicendum
1506 2218 1670 2283 est,si
1693 2216 1801 2271 hoc

141 2308 341 2374 potest
373 2304 485 2359 dici
544 2306 697 2376 quod
730 2322 955 2377 graecus
1014 2306 1190 2361 habet
1241 2302 1552 2380 ἀποτρέχω.
1583 2305 1799 2361 Omnes

136 2392 297 2447 enim
332 2400 702 2465 percurrunt,
736 2394 822 2450 vel
878 2400 1195 2450 excurrunt
1250 2395 1429 2467 hujus
1458 2395 1590 2451 vitae
1618 2396 1796 2467 viam,

139 2499 281 2537 cum
317 2485 385 2538 ad
419 2484 547 2553 ejus
578 2484 753 2539 ﬁnem
788 2484 1175 2557 pervenerint.
1225 2487 1334 2541 Sed
1368 2485 1506 2557 quia
1535 2486 1643 2542 hoc
1671 2503 1798 2541 ver-

138 2573 285 2627 bum
320 2573 575 2645 positum
604 2579 711 2641 est,
750 2574 849 2629 ubi
881 2580 1152 2647 parentes
1197 2575 1465 2630 Rebeccae
1495 2576 1696 2629 dicunt
1725 2576 1796 2631 ad

135 2680 375 2718 servum
411 2664 673 2732 Abrahae,
710 2664 837 2719 Ecce
866 2665 1137 2727 Rebecca;
1186 2667 1464 2736 accipiens
1494 2682 1714 2721 recurre
1744 2674 1797 2721 et

135 2755 216 2808 sit
249 2768 394 2808 uxor
424 2752 638 2808 domini
667 2755 753 2808 tui
796 2754 945 2823 (Gen.
977 2771 1129 2821 xxiv,
1179 2754 1268 2826 51)
1297 2774 1311 2826 ;
1342 2755 1471 2811 ideo
1502 2759 1559 2810 et
1587 2755 1682 2811 hic
1713 2755 1796 2810 ita

136 2844 253 2898 hoc
285 2843 527 2898 verbum
564 2842 1012 2916 interpretatum
1044 2848 1151 2900 est.

214 2931 378 2988 XXV.
414 2932 519 3004 [1b.
552 2950 708 3001 xxxv,
740 2936 813 3001 3.]
848 2934 1009 2998 Quod
1039 2934 1420 3006 Septuaginta
1448 2933 1794 3007 interpretes

137 3022 381 3091 habent,
401 3024 464 3078 Et
483 3025 755 3091 assumpsi
767 3028 980 3095 patrem
1000 3033 1239 3079 vestrum
1262 3024 1535 3079 Abraham
1555 3024 1619 3080 de
1639 3028 1795 3080 trans

131 3113 451 3183 ﬂumen,'et
481 3112 688 3167 deduxi
706 3129 827 3167 eum
850 3116 908 3167 in
938 3130 1149 3169 omnem
1170 3122 1377 3168 terram
1396 3133 1418 3180 ,'
1449 3114 1794 3185 interpreta-

136 3201 222 3257 tio
255 3219 380 3273 quae
412 3207 502 3257 est
533 3219 600 3257 ex
630 3202 857 3257 hebrzeo
892 3202 1085 3269 habet,
1118 3207 1171 3258 et
1200 3203 1407 3259 deduxi
1436 3220 1561 3258 eum
1590 3207 1648 3258 in
1678 3211 1791 3258 ter-

134 3308 267 3347 ram
293 3291 579 3348 Chanaan.
641 3292 851 3347 Mirum
882 3299 970 3347 est
1000 3309 1136 3364 ergo
1196 3294 1244 3347 si
1278 3293 1659 3365 Septuaginta
1690 3310 1792 3365 pro

132 3388 297 3437 terra
314 3382 851 3451 Chanaan,omnem
877 3386 1088 3437 terram
1113 3398 1323 3454 ponere
1345 3382 1790 3447 voluerunt,nisi

132 3471 433 3527 intuentes
466 3471 927 3543 prophetiam,ut
958 3471 1146 3543 magis
1178 3488 1247 3526 ex
1280 3471 1670 3542 promissione
1690 3471 1792 3527 Dei

133 3566 425 3633 tanquam
443 3562 658 3617 tactum
675 3560 1179 3634 accipiatur,quod
1195 3560 1519 3615 certissime
1534 3561 1792 3615 futurum

131 3653 196 3708 in
232 3651 462 3706 Christo
493 3656 551 3706 et
581 3652 637 3705 in
672 3650 930 3706 Ecclesia
961 3650 1485 3722 praenuntiabatur,
1519 3651 1669 3722 quod
1704 3656 1792 3705 est

130 3759 340 3797 verum
372 3758 571 3797 semen
606 3740 848 3797 Abrahae
876 3758 889 3809 ;
924 3756 1042 3796 non
1072 3739 1133 3795 in
1165 3739 1300 3795 filiis
1348 3740 1560 3810 carnis,
1594 3741 1696 3797 sed
1728 3740 1787 3795 in

134 3831 281 3887 tiliis
313 3830 743 3904 promissionis.

210 3920 395 3978 XXVI.
430 3921 536 3993 [1b.
570 3937 719 3991 XXIV,
755 3921 866 3993 11.]
901 3923 961 3977 Et
1013 3920 1357 3977 bettaveruni
1407 3920 1670 3977 adversus
1700 3936 1788 3977 vos

132 4014 236 4083 qui
256 4012 589 4068 habitabant
608 4012 849 4069 Jcricho.
880 4010 1069 4077 Quaeri
1097 4015 1288 4084 potest
1309 4012 1600 4082 quomodo
1622 4011 1679 4066 id
1700 4027 1789 4065 ve-

130 4118 269 4156 rum
296 4101 532 4168 sit,cum
551 4100 767 4156 clausis
785 4100 969 4171 portis
993 4117 1054 4156 se
1078 4118 1379 4156 murorum
1405 4101 1630 4157 ambitu
1654 4106 1786 4156 tan-

126 4191 439 4247 tummodo
475 4194 795 4246 tuerentur.
830 4191 937 4247 Sed
970 4196 1121 4247 recte
1151 4190 1373 4245 dictum
1423 4194 1533 4257 est,
1566 4191 1705 4262 quia
1731 4194 1787 4245 et

126 4278 403 4335 claudere
417 4280 695 4337 adversus
714 4279 941 4336 hostem
961 4281 1256 4351 portas,ad
1272 4278 1488 4335 bellum
1511 4280 1782 4351 pertinet.

125 4370 261 4426 Non
290 4370 445 4425 enim
479 4370 771 4425 miserunt
818 4369 1039 4442 legatos
1072 4368 1173 4442 qui
1224 4374 1529 4441 poscerent
1558 4385 1782 4441 pacem.

128 4458 298 4514 Unde
331 4458 379 4515 si
406 4460 627 4515 dictum
660 4465 835 4524 esset,
872 4464 1287 4532 Pugnaverunt
1318 4461 1625 4515 adversum
1660 4476 1782 4526 vos,

130 4548 350 4604 falsum
378 4553 754 4621 esset.Neque
781 4550 935 4605 enim
970 4549 1189 4605 bellum
1214 4548 1523 4605 continuas
1556 4565 1784 4621 pugnas

130 4640 332 4707 habet,
367 4640 467 4695 sed
501 4639 812 4711 aliquando
845 4640 1068 4704 crebas,
1101 4638 1417 4711 aliquando
1460 4656 1641 4709 raras,
1673 4638 1783 4694 ali-

129 4730 372 4801 quando
406 4728 617 4784 nullas.
650 4729 874 4784 Bellum
906 4734 995 4783 est
1025 4732 1221 4785 tamen
1253 4729 1489 4802 quando
1521 4733 1611 4785 est
1641 4746 1781 4801 quo-

130 4821 273 4874 dum
298 4819 467 4873 modo
495 4824 716 4873 armata
746 4818 1091 4874 dissensio‘.

206 4908 424 4963 XXVII.
461 4908 565 4979 [1b.
598 4924 749 4974 xxrv,
785 4907 895 4977 12.]
926 4906 1031 4970 Qui
1063 4911 1172 4977 est,
1206 4908 1361 4979 quod
1397 4907 1549 4964 inter
1579 4911 1785 4964 caetera

127 5016 259 5071 qua:
272 4998 439 5054 Jesus
456 4997 611 5053 Nave
624 5014 760 5069 erga
774 4998 1068 5053 Israelitas
1086 4998 1396 5055 Dominum
1413 5000 1619 5055 fecisse
1630 5015 1785 5054 com-

127 5091 440 5155 memorat,
474 5087 637 5157 dicit,
660 5087 804 5142 Misit
827 5096 957 5143 ante
981 5104 1067 5143 vos
1099 5104 1302 5160 vespas,
1327 5094 1381 5145 et
1410 5090 1564 5161 ejecit
1590 5089 1720 5145 ittos
1749 5106 1783 5145 a

120 5178 279 5253 facie
311 5178 526 5234 vestra9
549 5194 567 5231 :
601 5177 757 5248 quod
780 5177 955 5233 etiam
980 5176 1037 5231 in
1060 5177 1209 5233 libro
1241 5179 1549 5251 Sapientiae
1571 5178 1785 5252 legitur

126 5270 286 5343 (Sap.
320 5285 419 5334 xu,
450 5267 527 5339 8),
562 5282 666 5322 nec
701 5271 898 5323 tamen
931 5266 1162 5339 uspiam
1215 5270 1432 5324 factum
1464 5286 1593 5325 esse
1621 5270 1681 5324 in
1712 5268 1783 5324 iis

124 5375 261 5430 qua
292 5362 457 5430 gesta
486 5361 644 5426 sunt,
679 5357 1020 5413 invenitur?
1050 5359 1137 5413 An
1169 5358 1315 5415 forte
1346 5358 1625 5414 translato
1658 5376 1783 5415 ver-

200 5541 215 5577 ί
243 5537 327 5587 Sic
354 5550 539 5586 omnes
572 5538 692 5603 Mss.
720 5538 785 5587 At
814 5537 963 5603 editi,
994 5538 1199 5603 quando
1218 5541 1377 5603 portae
1408 5538 1785 5590 hostibusctau-

130 5604 371 5655 duntur:
404 5603 456 5649 et
485 5600 864 5664 quodammodo
893 5600 1097 5650 arm'ata
1130 5600 1377 5664 defensio.

201 5668 223 5702 ³
252 5665 347 5714 Hic
378 5662 512 5725 post,
535 5667 583 5713 et
612 5664 753 5725 eiicit
773 5662 910 5725 illos,
928 5664 1183 5729 addimus]
1195 5662 1269 5715 ex
1294 5668 1437 5729 Μαι..
1468 5680 1499 5715 a
1528 5665 1664 5729 facie
1687 5680 1786 5715 ves-

133 5734 242 5783 tra.
259 5728 317 5777 In
330 5739 508 5791 graeco
526 5740 669 5778 nunc
682 5727 1144 5792 est,ap0prosdpou
1163 5727 1364 5792 nemon,
1382 5743 1413 5780 ει
1432 5727 1564 5781 facie
1581 5733 1784 5780 nostra.

1578 288 1811 347 LIBER
1854 288 2182 349 SEXTUS.

3466 280 3585 340 790

1934 419 2025 487 bo,
2061 435 2269 492 vespas
2313 418 2563 491 intelligi
2592 417 2779 474 voluit
2835 416 3151 473 acerrimos
3182 414 3412 471 timoris
3443 430 3586 470 acu-

1931 510 2051 565 leos
2083 509 2299 581 quibus
2335 509 2592 581 quodam
2626 508 2797 564 modo
2854 505 3187 563 volantibus
3240 502 3580 559 rumoribus

1930 599 2437 671 pungebantur,ut
2469 598 2864 670 fugerent,aut
2895 596 3081 653 aerios
3111 592 3370 650 occultos
3401 592 3580 664 spiri-

1926 696 2045 754 tus,
2079 690 2234 761 quod
2286 689 2345 743 in
2407 688 2638 743 Psalmo
2682 688 2841 755 dicit,
2902 690 3008 742 Per
3037 683 3261 757 angelos
3310 684 3581 753 malignos

1924 778 2096 850 (Psal.
2132 794 2340 843 Lxxvu,
2376 777 2511 849 49)?
2544 777 2667 833 Nisi
2693 777 2837 832 forte
2862 777 2993 848 quis
3026 776 3200 845 dicat,
3230 790 3346 829 non
3379 771 3579 830 omnia.

1925 884 2051 939 quae
2084 869 2236 921 facta
2280 871 2439 932 sunt,
2502 883 2631 922 esse
2681 865 3045 937 conscripta;
3079 871 3134 920 et
3187 863 3297 918 hoc
3343 876 3577 934 quoque

1923 955 2233 1013 visibiliter
2263 956 2503 1026 factum,
2538 961 2601 1011 ut
2633 972 2797 1011 veras
2829 972 3033 1025 vespas
3066 953 3205 1009 velit
3232 950 3505 1022 intelligi.

1994 1046 2240 1101 XVVIII.
2278 1048 2383 1115 [1b.
2416 1064 2569 1111 xxiv,
2603 1046 2711 1117 19.]
2744 1045 2890 1109 Quid
2919 1050 3005 1100 est
3037 1044 3195 1115 quod
3226 1041 3371 1097 dixit
3400 1040 3574 1097 Jesus

1922 1136 1993 1191 ad
2025 1135 2332 1208 populum,
2356 1139 2479 1191 Non
2504 1136 2755 1207 poteritis
2775 1136 2982 1190 servire
3000 1135 3254 1199 Domino,
3277 1132 3407 1203 quia
3432 1131 3573 1185 Deus

1918 1229 2136 1281 sanctus
2152 1234 2250 1281 est.
2268 1228 2353 1280 An
2377 1228 2514 1297 quia
2530 1224 2686 1280 illius
2701 1223 2996 1281 sanctitati
3016 1223 3271 1295 perfecta
3294 1219 3571 1275 servitute

1921 1315 2177 1386 quodam
2202 1316 2374 1370 modo
2393 1313 3119 1386 contemperari,humanaa
3141 1308 3441 1383 t'ragilitati
3463 1308 3571 1363 im-

1919 1405 2199 1476 passibile
2224 1409 2311 1460 est
2332 1404 2482 1468 ?Quo
2506 1403 2832 1470 audito,isti
2854 1420 2969 1458 non
2997 1401 3189 1458 solum
3211 1400 3338 1470 ejus
3356 1397 3570 1469 eligere

1920 1495 2389 1562 servitutem,sed
2414 1494 2590 1549 etiam
2610 1494 2679 1548 de
2699 1491 2988 1564 adjutorio
3010 1491 3138 1561 ejus
3159 1493 3215 1545 et
3233 1486 3571 1543 misericor-

1917 1584 2014 1639 dia
2035 1600 2387 1656 prazsumere
2411 1584 2738 1639 debuerunt
2763 1600 2774 1638 :
2810 1599 2987 1653 quam
3020 1580 3114 1635 ille
3144 1575 3447 1643 intellexit,
3468 1573 3569 1646 qui

1917 1674 2056 1729 dicit
2078 1674 2137 1728 in
2162 1673 2496 1743 Psalmo,Ne
2530 1675 2701 1728 intres
2731 1675 2790 1726 in
2809 1671 3079 1742 judicium
3103 1684 3227 1725 cum
3247 1682 3397 1722 servo
3427 1668 3522 1720 tuo
3549 1681 3564 1733 ;

1913 1765 2177 1835 quoniam
2209 1780 2317 1819 non
2348 1762 2737 1834 iustiﬁcabitur
2761 1763 2821 1816 in
2843 1767 3126 1831 conspectu
3152 1761 3247 1812 tuo
3278 1756 3460 1812 omnis
3480 1754 3565 1808 vi-

1912 1869 2040 1908 vens
2063 1854 2234 1924 (Psat.
2260 1870 2429 1923 exui,
2463 1854 2538 1924 2).
2571 1852 2671 1907 Isti
2701 1855 2898 1906 autem
2930 1850 3000 1904 de
3031 1864 3092 1904 se
3118 1845 3314 1918 potius
3347 1859 3564 1916 praesu-

1914 1958 2069 1997 mere
2096 1942 2455 2015 delegerunt,
2490 1942 2641 2012 quod
2677 1946 2788 1995 Deo
2821 1938 3046 2012 possint
3073 1936 3200 1993 sine
3231 1934 3349 1993 ulla
3377 1932 3563 1988 oﬂ'en-

1910 2032 2073 2087 sione
2105 2034 2340 2100 servire,
2362 2032 2572 2103 utjam
2609 2034 2746 2085 tunc
2781 2028 3122 2099 inciperent,
3156 2025 3311 2097 quod
3343 2023 3413 2077 de
3444 2020 3561 2077 illis

1908 2122 2195 2193 expressit
2222 2120 2536 2194 Apostolus
2563 2138 2575 2177 :
2607 2125 2937 2191 Ignorantes
2965 2118 3113 2173 enim
3139 2112 3556 2186 Deijustitiam,

1905 2213 1959 2264 et
1974 2228 2134 2266 suam
2161 2213 2396 2268 volentes
2408 2209 3005 2277 constituerejustitiz
3020 2208 3118 2263 Dei
3135 2221 3243 2261 non
3268 2207 3398 2259 sunt
3417 2203 3551 2257 sub-

1895 2300 2031 2371 jecti
2062 2303 2233 2373 (Rom.
2292 2319 2348 2370 x,
2380 2304 2456 2373 3).
2490 2302 2574 2356 Ita
2605 2300 2690 2356 eis
2743 2300 2865 2370 jam
2894 2298 3008 2353 Lex
3066 2293 3457 2360 subintrabat,
3488 2294 3554 2347 ut

1906 2392 2233 2448 abundaret
2262 2391 2562 2457 delictum,
2596 2394 2653 2445 et
2676 2392 2877 2461 postea
2897 2386 3403 2459 superabundaret
3424 2398 3555 2455 gra-

1904 2482 1987 2537 tia
2016 2497 2117 2552 per
2147 2480 2461 2537 Dominum
2494 2480 2791 2537 Christum
2826 2477 2931 2550 (Id.
2964 2494 3019 2545 v,
3040 2477 3131 2547 20,
3153 2476 3266 2548 21),
3302 2471 3556 2545 quiﬁnis

1905 2574 1995 2628 est
2027 2571 2215 2643 Legis,
2248 2572 2319 2627 ad
2347 2570 2637 2642 justitiam
2670 2570 2830 2624 omni
2860 2566 3116 2624 credenti
3147 2565 3248 2639 (Id.
3283 2582 3338 2635 x,
3370 2565 3444 2631 4).

1975 2661 2166 2716 XXIX.
2197 2660 2302 2732 [1b.
2329 2677 2483 2729 xxiv,
2504 2661 2621 2729 23.]
2642 2659 2788 2724 Quid
2815 2663 2904 2714 est
2925 2657 3080 2729 quod
3102 2656 3185 2712 ait
3205 2656 3361 2710 idem
3383 2653 3554 2709 Jesus

1903 2750 2150 2822 loquens
2174 2751 2244 2805 ad
2262 2750 2641 2823 populum,Et
2660 2766 2807 2803 nunc
2826 2750 3255 2817 circumau/erte
3275 2743 3402 2800 deos
3425 2744 3556 2798 alie-

1902 2858 1999 2897 nos
2017 2843 2254 2911 quisunt
2285 2841 2343 2895 in
2373 2841 2605 2907 vobis,et
2631 2839 2862 2910 dirigite
2890 2836 3053 2893 corda
3073 2839 3256 2891 vestra
3268 2832 3338 2890 ad
3351 2834 3552 2891 Domi-

1900 2947 2035 2985 num
2066 2932 2236 2985 Deum
2264 2930 2465 2986 Israel.
2518 2930 2643 2984 Non
2691 2928 2848 2984 enim
2879 2926 3151 2982 credendi
3189 2928 3328 2980 sunt
3357 2924 3550 2979 adhuc

1901 3020 2181 3076 habuisse
2204 3020 2357 3091 apud
2380 3036 2443 3075 se
2465 3017 2661 3090 aliqua
2678 3017 2936 3088 gentium
2955 3014 3433 3081 simulacra,cum
3456 3029 3552 3069 su-

1901 3112 2096 3180 perius
2118 3126 2319 3165 eorum
2343 3107 2735 3163 obedientiam
2761 3105 3162 3178 prmdicaverit
3187 3122 3199 3160 :
3220 3109 3322 3159 aut
3341 3119 3473 3159 vero
3496 3102 3549 3159 si

1899 3199 2342 3270 haberentpost
2363 3202 2558 3253 tantas
2594 3197 2755 3269 Legis
2786 3194 3295 3263 comminationes,
3326 3192 3429 3247 illa
3449 3208 3548 3247 eos

1899 3306 2175 3361 prospera
2193 3291 2582 3359 sequerentur
2597 3303 2749 3353 ;eum
2771 3284 2929 3341 sicin
2948 3302 3045 3341 eos
3065 3282 3429 3340 vindicatum
3448 3281 3547 3350 sit,

1900 3380 2053 3450 quod
2075 3396 2225 3434 unus
2244 3395 2442 3433 eorum
2466 3378 2535 3432 de
2559 3376 2932 3432 anathemate
2951 3375 3173 3431 furtum
3198 3371 3546 3429 fecerat.De-

1898 3470 2074 3540 nique
2105 3469 2281 3524 Jacob
2311 3468 2456 3522 dixit
2486 3467 2594 3522 hoc
2625 3466 2708 3521 eis
2739 3466 2835 3537 qui
2883 3477 3017 3521 cum
3050 3464 3147 3519 illo
3188 3464 3448 3519 exierant
3477 3463 3548 3519 de

1895 3557 2444 3630 Mesopotamia,ubi
2478 3556 2561 3611 sic
2593 3554 2748 3611 idola
2777 3553 3133 3618 colebantur,
3152 3556 3216 3608 ut
3246 3557 3302 3608 et
3333 3550 3547 3608 Rachel

1896 3652 2132 3719 paterna
2166 3649 2459 3702 iuraretur
2508 3648 2661 3716 (Gen.
2702 3662 2860 3707 xxxx,
2911 3644 2992 3713 19)
3026 3660 3039 3698 :
3073 3643 3173 3698 sed
3222 3646 3351 3713 post
3380 3640 3543 3701 illam

1895 3737 2353 3793 admonitionem
2384 3736 2586 3807 Jacob,
2620 3737 2907 3791 dederunt
2954 3751 3079 3806 quae
3111 3732 3408 3788 habebant
3438 3731 3538 3803 (Id.

1892 3843 2059 3895 xxxv,
2082 3830 2135 3895 2,
2161 3828 2214 3897 4)
2241 3845 2252 3895 ;
2288 3827 2443 3881 unde
2473 3824 2743 3897 apparuit
2770 3824 2879 3880 hoc
2909 3823 2994 3879 eis
3025 3824 3106 3879 ita
3135 3822 3355 3878 dictum
3388 3836 3538 3891 esse,

1894 3918 2031 3990 quia
2052 3918 2273 3973 sciebat
2298 3934 2396 3975 eos
2429 3916 2638 3971 habere
2672 3914 2769 3971 ille
2800 3914 2898 3986 qui
2932 3913 3174 3969 dixerat.
3208 3912 3374 3967 Nune
3404 3927 3537 3970 vero

1893 4010 2025 4080 post
2054 4012 2205 4063 hanc
2237 4006 2697 4062 admonitionem
2719 4005 2858 4061 Jesu
2878 4002 3032 4060 Nave
3055 4002 3253 4058 nullus
3284 4000 3399 4057 tale
3430 3999 3535 4056 ali-

1892 4097 2033 4169 quid
2066 4095 2328 4169 protulit.
2362 4096 2476 4151 Nec
2507 4099 2700 4151 tamen
2748 4094 3081 4167 putandum
3114 4097 3202 4149 est
3230 4092 3341 4148 hoc
3370 4090 3539 4146 illum

1892 4186 2148 4242 inaniter
2178 4186 2523 4259 praecepisse
2547 4203 2560 4252 ;
2587 4203 2699 4241 non
2723 4184 2879 4240 enim
2908 4183 3009 4255 ait,
3035 4184 3100 4238 Et
3130 4199 3285 4237 nunc
3317 4179 3541 4237 auferte

1892 4278 2031 4333 deos
2054 4275 2273 4332 alienos
2301 4276 2351 4331 si
2383 4275 2483 4348 qui
2515 4280 2653 4331 sunt
2682 4274 2739 4329 in
2772 4272 2972 4342 vobis;
3005 4272 3107 4328 sed
3138 4271 3377 4327 omnino
3408 4274 3539 4324 tan-

1891 4383 2065 4439 quam
2087 4366 2277 4422 sciens
2300 4382 2448 4435 esse,
2472 4366 2570 4436 qui
2596 4372 2741 4434 sunt,
2760 4361 2972 4436 inquit,
3007 4362 3067 4417 in
3097 4362 3262 4417 vobis.
3295 4358 3543 4415 Proinde

1890 4456 2182 4528 Propheta
2210 4460 2453 4512 sanctus
2482 4455 2539 4509 in
2572 4454 2847 4509 cordibus
2876 4468 3079 4509 eorum
3112 4468 3242 4507 esse
3270 4448 3544 4505 cernebat

1890 4545 2273 4618 cogitationes
2291 4546 2361 4601 de
2384 4550 2494 4600 Deo
2512 4542 2734 4600 alienas
2754 4560 2787 4599 a
2801 4544 2997 4613 Deo,et
3012 4542 3172 4613 ipsas
3186 4538 3542 4595 admonebat

1891 4636 2389 4708 auferri.Quisque
2406 4633 2751 4691 enimtalem
2775 4634 2986 4704 cogitat
3005 4632 3187 4687 Deum
3204 4629 3397 4703 qualis
3421 4644 3538 4683 non

1890 4726 2435 4796 estDeus,alienum
2468 4726 2653 4782 Deum
2676 4724 2879 4795 utique
2900 4727 2957 4780 et
2986 4722 3199 4778 falsum
3224 4721 3283 4775 in
3314 4718 3533 4790 cogita-

1889 4817 2045 4873 tione
2078 4822 2288 4890 portat.
2323 4817 2461 4883 Quis
2494 4820 2583 4872 est
2610 4820 2803 4872 autem
2836 4814 2938 4887 qui
2989 4812 3073 4869 sic
3106 4812 3319 4883 cogitet
3347 4809 3532 4865 Deum

1888 4906 2386 4980 quemadmodum
2409 4905 2507 4963 ille
2527 4910 2616 4962 est
2638 4906 2658 4961 ἓ
2679 4908 2756 4961 Ac
2773 4922 2877 4978 per
2894 4904 3004 4960 hoc
3022 4901 3368 4973 relinquitur
3389 4899 3532 4957 iide-

1889 4998 2067 5066 libus,
2101 4997 2381 5070 quamdiu
2411 4997 2857 5070 peregrinantur
2886 5013 2920 5051 a
2946 4994 3193 5051 Domino
3222 4991 3301 5062 (II
3334 4991 3455 5047 Cor.
3480 5005 3533 5059 ν,

1886 5090 1963 5160 6),
1997 5090 2224 5144 auferre
2246 5106 2278 5143 a
2298 5088 2469 5143 corde
2492 5104 2597 5143 suo
2620 5086 2901 5143 irruentia
2927 5103 3075 5141 vana
3097 5083 3531 5157 phantasmata,

1886 5197 2013 5251 qua:
2045 5195 2107 5234 se
2137 5178 2531 5250 cogitantibus
2565 5177 2861 5249 ingerunt,
2914 5174 3073 5231 velut
3104 5173 3239 5230 talis
3271 5176 3372 5228 aut
3401 5168 3536 5227 talis

1892 5270 1969 5326 sit
2002 5274 2173 5335 Deus,
2207 5267 2395 5339 qualis
2429 5268 2631 5339 utique
2663 5284 2778 5323 non
2810 5269 2933 5321 est:
2972 5269 3027 5320 et
3056 5263 3306 5336 dirigere
3338 5279 3435 5318 cor
3465 5260 3536 5316 ad

1894 5360 2062 5415 illum
2096 5358 2362 5425 ﬁdeliter,
2400 5363 2462 5413 ut
2493 5357 2994 5429 quemadmodum
3025 5360 3081 5410 et
3111 5358 3399 5425 quantum
3431 5368 3535 5408 no-

1894 5450 1986 5505 bis
2017 5449 2285 5521 expedire
2345 5448 2521 5512 novit,
2558 5448 2681 5518 ipse
2710 5462 2773 5503 se
2830 5445 3087 5501 insinuet
3130 5462 3231 5517 per
3258 5442 3538 5516 Spiritum

1895 5539 2279 5608 suum,donec
2299 5540 2828 5593 assumaturomne
2844 5535 3398 5604 mendacium,unde
3424 5534 3541 5589 dic-

1894 5634 2023 5685 tum
2043 5633 2151 5695 est,
2181 5628 2367 5684 Omnis
2385 5626 2541 5683 homo
2556 5624 2795 5681 mendax
2814 5626 2992 5696 (Psat.
3013 5642 3136 5695 cxv,
3161 5624 3249 5697 11)
3275 5642 3286 5692 ;
3304 5628 3361 5682 et
3380 5628 3541 5679 tran-

1897 5724 2059 5777 sacta
2088 5735 2203 5776 non
2235 5717 2427 5781 solum
2459 5715 2641 5789 impia
2671 5715 2943 5786 falsitate,
2975 5732 3179 5773 verum
3210 5713 3385 5772 etiam
3414 5713 3541 5786 ipso
