4300 6340
317 281 437 338 ⁸793

320 411 626 479 defﬂuxit;
660 413 761 467 sed
791 432 823 468 a
872 413 1163 484 prioribus
1193 413 1557 485 interpositis
1589 413 1970 483 temporibus,

322 500 542 571 quibus
572 517 640 556 ea
667 507 834 572 gesta
863 506 1022 567 sunt,
1055 507 1186 574 post
1217 520 1341 574 quae
1374 505 1445 558 ad
1477 503 1576 559 illa
1606 503 1885 574 pervenit.

398 599 469 652 Il.
505 598 606 664 [1b.
643 616 681 667 ι,
711 601 846 669 1-3.]
872 602 935 655 Et
959 601 1170 672 factum
1190 608 1266 656 est
1283 608 1573 673 postquam
1592 601 1881 675 defunctus
1898 610 1974 655 est

319 688 499 754 Iesus,
532 690 952 758 interrogabant
975 692 1083 761 ﬁlii
1104 693 1273 746 Israel
1296 694 1353 747 in
1382 694 1611 747 Domino
1636 696 1651 727 ι
1687 692 1973 746 dicentes:

324 777 458 844 Quis
486 778 738 834 ascendet
766 780 1047 835 nobiscum
1065 781 1135 835 ad
1166 782 1549 837 Chananaeum
1570 782 1685 835 dua:
1704 781 1773 835 ad
1792 780 1975 835 debel-

321 866 553 921 landum
572 884 700 921 eum
716 869 737 901 ²
759 872 783 921 ?
812 869 875 922 Et
895 868 1041 923 dixit
1063 871 1324 925 Dominus
1341 889 1360 926 :
1376 870 1541 925 ludas
1558 870 1842 930 ascendet;
1859 883 1979 923 ecce

321 954 452 1010 dedi
472 959 679 1010 terram
702 959 761 1011 in
784 974 953 1013 manu
969 958 990 991 ³
1012 960 1202 1029 ipsius.
1227 960 1326 1015 llic
1345 948 1625 1030 quaeritur
1653 963 1845 1013 utrum
1870 957 1978 1013 ali-

323 1044 461 1113 quis
492 1043 667 1100 homo
684 1047 868 1102 Judas
884 1049 1216 1115 vocabatur,
1241 1067 1313 1104 an
1334 1051 1524 1121 ipsam
1548 1049 1788 1117 tribum,
1812 1048 1894 1103 ita
1915 1052 1980 1102 ut

324 1131 493 1201 solet,
515 1134 600 1189 sic
629 1134 961 1206 appellavit.
985 1138 1093 1191 Sed
1116 1136 1198 1191 illi
1226 1138 1325 1209 qui
1357 1139 1856 1209 interrogaverunt
1878 1142 1980 1193 Do-

326 1221 579 1292 minum,
599 1228 728 1295 post
748 1231 993 1281 mortem
1010 1226 1150 1282 Jesu
1174 1228 1328 1282 Nave
1351 1228 1557 1282 ducem
1578 1227 1975 1298 requirebant;

328 1311 485 1365 unde
512 1316 751 1382 putatur
767 1314 944 1369 unius
961 1331 1303 1387 expressum
1329 1315 1584 1371 hominis
1609 1332 1844 1371 nomen.
1867 1319 1979 1369 Ve-

325 1416 484 1470 rum,
509 1400 647 1471 quia
670 1419 782 1456 non
816 1402 963 1458 solet
993 1405 1171 1460 duces
1203 1407 1504 1461 nominare
1523 1406 1825 1476 Scriptura
1846 1420 1979 1458 cum

325 1489 793 1556 constituuntur,
814 1491 926 1546 nisi
948 1503 1406 1549 commemorata
1437 1495 1612 1549 etiam
1635 1494 1857 1565 origine
1882 1509 1981 1563 pa-

325 1581 585 1646 rentum,
607 1582 663 1633 et
680 1584 907 1635 constat
928 1583 1271 1652 postJesum
1291 1584 1469 1638 duces
1495 1581 1775 1637 habuisse
1799 1598 1982 1652 pepu-

326 1666 455 1720 lum
485 1667 685 1733 Israel,
710 1685 960 1739 quorum
992 1671 1222 1742 primus
1249 1678 1338 1727 est
1362 1672 1670 1728 Gothoniel
1695 1672 1851 1726 ﬁlius
1881 1672 1983 1725 Ce-

330 1772 439 1811 nez
463 1772 476 1821 ;
503 1758 716 1812 rectius
744 1758 1094 1830 intelligitur
1118 1765 1354 1817 nomine
1375 1762 1561 1827 Judae,
1586 1762 1804 1815 tribum
1831 1760 1987 1815 Juda

331 1846 518 1900 fuisse
554 1847 970 1918 signiﬁcatam.
1002 1850 1089 1903 Ab
1123 1850 1252 1921 ipsa
1281 1852 1437 1906 enim
1469 1853 1625 1905 tribu
1656 1850 1840 1904 voluit
1870 1848 1986 1902 Do-

342 1933 544 1989 minus
567 1934 820 2007 incipere
842 1941 1059 1993 conteri
1082 1939 1458 1996 Cbananeeos.
1480 1941 1549 1995 Et
1577 1957 1711 1995 cum
1735 1937 1987 2010 populus

338 2024 414 2079 de
445 2025 590 2080 duce
619 2025 1060 2099 interrogasset,
1094 2031 1164 2085 ad
1197 2030 1305 2086 hoc
1331 2030 1512 2085 valuit
1543 2029 1842 2100 responsio
1876 2027 1988 2081 Do-

337 2113 509 2183 mini,
529 2120 592 2169 ut
613 2114 830 2171 scirent
848 2118 1031 2173 Deum
1055 2118 1315 2174 noluisse
1338 2122 1357 2154 ‘
1391 2120 1461 2174 ab
1484 2119 1752 2173 universo
1775 2114 1988 2189 populo

335 2201 543 2257 bellari
575 2205 853 2261 adversus
871 2206 1249 2263 Chananaeos.
1270 2208 1423 2263 Dixit
1442 2225 1598 2279 ergo,
1617 2208 1783 2264 ludas
1799 2222 1987 2261 ascen-

334 2292 445 2346 det.
466 2296 532 2346 Et
564 2294 832 2363 sequitur
852 2296 1152 2367 Scriptura
1176 2314 1443 2361 narrans,
1470 2298 1529 2351 Et
1560 2298 1705 2352 dixit
1733 2296 1897 2352 Iudas
1918 2294 1990 2350 ad

335 2382 411 2436 ad
438 2384 659 2438 Simeon
690 2385 923 2453 fratrem
942 2402 1105 2440 suum
1135 2403 1153 2440 :
1188 2387 1389 2457 utique
1418 2387 1608 2442 tribus
1639 2388 1709 2441 ad
1744 2386 1985 2440 tribum.

338 2470 464 2525 Non
497 2473 653 2526 enim
698 2473 890 2529 adhuc
922 2474 1189 2530 vivebant
1239 2475 1323 2530 illi
1355 2476 1457 2530 ﬁlii
1505 2477 1682 2531 Jacob
1715 2476 1813 2546 qui
1850 2474 1987 2528 dicti

338 2566 478 2615 sunt
506 2560 693 2617 Judas
726 2568 781 2617 et
823 2563 1079 2634 Simeon,
1115 2564 1269 2620 inter
1319 2571 1555 2623 caeteros
1608 2566 1817 2620 fratres
1850 2580 1989 2619 suos

337 2650 596 2721 propriis
616 2652 956 2708 nominibus
980 2654 1295 2725 appellati;
1330 2656 1428 2710 sed
1459 2655 1603 2709 dixit
1630 2655 1816 2710 tribus
1835 2655 1990 2709 Juda

339 2738 411 2793 ad
444 2740 665 2795 tribum
699 2741 957 2810 Simeon,
979 2744 1217 2799 Ascende
1246 2761 1450 2799 mecum
1479 2747 1537 2800 in
1559 2750 1758 2801 sortem
1786 2761 1985 2811 meam,

338 2837 391 2883 et
421 2829 679 2884 bellemus
708 2832 764 2885 in
797 2830 1108 2888 Chananaeo
1130 2835 1171 2902 ⁵,
1202 2843 1250 2890 et
1281 2835 1371 2890 ibo
1400 2837 1573 2890 etiam
1604 2850 1697 2905 ego
1725 2843 1899 2890 tecum
1931 2835 1989 2887 in

336 2922 541 2972 sortem
570 2927 737 2974 tuam.
774 2920 1150 2978 Manifestum
1181 2928 1269 2979 est
1299 2925 1578 2979 auxilium
1623 2926 1734 2980 sibi
1768 2926 1986 2980 tribum

336 3005 490 3061 Juda
520 3007 761 3065 alterius
782 3011 973 3066 tribus
993 3018 1339 3082 postulasse,
1361 3015 1514 3084 quod
1549 3016 1831 3081 redderet,
1853 3032 1987 3070 cum

338 3102 397 3174 et
424 3096 507 3150 illi
539 3098 597 3152 in
627 3115 735 3154 sua
764 3106 918 3155 sorte
951 3101 1163 3157 habere
1190 3103 1536 3175 incipierent
1566 3104 1984 3160 necessarium.

410 3194 509 3252 Ill.
543 3197 647 3267 [1b.
668 3213 708 3263 1,
729 3198 907 3269 9-12.]
924 3199 991 3254 Et
1018 3199 1161 3254 dixit
1186 3199 1343 3256 Caleb
1365 3218 1383 3255 :
1410 3202 1745 3272 Quicumque
1764 3217 1987 3269 percus-

333 3285 467 3339 serit
483 3286 774 3342 Civitatem
795 3288 1186 3358 litterarum,et
1201 3292 1403 3360 ceperit
1428 3290 1712 3358 eam,dabo
1734 3294 1785 3345 ei
1805 3291 1986 3360 ﬁliam

333 3390 515 3429 meam
536 3376 711 3430 Axam
730 3393 959 3432 uxorem
977 3378 1017 3411 δ’
1042 3378 1171 3434 Jam
1191 3379 1297 3434 hoc
1329 3385 1385 3435 et
1407 3381 1464 3435 in
1498 3382 1646 3436 libro
1664 3381 1807 3436 Jesu
1832 3380 2005 3451 Nave.

334 3470 864 3522 commemoratum
890 3471 977 3523 est
1000 3468 1178 3539 (Iosue
1197 3487 1287 3540 xv,
1323 3470 1409 3541 16)
1434 3488 1446 3525 :
1478 3471 1579 3526 sed
1614 3475 1810 3525 utrum
1840 3472 1983 3527 Jesu

332 3552 561 3608 vivente
576 3554 787 3611 factum
805 3557 965 3624 sit,et
988 3575 1141 3613 nunc
1158 3576 1258 3631 per
1271 3560 1810 3631 recapitulationem
1826 3576 1985 3632 repe-

332 3642 541 3711 titum;
575 3661 649 3699 an
669 3647 941 3717 postejus
957 3655 1199 3703 mortem
1224 3654 1604 3720 posteaquam
1629 3650 1849 3705 dictum
1873 3657 1982 3720 est,

331 3732 503 3788 Judas
525 3738 875 3801 ascendet,et
903 3738 1273 3808 cmpitJudas
1290 3739 1578 3795 debellare
1600 3740 1980 3812 Chananasos,

336 3822 397 3877 in
421 3839 536 3894 quo
554 3823 702 3879 bello
720 3825 1039 3881 istaomnia
1056 3832 1220 3899 gesta
1240 3834 1571 3894 narrantur,
1597 3830 1802 3885 merito
1827 3847 1979 3901 quae-

334 3913 503 3967 ritur.
528 3914 636 3969 Sed
670 3915 1009 3971 credibilius
1039 3921 1127 3973 est
1157 3922 1288 3989 post
1308 3924 1551 3975 mortem
1572 3920 1713 3975 Jesu
1738 3920 1977 3985 factum,

332 4007 476 4057 tunc
508 4007 700 4060 autem
727 4020 828 4076 per
847 4005 1251 4077 prolepsim,id
1286 4014 1374 4063 est
1398 4024 1501 4079 per
1530 4011 1980 4081 prazoccupatio-

334 4108 468 4147 nem
494 4098 1040 4162 commemoratum,
1060 4097 1553 4164 quemadmodum
1577 4103 1634 4154 et
1659 4099 1791 4155 alia.
1815 4100 1979 4155 Nunc

331 4181 489 4236 enim
504 4198 636 4237 cum
660 4200 752 4239 res
769 4188 941 4256 geste:
965 4185 1242 4241 adversus
1256 4185 1611 4243 Chananeos
1627 4188 1980 4245 tribusJuda

330 4277 780 4343 exponerentur,
804 4273 880 4329 ita
900 4290 962 4330 se
984 4275 1337 4331 narrationis
1359 4278 1500 4332 ordo
1523 4278 1799 4346 continet,
1824 4278 1979 4334 inter

331 4367 539 4417 caetera
560 4363 723 4418 Judse
747 4364 897 4419 facta
923 4362 1238 4431 bellica,de
1270 4382 1383 4437 quo
1420 4372 1547 4439 post
1568 4373 1813 4423 mortem
1834 4368 1974 4424 Jesu

332 4451 560 4507 dixerat
585 4453 889 4521 Dominus,
911 4455 1075 4510 Judas
1091 4456 1372 4518 ascendet;
1394 4458 1459 4511 Et
1477 4461 1669 4528 postea
1688 4457 1973 4514 descende-

329 4546 467 4597 runt
496 4541 605 4610 ﬁlii
620 4543 769 4600 Iuda
784 4560 1035 4615 pugnare
1054 4546 1127 4599 ad
1157 4545 1551 4611 Chanaua’um,
1574 4549 1671 4619 qui
1688 4548 1975 4603 habitatin

330 4637 593 4688 montana
623 4641 673 4690 et
702 4639 959 4690 austrum
976 4644 1028 4691 et
1056 4638 1434 4706 campestrem.
1460 4637 1522 4690 Et
1551 4637 1686 4691 abiit
1717 4638 1883 4693 ludas
1906 4638 1975 4692 ad

334 4720 704 4778 Chananaaum
725 4724 1121 4780 inhabitantem
1139 4726 1197 4779 in
1218 4725 1480 4795 Chebron,
1497 4736 1548 4780 et
1566 4728 1703 4781 exiit
1730 4726 1974 4783 Chebron

330 4828 403 4869 ex
416 4813 659 4870 adverso.
679 4814 877 4871 Nomen
900 4823 1080 4871 autem
1094 4819 1214 4870 erat
1237 4815 1480 4871 Chebron
1500 4817 1971 4873 Cariatharbocse-

398 5025 585 5087 'Editi,
604 5026 896 5080 Dominum.
930 5027 1070 5090 Msa,
1102 5024 1156 5080 in
1178 5026 1411 5079 Domino.
1434 5028 1585 5093 Apud
1617 5029 1757 5091 LXX,
1779 5029 1865 5079 die
1890 5034 1974 5080 tau

326 5091 545 5165 Kal-ica.
579 5093 721 5143 [stud
752 5093 1036 5144 locutionis
1064 5106 1233 5156 genus
1279 5091 1499 5143 notatur
1527 5093 1581 5142 in
1622 5095 1974 5144 Locutionum

326 5156 560 5291 hbiti;
591 5220 673 5269 Er.
700 5223 751 5293 et
783 5218 1024 5293 plerique
1052 5218 1198 5293 Msa,
1231 5219 1303 5293 ad
1318 5217 1614 5293 bellandum
1645 5235 1757 5270 eum
1790 5236 1807 5270 :
1837 5220 1972 5272 forte

327 5294 426 5345 pro
457 5282 508 5330 in
539 5296 652 5331 cum
676 5298 688 5345 ;
715 5283 870 5346 juxta
898 5282 1037 5346 LXX,
1067 5282 1342 5357 potemdsai
1364 5298 1487 5345 pros
1513 5287 1691 5357 auten.
1764 5347 1774 5358 .
1927 5347 1936 5358 _

390 5347 410 5379 ³
442 5346 518 5394 lta
561 5346 888 5397 Sorbonicus
916 5346 1014 5396 Ms.
1059 5350 1214 5410 Juxta
1244 5346 1384 5397 LXX.
1432 5347 1499 5397 At
1527 5347 1612 5398 alii
1658 5346 1885 5407 codices,
1916 5361 1973 5397 tn

327 5421 528 5456 manus.

390 5474 411 5507 δ
440 5471 593 5533 Editi,
623 5469 852 5521 voluisse.
885 5471 1028 5534 Mss,
1058 5471 1295 5522 noluisse.

390 5535 410 5568 ⁸
440 5534 593 5595 Editi,
623 5536 676 5584 in
717 5535 1043 5584 Chananeos.
1094 5538 1160 5586 At
1189 5536 1312 5585 Mss.
1345 5536 1397 5584 in
1447 5535 1730 5586 Chananeo
1759 5551 1770 5587 :
1802 5538 1878 5587 sic
1902 5536 1971 5588 le-

327 5597 466 5661 gisse
496 5599 850 5661 Augustinum
878 5599 1048 5661 liquet
1074 5613 1139 5649 ex
1166 5601 1517 5650 Locutionum
1548 5599 1684 5650 libro
1709 5603 1756 5651 7.

389 5662 410 5695 6
434 5657 559 5726 Mss.
588 5674 794 5724 omnes,
818 5660 990 5726 ﬁliam
1010 5675 1175 5713 meam
1205 5665 1260 5714 in
1288 5676 1501 5714 uxorem
1529 5676 1541 5713 :
1569 5662 1767 5714 omisso
1796 5663 1971 5715 nomi-

547 5696 559 5709 ο
588 5696 794 5724 vuln-uva,
818 5696 990 5724 Ιουνκιιο
1010 5696 1175 5713 ΙΙΟῸΙΩΙΙΌ
1206 5696 1260 5714 ,1.
1290 5696 1407 5714 κωυι
1423 5696 1501 5713 νη.
1529 5698 1541 5713 ο

328 5734 412 5789 ne,
439 5724 622 5774 Axam.

1676 279 1909 339 LIBER
1954 280 2372 342 SEPTIMUS.

3626 289 3743 347 794

2078 413 2278 484 ρὴενί,
2311 424 2363 469 et
2390 419 2662 486 percussit
2694 416 2811 473 Sesi
2856 426 2906 474 et
2951 419 3220 475 Achiman
3249 428 3299 474 et
3348 419 3560 474 Cholmi
3604 420 3749 489 ﬁlios

2082 506 2268 559 Enach
2298 522 2315 557 :
2344 513 2393 559 et
2433 507 2799 562 ascenderunt
2848 510 2975 563 inde
3022 510 3092 563 ad
3138 511 3514 564 inhabitantes
3544 510 3734 563 Dabir.

2080 594 2283 649 Nomen
2314 606 2495 651 autem
2520 599 2691 653 Dabir
2709 600 2848 668 quod
2867 608 2983 655 erat
3010 605 3134 655 ante
3157 600 3363 655 Civitas
3394 601 3731 655 litterarum.

2081 685 2146 736 Et
2174 684 2319 738 dicit
2352 686 2513 740 Caleb
2545 705 2563 741 :
2595 689 2932 759 Quicumque
2959 692 3300 759 percusserit
3325 690 3613 745 Civitatem
3645 692 3735 744 lit-

2084 776 2348 838 terarum,
2398 785 2447 830 et
2492 780 2756 847 acceperit
2801 796 2945 845 eam,
2995 778 3133 834 dabo
3162 782 3216 834 ei
3242 781 3423 849 ﬁliam
3463 796 3641 834 meam
3672 780 3733 833 in

2082 878 2326 917 uxorem.
2347 868 2735 938 Constatergo
2767 884 2832 921 ex
2854 867 2961 922 hoc
2987 870 3193 923 ordine
3215 873 3513 940 gestarum
3540 886 3733 924 rerum

2084 957 2204 1006 tam
2231 954 2559 1025 perspicuo,
2588 963 2719 1026 post
2742 961 2987 1011 mortem
3014 958 3153 1012 Jesu
3187 958 3295 1012 hoc
3326 974 3455 1013 esse
3486 957 3732 1014 factum.

2085 1041 2249 1095 Tune
2281 1058 2415 1097 vero
2438 1059 2567 1097 cum
2593 1044 2855 1100 civitates
2877 1046 3025 1100 datae
3046 1046 3157 1117 ipsi
3180 1046 3351 1101 Caleb
3374 1062 3737 1101 commemo-

2086 1135 2379 1197 rarentur,
2412 1149 2760 1203 progressus
2791 1150 2858 1188 ex
2907 1136 3213 1190 occasione
3267 1142 3550 1202 narrator,
3585 1138 3742 1207 quod

2085 1224 2285 1290 postea
2320 1223 2532 1275 factum
2556 1229 2644 1276 est
2671 1227 3115 1294 praeoccupavit.
3150 1226 3264 1280 Nec
3296 1230 3489 1279 tamen
3524 1226 3745 1281 frustra

2086 1309 2338 1363 arbitror
2355 1310 2462 1364 hoc
2480 1312 2550 1364 de
2574 1311 2693 1365 filia
2710 1312 2881 1366 Caleb
2912 1314 3046 1367 data
3064 1314 3121 1367 in
3156 1314 3391 1369 victoris
3418 1314 3739 1385 praemium,

2086 1397 2177 1451 bis
2209 1415 2454 1453 numero
2480 1400 2841 1471 Scripturam
2876 1418 3333 1458 commemorare
3362 1403 3638 1459 voluisse.

2162 1485 2253 1541 IV.
2288 1487 2463 1557 [1b.],
2500 1489 2584 1553 14,
2624 1489 2731 1559 15.]
2772 1490 2897 1544 Alia
2931 1492 3194 1546 nascitur
3244 1493 3484 1562 quaestio
3515 1493 3586 1546 de
3620 1492 3741 1547 ﬁlia

2088 1573 2283 1641 Caleb,
2303 1577 2456 1646 quod
2491 1577 2547 1631 in
2572 1577 2721 1633 libro
2750 1578 3056 1633 JesuNave
3085 1580 3168 1634 sic
3193 1581 3263 1635 de
3295 1581 3396 1635 illa
3418 1581 3650 1651 dicitur,
3677 1584 3739 1636 Et

2086 1666 2296 1734 factum
2312 1672 2413 1733 est,
2433 1686 2556 1723 cum
2586 1670 2965 1740 ingrederetur
2994 1673 3132 1741 ipsa,
3153 1676 3202 1725 et
3223 1670 3526 1726 consilium
3546 1673 3738 1726 habuit

2088 1771 2209 1809 cum
2238 1773 2300 1811 eo
2329 1760 2534 1825 dicens,
2559 1761 2750 1813 Petam
2772 1764 2990 1828 patrem
3024 1777 3207 1814 meum
3228 1764 3526 1829 agrum.Et
3555 1762 3739 1817 excla-

2088 1846 2262 1899 mavit
2291 1846 2355 1901 de
2375 1849 2549 1912 asino,
2571 1854 2626 1902 et
2656 1854 2860 1903 caetera
2885 1867 2896 1904 :
2924 1849 3022 1903 ubi
3052 1866 3259 1921 agrum
3292 1850 3459 1920 petiit
3490 1868 3522 1905 a
3553 1856 3740 1922 patre,

2091 1940 2267 2004 atque
2299 1952 2613 1992 concessus
2657 1942 2745 1993 est
2791 1940 2970 2008 (Iosue
3000 1956 3090 2005 xv,
3122 1940 3210 2005 18,
3248 1939 3355 2011 19).
3389 1940 3490 1994 Hic
3518 1945 3738 2006 autem,

2092 2025 2165 2076 Et
2190 2026 2403 2093 [actum
2432 2031 2527 2089 est,
2562 2026 2773 2096 inquit,
2798 2044 2921 2081 cum
2952 2029 3329 2098 ingrederetur
3357 2030 3490 2098 ipse,
3523 2031 3745 2085 monuit

2090 2128 2208 2166 eam
2242 2112 2518 2170 Gothoniel
2539 2116 2581 2181 ⁵,
2604 2121 2665 2171 ut
2692 2121 2901 2188 peteret
2931 2135 2963 2172 a
2990 2122 3150 2188 patre
3164 2134 3261 2172 suo
3291 2136 3507 2189 agrum.
3543 2119 3654 2173 Sed
3678 2119 3736 2173 in

2091 2218 2156 2256 eo
2188 2204 2341 2272 quod
2388 2205 2607 2259 dictum
2659 2206 2735 2260 ibi
2770 2212 2878 2271 est,
2912 2224 3034 2261 cum
3083 2208 3465 2277 ingrederetur
3492 2211 3650 2279 ipsa;
3681 2212 3739 2263 et

2094 2290 2188 2345 hic
2218 2293 2437 2348 dictum
2463 2300 2572 2361 est,
2591 2312 2713 2350 cum
2733 2296 3113 2367 ingrederetur
3141 2298 3259 2364 ipse
3278 2314 3299 2359 ;
3331 2297 3474 2351 nihil
3508 2303 3738 2352 contra-

2093 2381 2247 2436 rium
2279 2388 2406 2439 est:
2445 2384 2622 2438 simul
2653 2386 2807 2440 enim
2860 2387 3340 2457 ingrediebantur
3366 2386 3543 2441 viam.
3579 2387 3742 2452 Quod

2091 2486 2226 2525 vero
2256 2471 2336 2526 ibi
2368 2473 2591 2528 dictum
2623 2477 2731 2539 est,
2761 2476 3059 2529 consilium
3091 2475 3279 2530 habuit
3309 2492 3432 2530 cum
3461 2491 3543 2541 eo,
3578 2477 3633 2530 id
3658 2481 3750 2531 est

2094 2576 2227 2615 cum
2258 2561 2379 2616 viro
2412 2579 2539 2633 suo,
2574 2564 2781 2631 dicens,
2812 2566 3003 2619 Petam
3050 2570 3263 2636 patrem
3292 2582 3473 2621 meum
3506 2582 3747 2633 agrum,-

2092 2655 2145 2703 et
2174 2652 2506 2707 exclamavit
2534 2653 2599 2707 de
2630 2656 2815 2718 asino,
2848 2664 2904 2708 et
2931 2656 3133 2725 petiit;
3165 2655 3221 2708 in
3254 2671 3320 2710 eo
3348 2656 3501 2726 quod
3537 2655 3745 2711 habuit

2093 2740 2427 2812 consilium,
2451 2742 2531 2796 ibi
2564 2743 2786 2797 monita
2807 2749 2897 2798 est
2929 2748 2993 2798 ut
3026 2749 3242 2815 peteret
3277 2762 3289 2799 :
3323 2761 3569 2814 quorum
3600 2744 3740 2800 alte-

2092 2846 2221 2885 rum
2255 2830 2334 2883 ibi
2367 2831 2589 2886 dictum
2617 2836 2723 2898 est,
2757 2832 3004 2887 alterum
3038 2833 3152 2889 hic.
3188 2833 3513 2904 Utrumque
3541 2839 3740 2890 autem

2092 2916 2174 2972 ita
2204 2918 2512 2989 diceretur,
2550 2921 2614 2974 Et
2646 2920 2955 2975 consilium
2991 2920 3196 2975 habuit
3226 2938 3359 2975 cum
3414 2938 3479 2976 eo
3514 2922 3739 2992 dicens,

2090 3011 2289 3062 Petam
2326 3014 2547 3079 patrem
2604 3025 2800 3063 meum
2850 3026 3055 3079 agrum
3093 3026 3105 3064 :
3140 3009 3237 3065 ille
3283 3015 3478 3064 autem
3513 3013 3743 3067 monuit

2091 3113 2216 3151 eam
2246 3115 2258 3164 ;
2292 3102 2349 3152 et
2378 3097 2720 3153 exclamavit
2740 3099 2810 3152 de
2838 3098 3024 3153 asino.
3045 3104 3220 3153 Porro
3253 3104 3446 3153 autem
3481 3101 3634 3171 quod
3660 3101 3744 3157 ibi

2091 3202 2296 3257 agrum
2332 3189 2581 3241 refertur
2612 3187 2871 3258 petiisse,
2898 3204 3003 3242 nec
3035 3205 3247 3243 nomen
3281 3188 3469 3260 ipsius
3502 3190 3624 3260 agri
3658 3196 3739 3245 ta-

2090 3278 2268 3330 citum
2294 3282 2420 3343 est;
2452 3278 2546 3332 llic
2578 3294 2707 3332 vero
2732 3294 2863 3332 cum
2896 3295 3101 3349 agrum
3137 3284 3331 3350 petere
3363 3279 3585 3334 monita
3612 3280 3737 3335 fue-

2089 3366 2164 3420 rit
2195 3383 2225 3420 a
2256 3368 2379 3421 viro
2412 3384 2540 3432 suo,
2574 3383 2687 3421 non
2720 3384 2925 3439 agrum
2961 3368 3201 3439 petiisse
3230 3369 3465 3436 dicitur,
3488 3369 3736 3427 clamans

2088 3456 2151 3511 de
2178 3457 2483 3527 subjugali,
2519 3458 2673 3528 quod
2707 3458 2783 3511 ibi
2815 3457 3036 3512 dictum
3069 3461 3158 3513 est
3187 3458 3257 3513 de
3283 3458 3469 3529 asino,
3493 3458 3592 3514 sed
3616 3462 3737 3515 red-

2087 3548 2419 3618 emptionem
2447 3562 2627 3617 aqute,
2661 3563 2726 3601 eo
2778 3548 2931 3619 quod
2965 3548 3022 3602 in
3055 3552 3270 3603 terram
3304 3549 3488 3604 austri
3526 3551 3738 3608 fuisset

2086 3636 2335 3701 tradita;
2373 3637 2735 3708 subjecitque
2758 3637 3080 3709 Scriptura,
3111 3640 3173 3692 Et
3200 3638 3351 3693 dedit
3379 3640 3432 3693 ei
3462 3640 3623 3695 Caleb
3652 3658 3738 3698 se-

2085 3729 2332 3782 cundum
2359 3743 2452 3781 cor
2479 3726 2595 3794 eius
2624 3728 3049 3797 redemptionem
3086 3730 3420 3782 excelsorum
3453 3738 3505 3785 et
3532 3731 3736 3785 redem-

2084 3819 2323 3887 ptionem
2366 3816 2701 3878 humilium;
2734 3817 2870 3887 quid
2905 3817 3017 3872 sibi
3071 3817 3198 3872 velit
3247 3818 3561 3874 obscurum
3597 3825 3687 3875 est
3720 3839 3734 3876 :

2086 3906 2200 3960 nisi
2234 3906 2377 3960 forte
2407 3922 2544 3976 ager
2591 3906 2716 3977 ipse
2748 3906 2876 3961 ideo
2926 3907 3249 3977 petebatur,
3284 3915 3344 3961 ut
3394 3907 3634 3964 haberet
3663 3910 3734 3965 de

2085 3997 2155 4051 de
2187 3996 2473 4051 fructibus
2495 3997 2623 4065 ejus
2646 3995 2800 4050 unde
2816 4012 3029 4067 aquam
3062 3996 3392 4062 redimeret,
3413 3999 3581 4068 cujus
3604 3999 3730 4055 ino-

2084 4086 2180 4155 pia
2211 4085 2266 4139 in
2298 4084 2415 4139 illis
2459 4083 2796 4155 regionibus
2839 4089 2983 4149 erat,
3019 4102 3134 4157 quo
3168 4092 3350 4157 nupta
3379 4087 3726 4144 ducebatur.

2081 4176 2210 4241 Sed,
2244 4175 2387 4230 dedit
2415 4174 2470 4230 ei
2502 4174 2661 4230 Caleb
2702 4173 3128 4245 redemptionem
3156 4177 3517 4241 excelsorum,
3552 4182 3601 4231 et
3634 4194 3726 4232 re-

2080 4266 2441 4336 demptionem
2458 4264 2776 4329 humilium,
2797 4280 2909 4318 non
2929 4264 3092 4319 video
3112 4265 3251 4335 quid
3272 4265 3725 4331 subaudiamus,

2082 4354 2195 4409 nisi
2229 4354 2602 4422 fluentorum,
2630 4352 2990 4408 excelsorum
3023 4354 3285 4409 videlicet
3314 4355 3371 4408 in
3408 4355 3723 4421 montanis,

2080 4444 2394 4499 humilium
2427 4443 2485 4497 in
2518 4443 2946 4514 campestribus
2979 4443 3097 4498 sive
3129 4445 3185 4497 in
3216 4443 3487 4500 vallibus.

2150 4534 2214 4588 V.
2250 4534 2355 4605 [1b.
2386 4551 2424 4597 ι,
2444 4534 2528 4598 18,
2550 4534 2661 4603 19.]
2682 4534 2740 4586 Et
2760 4547 2865 4587 non
2888 4534 3237 4589 htereditavit
3256 4534 3431 4591 ludas
3457 4533 3653 4590 Gazam
3672 4543 3727 4590 et

2080 4624 2239 4680 ﬁnem
2268 4625 2406 4695 ejus,
2437 4631 2489 4679 et
2520 4622 2837 4678 Ascalonem
2883 4626 2933 4676 et
2960 4624 3124 4693 ﬁnem
3152 4624 3291 4695 ejus,
3323 4628 3372 4678 et
3403 4624 3643 4679 Accaron
3676 4633 3729 4679 et

2075 4717 2245 4786 finem
2262 4716 2398 4786 ejus,
2418 4718 2469 4770 et
2494 4719 2721 4769 Azolum
2744 4722 2793 4769 et
2807 4714 3120 4785 adjacentia
3145 4716 3287 4784 ejus.
3318 4717 3381 4770 Et
3395 4724 3515 4771 erat
3535 4715 3722 4770 Domi-

2075 4822 2180 4861 nus
2207 4822 2330 4860 cum
2358 4805 2519 4873 Juda,
2552 4808 2601 4859 et
2646 4804 2987 4860 hazreditavit
3023 4808 3279 4872 montem,
3314 4807 3577 4875 quoniam
3606 4822 3723 4862 non

2072 4897 2225 4968 potui
2231 4900 2249 4950 t
2270 4895 2603 4951 hiereditare
2616 4895 2978 4950 inhabitantes
2994 4895 3049 4948 in
3066 4896 3500 4966 raile,quoniam
3512 4898 3723 4957 Rechab

2074 4986 2280 5042 obstitit
2294 4986 2396 5051 eis,
2411 4993 2464 5040 et
2478 5001 2675 5040 currus
2688 4994 2849 5040 erant
2872 4985 2925 5040 ei
2934 4986 3131 5056 ferrei.
3147 4985 3306 5051 Quod
3332 4984 3386 5039 in
3412 4984 3562 5045 libro
3577 4991 3718 5047 Jesu

2078 5076 2250 5145 Nave,
2270 5092 2403 5131 cum
2421 5074 2587 5129 illum
2606 5073 2797 5131 locum
2817 5079 3151 5143 tractarem,
3177 5075 3273 5133 ubi
3301 5079 3585 5151 scriptum
3610 5086 3718 5147 est,

2083 5171 2150 5224 Et
2178 5166 2324 5222 dedit
2348 5167 2613 5222 Dominus
2642 5165 2836 5221 Israeli
2854 5182 3065 5222 omnem
3085 5176 3308 5235 terram,
3334 5187 3467 5225 curn
3502 5169 3719 5226 multas

2082 5260 2208 5329 ejus
2222 5261 2413 5329 partes
2432 5256 2692 5311 nondum
2714 5256 3096 5328 possiderent,
3114 5258 3231 5314 dixi
3254 5260 3334 5315 ita
3358 5276 3525 5332 posse
3548 5258 3719 5315 intel-

2076 5347 2178 5420 ligi
2211 5362 2445 5403 omnem
2469 5350 2679 5402 terram
2705 5345 2923 5415 datam,
2950 5346 3087 5419 quia
3106 5365 3315 5421 eaquae
3336 5350 3469 5405 data
3498 5368 3606 5405 non
3631 5355 3719 5406 est

2075 5439 2133 5493 in
2154 5436 2608 5511 possessionem,
2626 5437 2759 5492 data
2773 5440 2861 5492 est
2878 5437 2933 5490 in
2954 5440 3268 5508 quamdam
3288 5439 3716 5496 exercitationis

2136 5541 2163 5611 ι.
2186 5537 2298 5611 ΑΒ),
2328 5535 2492 5611 Erigat
2516 5536 2659 5593 Lov.,
2704 5534 3395 5611 Cariatharbe’p'el'Sepher.
3428 5540 3493 5611 ᾼι
3520 5543 3636 5611 Mss.
3666 5543 3718 5590 et

2072 5598 2498 5661 Rat.,Cariathar
2517 5596 2809 5661 voxsepher.
2828 5598 2976 5661 Apud
2995 5596 3714 5661 LXX,Kariatharbocsepher.

2134 5665 2155 5699 ²
2181 5660 2663 5733 Thuaneus‘codcx
2693 5660 2777 5710 hic
2806 5664 2857 5711 et
2882 5660 3035 5723 infra,
3059 5664 3214 5714 movit
3231 5678 3363 5715 eam.
3381 5666 3547 5716 Graec.
3569 5660 3715 5733 LXX,

2072 5726 2341 5793 epeseisem
2369 5723 2541 5775 auten.
