4300 6342
612 283 732 341 795

603 414 913 470 utilitatem
930 412 1213 483 (qust,in
1232 414 1615 482 Josue,qu.3cst.
1636 409 1728 479 21)
1754 425 1765 463 :
1793 408 1901 463 hoc
1924 406 2109 462 multo
2131 407 2246 462 evi-

602 503 940 560 dentiushic
954 500 1695 573 apparet,quandoquidem
1711 515 1836 553 com
1849 502 2249 553 memorantur

603 594 863 648 civitates
895 610 1041 663 quas
1066 608 1179 645 non
1208 589 1569 645 haareditavit
1599 589 1805 653 Judas,
1839 592 1894 641 et
1924 587 2159 651 dicitur,
2184 588 2248 641 Et

604 687 723 739 erat
747 684 1013 737 Dominus
1043 698 1165 735 cum
1191 680 1352 747 Juda,
1386 688 1435 733 et
1464 678 1805 734 lu'eredilavit
1836 686 2091 742 montem,
2125 691 2249 748 quo-

603 774 756 828 niam
782 790 893 827 non
918 775 1209 842 potuerunt
1237 770 1565 824 hsereditare
1595 768 1965 823 inhabitantes
1996 769 2055 821 in
2083 766 2246 820 valle.

606 862 745 925 Quis
777 861 931 915 enim
952 877 1065 914 non
1086 858 1374 929 intelligat
1391 859 1565 913 etiam
1594 858 1699 912 hoc
1722 857 1917 927 ipsum
1941 856 2011 911 ad
2036 856 2092 910 id
2116 873 2246 926 per-

610 949 876 1019 tinuisse,
912 950 1065 1019 quod
1098 953 1219 1003 erat
1254 948 1532 1003 Dominus
1564 964 1698 1002 cum
1753 947 1927 1014 Juda,
1961 963 2031 1002 ne
2063 950 2250 1001 totum

606 1045 843 1111 repente
862 1038 1174 1094 obtinendo
1191 1036 1600 1093 cxtolleretur?
1613 1037 1773 1100 Quod
1789 1036 1944 1091 enim
1960 1036 2249 1107 adjungit,

606 1130 862 1201 quoniam
882 1128 1087 1184 [tecliab
1119 1130 1332 1184 obstitit
1359 1130 1458 1194 eis,
1479 1131 1527 1182 et
1556 1144 1757 1182 currus
1787 1131 1945 1181 erant
1976 1128 2026 1181 ei
2052 1126 2251 1197 lerrei;

606 1237 750 1289 quos
782 1235 989 1274 currus
1019 1218 1540 1287 timuerit,dictum
1572 1222 1678 1284 est,
1700 1234 1813 1272 non
1846 1216 2131 1271 Dominus
2151 1212 2252 1285 qui

610 1314 733 1363 erat
760 1308 821 1363 in
851 1309 1022 1377 Juda,
1055 1308 1155 1363 sed
1186 1307 1311 1378 ipse
1335 1307 1519 1362 Judas
1553 1324 1566 1360 :
1602 1324 1705 1361 cur
1734 1310 1930 1361 autem
1972 1304 2250 1368 timuerit,

610 1414 742 1452 cum
776 1415 890 1469 quo
922 1398 1205 1453 Dominus
1248 1402 1391 1463 erat,
1426 1397 1474 1451 si
1506 1396 1805 1466 quaeritur,
1839 1396 1947 1450 hoc
1978 1399 2067 1449 est
2097 1393 2251 1464 quod

611 1487 1394 1558 prudenterintelligendum
1413 1492 1518 1555 est,
1545 1486 1860 1556 refringere
1882 1489 1896 1520 ί
1922 1485 2105 1539 Deum
2132 1501 2253 1553 pro-

608 1576 819 1647 pitium
834 1576 1010 1631 etiam
1025 1576 1083 1630 in
1099 1577 1372 1631 cordibus
1385 1592 1626 1631 suorum
1642 1574 1835 1629 nimiae
1848 1572 2254 1645 prosperitatis

607 1682 903 1732 excessus,
931 1666 1067 1720 utin
1089 1683 1259 1720 usum
1284 1682 1483 1720 eorum
1503 1669 1804 1720 convertat
1826 1664 2117 1732 inimicos,
2137 1680 2253 1716 non

608 1754 799 1809 solum
824 1756 1057 1824 quando
1078 1756 1397 1810 vincuntur
1425 1753 1669 1823 inimici,
1695 1754 1792 1807 sed
1819 1753 1992 1807 etiam
2021 1752 2253 1823 quando

609 1850 994 1912 metuuntur;
1042 1844 1187 1899 illud
1229 1846 1299 1899 ad
1353 1844 1877 1899 commendandam
1927 1842 2254 1911 largitatem

608 1951 799 1999 suam,
845 1934 990 1989 illud
1044 1936 1115 1989 ad
1167 1951 1368 1989 eorum
1428 1934 1862 2004 reprimendum
1921 1931 2253 1987 elationem.

606 2023 751 2078 Nam
788 2024 987 2095 utique
1018 2024 1294 2079 inimicus
1338 2031 1675 2079 sanctorum
1707 2028 1795 2077 est
1826 2022 2072 2093 angelus
2102 2026 2256 2077 sata-

607 2130 693 2167 nas
722 2130 734 2179 ;
768 2130 943 2184 quem
974 2117 1171 2169 tamen
1222 2114 1331 2169 sibi
1385 2114 1587 2168 datum
1620 2112 2085 2184 colaphisantem
2119 2110 2258 2165 dicit

606 2202 943 2273 Apostolus,
978 2219 1049 2257 ne
1080 2202 1486 2275 magnitudine
1512 2200 1931 2257 revelationum
1964 2200 2258 2256 extollere-

610 2297 707 2346 tur
738 2291 806 2361 (II
842 2292 961 2347 Cor.
996 2309 1096 2359 x11,
1127 2294 1204 2361 7).

681 2380 775 2434 VI.
811 2381 915 2448 [lb.
951 2397 991 2449 1,
1021 2382 1137 2449 20.]
1161 2382 1223 2434 Et
1243 2380 1504 2435 dederunt
1539 2380 1695 2435 Caleb
1729 2380 1995 2445 Chebron,
2017 2380 2157 2433 sicut
2177 2380 2257 2433 lo—

614 2478 769 2522 cutus
799 2471 873 2522 est
926 2472 1182 2537 Moyses;
1231 2473 1283 2523 ct
1314 2468 1655 2523 haereditavit
1701 2468 1832 2523 inde
1877 2474 1988 2521 tres
2018 2469 2260 2522 civitates

612 2557 856 2625 ﬁliorum
884 2557 1099 2626 Enach,
1120 2562 1169 2612 et
1200 2558 1424 2613 abstulit
1447 2558 1571 2614 inde
1602 2562 1707 2613 tres
1729 2559 1877 2627 ﬁlios
1898 2556 2103 2613 Enach.
2128 2556 2259 2611 Jam

615 2646 723 2701 hoc
755 2646 978 2701 dictum
1000 2652 1088 2701 est
1122 2648 1179 2701 in
1213 2647 1361 2702 libro
1384 2648 1523 2702 Jesu
1547 2648 1699 2702 Nave
1717 2650 1896 2716 (Iosue
1912 2665 2004 2714 xv,
2032 2648 2118 2712 13,
2148 2647 2259 2713 111),

616 2736 891 2806 quoniam
917 2735 1015 2791 illo
1035 2736 1157 2791 vivo
1178 2739 1391 2792 factum
1416 2743 1503 2793 est
1529 2762 1541 2803 ;
1576 2738 1676 2791 sed
1700 2736 1793 2790 hic
1824 2736 2259 2808 recapitulando

617 2830 1141 2880 commemoratum
1174 2834 1280 2892 est,
1307 2844 1439 2881 cum
1473 2828 1543 2881 de
1574 2826 1729 2882 tribu
1761 2827 1934 2895 Juda,
1970 2828 2120 2881 unde
2153 2826 2262 2880 fuit

614 2914 807 2983 Caleb,
840 2916 1140 2986 Scriptura
1171 2916 1530 2988 loqueretur.

686 3004 801 3059 VII.
836 3006 939 3076 [1b.
976 3023 1014 3072 1,
1046 3006 1136 3072 21,
1168 3006 1247 3078 8.]
1278 3006 1566 3070 Quaaritur
1599 3008 1892 3079 quomodo
1916 3006 2137 3061 dictum
2164 3006 2259 3076 sit,

612 3095 675 3148 Et
694 3095 1004 3151 Jebusaeum
1021 3094 1361 3150 habitantem
1378 3098 1435 3149 in
1452 3097 1753 3151 Jerusalem
1768 3113 1875 3151 non
1891 3096 2261 3152 haereditate-

612 3193 742 3238 runt
772 3185 883 3254 filii
928 3186 1245 3255 Benjamin,
1278 3191 1330 3240 et
1358 3187 1625 3240 habitavit
1669 3188 1936 3241 Jebuszeus
1962 3202 2095 3254 ,cum
2126 3186 2261 3255 ﬁliis

614 3274 908 3343 Benjamin
926 3278 984 3329 in
999 3277 1304 3331 Jerusalem
1320 3292 1489 3346 usque
1512 3278 1570 3329 in
1591 3277 1917 3331 hodiernum
1930 3277 2103 3341 diem,
2126 3291 2259 3329 cum

614 3363 884 3434 superius
904 3364 1135 3435 legatur
1154 3366 1355 3419 eadem
1370 3365 1570 3419 civitas
1595 3383 1625 3419 a
1645 3366 1979 3437 Judacapta
1993 3370 2049 3421 et
2068 3364 2261 3419 incen-

615 3469 700 3518 sa,
742 3454 1060 3508 interfectis
1093 3453 1149 3507 in
1183 3472 1249 3509 ea
1279 3455 1608 3511 Jebusaeis?
1638 3457 1749 3510 Sed
1785 3456 2257 3527 cognoscendum

616 3546 705 3595 est
736 3541 910 3596 istam
944 3542 1231 3598 civitatem
1266 3560 1641 3599 communem
1674 3544 1953 3599 habuisse
1988 3544 2136 3599 duas
2158 3544 2260 3597 tri-

613 3628 746 3699 bus,
777 3630 991 3685 Judam
1021 3638 1079 3687 et
1117 3633 1443 3703 Benjamin,
1474 3633 1627 3689 sicut
1670 3634 1924 3689 ostendit
1956 3634 2083 3705 ipsa
2114 3633 2261 3688 divi-

614 3719 701 3774 sio
733 3723 1045 3789 terrarum,
1078 3739 1207 3793 quae
1241 3724 1391 3779 facta
1439 3728 1527 3780 est
1558 3741 1590 3779 a
1619 3724 1758 3779 Jesu
1790 3724 1943 3779 Nave
1976 3724 2134 3795 (Ibid.
2167 3725 2258 3790 63,

616 3812 666 3862 et
696 3826 857 3876 xv111,
883 3812 994 3882 28).
1032 3813 1163 3883 Ipsa
1193 3818 1281 3868 est
1310 3814 1464 3868 enim
1496 3814 1678 3869 Jebus
1731 3831 1855 3885 quas
1882 3812 2207 3869 Jerusalem
2243 3830 2256 3868 :

614 3897 744 3955 ideo
776 3901 901 3955 duae
932 3900 1055 3955 ista:
1087 3903 1280 3959 tribus
1303 3908 1713 3959 remanserunt
1737 3904 1808 3959 ad
1832 3904 2116 3975 templum
2148 3902 2260 3958 Do-

616 3988 782 4057 mini,
816 3992 1049 4061 quando
1076 3997 1310 4059 caeleraa,
1334 3999 1574 4065 excepta
1607 3994 1738 4049 Levi
1770 4011 1898 4064 qua:
1929 3994 2259 4049 sacerdota-

614 4076 687 4133 lis
721 4079 829 4133 fuit
856 4085 912 4135 et
942 4086 1127 4137 terras
1158 4082 1217 4137 in
1267 4083 1611 4138 divisionem
1665 4100 1781 4138 non
1814 4082 2057 4154 accepit,
2090 4098 2259 4153 sepa-

614 4178 887 4223 raverunt
913 4187 975 4225 se
1006 4188 1038 4225 a
1085 4188 1262 4242 regno
1293 4172 1446 4227 Julia
1477 4189 1610 4227 cum
1658 4172 1990 4227 Jeroboam.
2037 4172 2260 4227 Intelli-

615 4258 868 4329 gendum
901 4264 989 4314 est
1018 4276 1153 4331 ergo
1187 4278 1219 4315 a
1248 4261 1400 4315 Juda
1430 4261 1667 4332 quidem
1700 4262 1992 4317 civitatem
2026 4265 2258 4332 captam

613 4352 669 4402 et
712 4349 1035 4417 incensam,
1066 4348 1390 4405 interfectis
1444 4351 1542 4422 qui
1572 4351 1690 4405 illic
1740 4352 1947 4423 reperti
1979 4350 2211 4406 fuerant
2241 4366 2255 4405 :

616 4437 717 4490 sed
752 4453 864 4492 non
898 4454 1101 4493 omnes
1130 4439 1428 4495 Jebusseos
1455 4457 1582 4496 esse
1612 4440 1938 4509 extinctos;
1971 4440 2089 4495 sive
2122 4440 2260 4511 quia

614 4532 781 4580 erant
806 4532 968 4582 extra
997 4528 1155 4583 illam
1180 4530 1631 4599 civitatem,sive
1660 4530 1798 4601 quia
1821 4531 2019 4601 fugere
2050 4535 2257 4601 potue-

616 4618 779 4668 runt:
800 4631 948 4685 quos
980 4616 1236 4689 reliquos
1257 4620 1556 4675 Jebuszeos
1587 4620 1877 4675 admissos
1909 4636 2037 4675 esse
2068 4638 2099 4675 a
2123 4620 2259 4676 ﬁliis

612 4702 941 4775 Benjamin,
976 4708 1191 4778 quibus
1224 4726 1358 4764 cum
1400 4710 1554 4764 Juda
1582 4714 1706 4765 erat
1736 4709 1938 4765 civitas
1970 4709 2068 4765 illa
2098 4728 2257 4766 com-

614 4794 832 4862 munis,
868 4795 924 4850 in
958 4813 1025 4851 ea
1072 4798 1246 4853 simul
1299 4798 1578 4854 habitare.
1633 4800 1793 4863 Quod
1844 4816 1980 4871 ergo
2011 4800 2255 4869 dictum,

612 4884 729 4939 Non
760 4884 1228 4942 hwreditaverunl
1254 4890 1566 4945 Jebusaeum
1596 4891 1705 4960 ﬁlii
1732 4891 2047 4960 Benjamin,
2080 4889 2257 4945 intel-

612 4970 916 5043 ligendum
949 4981 1035 5030 est
1075 4978 1229 5047 quod
1264 4994 1368 5032 nec
1415 4978 1754 5035 tributarios
1804 4996 1902 5035 eos
1934 4981 2121 5035 facere
2152 4997 2257 5050 po-

613 5066 869 5133 tuerunt,
910 5066 1029 5120 sive
1070 5066 1397 5123 voluerunt.
1429 5070 1545 5123 Aut
1591 5074 1741 5124 certe
1772 5086 1881 5125 non
1909 5069 2259 5126 hacreditavit

610 5153 944 5221 Jcbuszcum,
996 5156 1218 5211 dictum
1268 5164 1377 5223 est,
1410 5158 1548 5229 quia
1599 5176 1714 5214 non
1763 5160 1889 5215 sine
1942 5159 2039 5214 1110
2071 5160 2261 5214 tenuit

615 5247 830 5299 terram
864 5264 987 5315 quae
1021 5248 1091 5301 ab
1126 5247 1223 5302 illo
1256 5248 1686 5316 possidebatur.

684 5333 832 5390 VIII.
869 5335 975 5406 [lb.
1011 5354 1047 5405 1,
1079 5338 1193 5407 ‘37.]
1214 5340 1272 5392 Et
1296 5354 1401 5393 non
1429 5339 1784 5394 hwrea’itavit
1812 5340 2077 5394 Manasses
2094 5344 2256 5393 Beth-

613 5440 732 5493 san,
766 5442 884 5495 qua:
914 5430 989 5479 est
1022 5426 1345 5496 Scytharum
1374 5429 1589 5484 civitas.
1624 5429 1756 5500 Ipsa
1784 5428 1956 5485 hodie
1988 5428 2256 5500 perhibe-

614 5516 712 5567 tur
733 5514 1098 5586 Scythopolis
1128 5516 1265 5573 dici.
1284 5521 1481 5575 Potest
1508 5523 1705 5575 autem
1739 5535 1986 5585 movere,
2012 5534 2255 5590 quomo-

616 5604 689 5657 do
720 5603 836 5658 illis
868 5606 1136 5675 partibus
1186 5607 1437 5663 multum
1488 5608 1558 5664 ab
1593 5608 1827 5679 Scythia
1876 5608 2122 5664 diversis
2151 5624 2256 5679 po-

683 5790 701 5826 ί
730 5788 813 5841 Sic
830 5789 957 5842 Mss.
971 5792 1026 5844 et
1043 5792 1205 5845 editio
1220 5792 1337 5845 Rat.
1349 5792 1477 5846 Aliae
1495 5807 1617 5845 vero
1636 5794 1915 5859 editiones,
1928 5794 2257 5861 restringere.

1346 276 1878 349 QUIESTIONUM
1930 276 1991 333 S.
2042 273 2466 334 AUGUSTINI
2514 274 2591 331 IN
2638 270 3277 332 HEPTATEUCHUM

3898 267 4009 324 796

2367 406 2547 460 tuerit
2578 421 2706 461 esse
2732 403 3084 476 Scytharum
3115 402 3341 459 civitas.
3378 400 3490 457 Sed
3520 399 3794 456 similiter
3826 404 4011 471 potest

2365 512 2615 561 movere,
2651 495 2943 566 quomodo
2975 499 3095 549 tam
3127 491 3299 564 longe
3330 510 3364 547 a
3410 490 3751 546 Macedonia
3778 488 4010 544 Macedo

2363 586 2689 640 Alexander
2719 584 3046 639 condiderit
3066 582 3473 638 Alexandriam
3509 580 3830 643 civitatem;
3860 580 4006 649 quod

2365 675 2567 745 utique
2596 676 2727 729 fecit
2750 674 2919 745 longe
2942 674 3174 744 lateque
3204 672 3474 728 bellando
3504 689 3515 727 :
3542 672 3619 725 ita
3647 672 3850 737 etiam,
3872 686 4000 724 cum

2363 764 2586 836 Scythae
2617 766 2931 835 aliquando
2962 763 3231 819 bellando
3252 763 3311 817 in
3344 762 3666 833 longinqua
3694 761 4004 831 progrede-

2366 860 2590 923 rentur,
2625 855 2801 911 istam
2851 855 3100 909 condere
3132 857 3470 925 potuerunt.
3510 852 3654 906 Nam
3706 849 3921 921 legitur
3949 848 4005 902 in

2366 944 2612 1000 historia
2641 945 2928 1016 gentium,
2962 944 3293 999 universam
3344 959 3489 1014 pene
3536 941 3733 995 Asiam
3765 939 4005 1011 Scythas

2366 1035 2681 1105 aliquando
2716 1034 2995 1101 tenuisse,
3029 1051 3165 1089 cum
3206 1034 3327 1105 regi
3355 1031 3755 1104 Egyptiorum
3789 1028 3875 1083 illi
3910 1029 4007 1099 qui

2366 1127 2449 1180 eis
2482 1124 2636 1179 ultro
2668 1124 2888 1179 bellum
2933 1124 3241 1187 indixerat,
3272 1123 3424 1178 irent
3471 1120 3720 1187 obviam,
3755 1136 4003 1191 quorum

2365 1214 2616 1268 adventu
2650 1215 2911 1283 territus,
2943 1214 3002 1267 in
3034 1230 3209 1268 suum
3242 1229 3303 1267 se
3334 1227 3575 1283 regnum
3607 1210 3845 1281 recepit.

2440 1303 2530 1357 IX.
2572 1304 2677 1373 [lb.
2714 1322 2754 1369 1,
2780 1305 2895 1372 27.]
2929 1304 2994 1358 Et
3022 1320 3130 1359 non
3163 1303 3515 1357 haereditavit
3546 1302 3815 1356 Manasses
3845 1299 4009 1353 Beth-

2364 1411 2487 1461 san,
2523 1411 2637 1463 qua:
2667 1399 2742 1448 est
2769 1394 3098 1465 Scytharum
3129 1394 3346 1461 ciuitas,
3379 1408 3554 1461 neque
3583 1390 3734 1461 ﬁlias
3763 1391 3898 1460 ejus.
3930 1391 4015 1443 Fi-

2366 1485 2479 1538 lias
2509 1484 2629 1553 ejus
2660 1484 2801 1537 dicit
2830 1482 3091 1538 civitates
3123 1500 3269 1553 quas
3298 1481 3429 1553 ipsa
3461 1480 3643 1552 .quasi
3676 1478 4015 1551 metrOpolis

2366 1573 2723 1627 instituerat.

2436 1662 2501 1717 X.
2539 1663 2643 1732 [lb.
2681 1679 2718 1728 1,
2751 1662 2862 1728 28.]
2897 1662 2958 1716 Et
2987 1664 3201 1730 factum
3228 1664 3324 1731 est,
3360 1660 3571 1731 quando
3600 1658 3894 1731 przvaluit
3923 1662 4011 1713 Is-

2363 1752 2505 1819 rael,
2537 1758 2589 1806 et
2616 1753 2802 1822 posuit
2845 1752 3221 1807 Chananaeum
3250 1753 3310 1807 in
3354 1752 3644 1817 tributum,
3675 1758 3724 1805 et
3753 1754 4012 1819 auferens

2364 1858 2473 1897 non
2505 1842 2737 1897 abstulit
2767 1858 2910 1896 eum.
2943 1842 3070 1896 Jam
3107 1841 3221 1896 tale
3252 1839 3470 1912 aliquid
3493 1840 3713 1894 dictum
3743 1844 3832 1894 est
3858 1839 3915 1892 in
3950 1838 4013 1892 li-

2366 1931 2468 1986 bro
2500 1932 2639 1986 Jesu
2674 1931 2849 2000 Nave,
2899 1948 3044 2001 pene
3075 1930 3219 2002 ipsis
3263 1930 3455 1985 verbis
3506 1932 3695 2000 (Josue
3723 1945 3862 1997 xvn,
3899 1929 4006 1997 13).

2365 2021 2615 2075 Proinde
2654 2026 2754 2076 aut
2798 2020 2889 2075 hic
2939 2038 3041 2091 per
3071 2019 3592 2092 anacephalazosim
3644 2018 3877 2087 dicitur,
3912 2025 4014 2072 aut

2366 2110 2486 2165 illic
2514 2127 2616 2181 per
2645 2110 2960 2182 prolepsim
2994 2110 3215 2164 dictum
3238 2114 3353 2177 est;
3381 2110 3437 2164 id
3469 2114 3578 2174 est,
3604 2115 3705 2163 aut
3732 2108 3825 2164 hic
3860 2124 4013 2163 reca-

2367 2200 2699 2272 pitulando,
2732 2205 2832 2255 aut
2864 2199 2982 2255 illic
3016 2200 3494 2272 praeoccupando.

2438 2290 2529 2345 XI.
2566 2291 2671 2360 [lb.
2705 2307 2744 2355 1,
2775 2291 2886 2358 3/1.]
2925 2291 2987 2344 Et
3036 2291 3435 2346 contribulavit
3481 2289 3827 2343 Amorrhzus
3872 2289 4017 2355 ﬁlios

2371 2386 2492 2436 Dan
2524 2382 2581 2433 in
2612 2385 2815 2447 monte,
2860 2382 3117 2450 quoniam
3149 2396 3259 2435 non
3302 2380 3555 2451 permisit
3583 2395 3673 2434 eos
3702 2378 4019 2434 descendere

2370 2472 2429 2524 in
2462 2471 2679 2525 vallem.
2714 2471 2779 2524 Et
2810 2470 2919 2524 hoc
2950 2470 3243 2535 similiter,
3275 2474 3376 2524 aut
3406 2470 3464 2523 in
3495 2468 3645 2524 libro
3687 2468 3826 2524 Jesu
3860 2468 4016 2523 Nave

2370 2561 2829 2630 praeoccupando
2861 2565 3386 2615 commemoratum
3408 2564 3496 2614 est
3516 2558 3615 2631 (Id.
3647 2576 3763 2626 XIX,
3798 2560 3885 2623 48,
3909 2574 4015 2614 sec.

2371 2649 2553 2718 LXX),
2589 2654 2690 2703 aut
2719 2649 2812 2704 hic
2845 2650 3306 2721 recapitulando.

2441 2739 2560 2793 XII.
2594 2740 2696 2808 [lb.
2730 2757 2793 2805 11,
2829 2738 2903 2811 1.]
2934 2741 2997 2793 Et
3025 2738 3271 2794 ascendit
3322 2737 3560 2808 angelus
3609 2739 3825 2793 Domini
3851 2754 4021 2809 super

2371 2830 2740 2885 Claul/mzona
2754 2838 3011 2885 montem.
3028 2828 3430 2901 Seriptorlibri
3446 2828 3553 2883 hoc
3570 2828 3805 2883 nomine
3827 2827 4026 2899 appel-

2368 2918 2510 2973 lavit
2528 2918 2743 2987 locum,
2759 2918 2897 2989 quia
2919 2923 3120 2990 postea
3138 2917 3409 2989 scripsit:
3438 2934 3571 2972 nam
3594 2918 3825 2989 quando
3848 2933 4024 2988 ange-

2369 3006 2461 3063 lus
2480 3008 2711 3063 Domini
2736 3025 2911 3078 super
2927 3026 3060 3063 cum
3082 3007 3364 3073 ascendit,
3388 3008 3647 3063 nondum
3673 3008 3754 3063 sic
3769 3006 4026 3079 appella-

2371 3098 2562 3151 batur.
2586 3099 2632 3150 A
2664 3097 2985 3167 ploratione
3017 3098 3234 3168 quippe
3256 3113 3467 3151 nomen
3502 3096 3742 3167 accepit,
3766 3112 3832 3151 eo
3863 3096 4020 3167 quod

2371 3204 2551 3259 graece
2576 3182 2857 3257 κλαυθμός
2901 3185 3144 3256 ploratio
3175 3185 3408 3241 dicitur.
3465 3186 3545 3240 Ibi
3576 3184 3731 3240 enim
3765 3184 4025 3256 populus

2370 3275 2543 3341 flevit,
2578 3293 2711 3330 cum
2746 3276 3007 3331 audisset
3035 3276 3107 3331 ab
3141 3275 3345 3347 angelo
3375 3276 3551 3329 verba
3582 3274 3804 3329 Domini
3837 3274 4025 3329 vindi-

2369 3365 2559 3420 cantis
2593 3365 2649 3419 in
2684 3383 2803 3430 eos,
2830 3366 2983 3437 quod
3018 3365 3421 3421 inobedientes
3443 3365 3713 3431 fuissent,
3742 3364 3880 3436 quia
3903 3380 4019 3419 non

2369 3456 2905 3511 exterminaverunt
2920 3454 3168 3527 populos
3184 3456 3507 3510 secundum
3523 3458 3873 3526 praeceptum
3893 3455 4024 3524 ejus

2369 3544 3328 3616 quibuspraivaluerunt.eligentes
3343 3561 3441 3599 eos
3455 3544 3639 3599 facere
3655 3543 4023 3611 tributarios,

2368 3651 2544 3704 quam
2560 3635 2891 3690 interimere
2906 3638 2961 3689 et
2977 3632 4015 3706 perdere,quemadmodumjusserat

2367 3724 2672 3780 Dominus.
2708 3725 2869 3790 Quod
2902 3726 3020 3781 sive
3051 3728 3384 3794 contempto
3415 3722 3517 3778 Dei
3566 3722 3865 3788 mandato,
3898 3722 4015 3775 sive

2367 3814 2580 3869 timore
2613 3814 2875 3881 fecerint,
2910 3830 2983 3869 ne
3020 3812 3221 3869 hostes
3251 3812 3559 3868 adversum
3588 3828 3653 3866 se
3682 3811 3873 3866 acrius
3902 3826 4015 3882 pu-

2367 3918 2546 3973 gnare
2577 3920 2680 3975 pro
2711 3902 2900 3959 salute
2930 3903 3268 3970 obtinenda,
3304 3918 3481 3973 quam
3516 3918 3616 3973 pro
3647 3901 3863 3956 tributo
3897 3916 4014 3954 non

2366 3992 2559 4047 dando
2590 3996 2883 4064 cogerent,
2918 3992 3044 4048 sine
3074 3992 3254 4047 dubio
3283 3994 3690 4063 peccaverunt,
3723 3989 3813 4043 vel
3846 4004 4011 4060 sper-

2368 4082 2557 4136 nendo
2578 4083 2729 4151 quod
2750 4082 3030 4137 divinitus
3052 4082 3405 4152 imperatum
3423 4084 3530 4147 est,
3552 4078 3639 4134 vel
3664 4096 3775 4134 non
3801 4095 4017 4150 praesu-

2367 4170 2579 4225 mendo
2608 4171 2762 4242 quod
2796 4187 2894 4226 eos
2919 4174 3133 4241 posset,
3153 4169 3253 4240 qui
3286 4169 3690 4239 imperaverat,
3714 4168 4011 4239 adjuvare.

2365 4259 2525 4322 Quod
2560 4260 2687 4316 ideo
2710 4277 2814 4332 per
2828 4259 3030 4315 Jesum
3062 4259 3249 4314 noluit
3271 4260 3354 4314 eis
3385 4258 3576 4314 dicere
3597 4258 3669 4325 (si
3689 4262 3883 4313 tamen
3908 4258 4011 4313 ad-

2365 4347 2478 4404 huc
2511 4366 2576 4406 eo
2616 4348 2843 4407 vivente
2884 4350 3013 4421 jam
3046 4353 3299 4421 czeperat
3348 4348 3471 4403 fieri
3496 4351 3537 4419 ί,
3569 4354 3626 4402 et
3672 4364 3786 4403 non
3820 4346 4013 4419 potius

2366 4441 2822 4511 praeoccupando
2841 4444 3366 4495 commemoratum
3384 4436 3851 4508 fueratquodillo
3867 4454 4015 4492 mor-

2364 4534 2464 4583 tuo
2498 4530 2618 4583 fieri
2643 4531 2859 4601 coepit),
2877 4529 3017 4601 quia
3039 4529 3143 4584 hoc
3167 4528 3440 4584 omnibus
3462 4527 3643 4582 voluit
3663 4528 4014 4598 exprobrare

2365 4636 2467 4690 per
2498 4620 3080 4691 angelumznoudum
3115 4622 3309 4674 autem
3334 4634 3539 4673 omnes
3571 4617 3625 4671 id
3659 4617 4015 4672 fecerantvi-

2364 4714 2530 4763 vente
2557 4709 2721 4778 Jesu,
2752 4707 2860 4765 etsi
2892 4708 3073 4779 aliqui
3099 4709 3249 4763 forte
3272 4708 3397 4778 jam
3423 4710 3732 4778 coeperant.
3758 4706 4015 4762 Credibi-

2364 4797 2479 4853 lius
2512 4802 2601 4854 est
2632 4803 2827 4854 tamen
2857 4797 3002 4853 nihil
3036 4796 3149 4853 tale
3180 4797 3304 4853 fieri
3337 4801 3585 4868 emptum
3618 4795 3842 4851 vivente
3871 4800 4009 4851 Jesu

2364 4888 2538 4953 Nave,
2572 4893 2915 4959 tantumque
2947 4894 3237 4943 terrarum
3282 4888 3391 4944 sub
3441 4886 3539 4942 illo
3571 4885 3830 4941 tenuisse
3860 4885 4011 4941 ﬁlios

2363 4977 2953 5049 Israel,quantumeis
2968 4980 3037 5033 ad
3052 4977 3476 5033 considendum
3490 4977 4013 5047 sufﬁceret,quam-

2362 5068 2449 5122 vis
2472 5068 2529 5121 in
2554 5068 2809 5123 sortibus
2836 5068 2962 5124 suis
2985 5068 3265 5124 haberent
3288 5067 3439 5121 unde
3463 5066 3772 5122 crescendo
3795 5071 3853 5122 et
3873 5082 4009 5121 con-

2362 5156 2704 5213 valesccndo
2719 5158 2907 5214 adhuc
2920 5157 3284 5214 adversarios
3296 5156 4011 5212 exterminarent.Proinde

2362 5252 2494 5319 post
2518 5254 2762 5303 mortem
2776 5248 2938 5319 Jesu,
2961 5253 3346 5321 posteaquam
3372 5247 3795 5319 praevaluerunt
3820 5252 3879 5302 ut
3902 5246 4008 5301 hoc

2363 5344 2604 5410 possent
2621 5340 2829 5409 facere,
2855 5339 3193 5395 maluerunt
3212 5355 3311 5394 eos
3331 5339 3542 5393 habere
3565 5337 3904 5393 tributarios
3927 5352 4007 5391 se-

2363 5430 2621 5483 cundum
2644 5429 3001 5485 voluntatem
3031 5444 3416 5499 suam,quam
3442 5427 3777 5483 interimere
3802 5430 3857 5481 et
3876 5443 4007 5499 per-

2364 5518 2501 5574 dere
2522 5519 2849 5575 secundum
2868 5518 3230 5574 voluntatem
3256 5516 3357 5572 Dei
3384 5534 3397 5572 :
3424 5520 3660 5589 propter
3684 5515 3791 5571 hoc
3813 5516 3884 5571 ad
3912 5532 4008 5570 eos

2362 5608 2763 5680 corripiendos
2785 5608 3030 5683 angelus
3053 5608 3273 5664 missus
3296 5611 3400 5663 est.
3420 5608 3581 5673 Quod
3595 5622 3728 5662 vero
3750 5622 4006 5663 comme-

2435 5735 2446 5768 ¹
2474 5733 2650 5800 Editi;
2681 5734 2756 5783 Eo
2782 5734 2978 5800 uiuente
2995 5732 3115 5800 jam
3141 5729 3263 5800 ﬁeri
3286 5732 3615 5800 preceperat.
3642 5730 3830 5785 Verius
3859 5730 4005 5783 Vati-

2371 5796 2494 5849 cani
2524 5795 2758 5863 codices,
2783 5797 2896 5862 ;‘am
2924 5795 3149 5860 coeperat
3174 5795 3330 5862 ﬁeri.
