4300 6352
293 350 408 412 813

293 480 450 548 ham,
465 480 649 535 donec
664 479 1016 551 perﬁciendo
1043 480 1197 552 quod
1215 482 1443 536 voverat
1463 479 1719 552 seipsum
1744 493 1949 551 percu-

294 573 439 625 teret
467 570 715 626 orbitate
736 569 1104 642 gravissima,
1131 574 1311 626 Deum
1343 574 1537 626 autem
1570 584 1940 641 nequaquam

295 658 548 715 hominis
579 659 981 715 immolatione
1000 659 1253 731 placaret
1272 664 1354 715 :et
1382 660 1511 715 ideo
1534 658 1941 729 hujuscemodi

300 750 442 822 patri
474 766 704 821 pmnam
736 750 917 805 fuisse
942 750 1309 819 retributam,
1334 764 1405 803 ne
1428 749 1787 821 impunitum
1809 746 1942 801 talis

295 838 406 894 voti
425 838 1698 911 relinquereturexemplum,utautmagnum
1722 835 1940 907 aliquid

298 944 357 984 se
387 944 591 984 vovere
622 929 737 984 Deo
760 932 1035 1000 putarent
1064 928 1355 998 homines,
1380 944 1515 983 cum
1538 928 1806 983 victimas
1835 926 1943 980 hu-

299 1035 499 1073 manas
531 1022 822 1084 voverent,
858 1022 937 1083 et,
962 1018 1114 1089 quod
1148 1021 1239 1073 est
1266 1016 1628 1084 horribilius,
1651 1015 1939 1083 ﬁliorum;

298 1111 394 1162 aut
426 1124 539 1163 non
574 1124 727 1177 vera,
775 1107 875 1163 sed
910 1107 1104 1179 potius
1147 1106 1425 1162 simulata
1455 1107 1655 1162 eadem
1688 1110 1820 1161 vota
1849 1122 1939 1161 es-

297 1202 448 1265 sent,
480 1214 610 1253 cum
642 1197 800 1253 velut
827 1197 1092 1269 exemplo
1119 1196 1364 1251 Abrahm
1396 1200 1697 1268 sperarent
1728 1195 1825 1267 qui
1850 1212 1943 1250 vo-

296 1288 536 1352 vissent,
568 1287 752 1342 Deum
804 1285 1239 1358 prohibiturum
1290 1284 1431 1340 talia
1478 1289 1610 1340 vota
1640 1284 1939 1356 compleri.

365 1374 1429 1447 Possemus,inquam,hrecdicere,nisi
1446 1375 1515 1429 ab
1532 1374 1642 1429 ista
1655 1374 1945 1429 sententia

297 1468 410 1523 duo
433 1483 537 1521 nos
561 1465 849 1538 praecipue
871 1464 1202 1519 divinarum
1226 1464 1941 1536 Scripturarumtestimo-

297 1556 393 1611 nia
440 1556 842 1623 retardarent;
895 1558 959 1609 ut
990 1554 1140 1609 hanc
1193 1569 1315 1609 rem
1348 1558 1569 1619 gestam
1604 1558 1658 1608 et
1688 1553 1745 1607 in
1776 1553 1943 1609 libris

296 1650 468 1701 tanta:
516 1643 883 1700 auctoritatis
928 1643 1222 1698 memoria:
1276 1643 1769 1710 commendatam,
1811 1642 1941 1697 dili-

296 1735 526 1807 gentius
558 1738 846 1807 quantum
881 1732 1162 1787 Dominus
1193 1732 1452 1803 adjuvat,
1483 1736 1540 1787 et
1569 1731 1797 1788 cautius
1822 1749 1945 1804 per-

297 1830 649 1895 scrutemur,
682 1838 754 1879 ne
784 1823 843 1877 in
891 1821 1073 1877 ullam
1106 1826 1329 1894 partem
1369 1822 1665 1895 judicium
1698 1826 1944 1877 temera-

296 1915 450 1971 rium
484 1914 873 1986 proferamus.
912 1912 1126 1981 Unum,
1157 1913 1305 1983 quod
1339 1911 1397 1967 in
1431 1910 1692 1983 Epistola
1735 1911 1806 1967 ad
1834 1912 1944 1967 He-

297 2005 482 2060 braeos
522 2004 634 2060 iste
682 2002 889 2075 Jephte
938 2002 1091 2058 inter
1137 2001 1282 2057 tales
1332 2005 1847 2071 commemoratur,
1881 2004 1947 2056 ut

297 2110 431 2150 eum
462 2093 701 2166 culpare
730 2108 1054 2160 vereamur,
1088 2091 1187 2146 ubi
1241 2091 1326 2147 sic
1373 2092 1659 2162 scriptum
1693 2093 1783 2146 est
1816 2107 1828 2145 :
1881 2092 1948 2145 Et

295 2185 427 2257 quid
455 2184 632 2240 adhuc
658 2183 882 2238 dicam?
912 2182 1102 2253 Deﬁcit
1122 2183 1270 2237 enim
1299 2197 1385 2236 me
1409 2185 1619 2253 tempus
1639 2180 1949 2236 enarrandi

297 2274 369 2330 de
398 2272 628 2339 Gedeon,
679 2274 882 2338 Barac,
936 2269 1191 2335 Samson,
1225 2279 1276 2325 et
1322 2269 1533 2337 Iephte,
1565 2277 1618 2323 et
1665 2270 1859 2335 David,
1890 2272 1946 2323 et

298 2364 543 2432 Samuel,
578 2366 629 2417 et
660 2361 982 2433 Pr0phetis;
1012 2360 1107 2431 qui
1128 2376 1233 2431 per
1260 2358 1422 2430 ﬁdem
1471 2360 1719 2414 vicerunt
1750 2375 1942 2429 regna,

294 2462 581 2526 operantes
594 2453 880 2525 justitiam
901 2452 1181 2506 consecuti
1193 2454 1324 2505 sunt
1348 2451 1743 2521 promissiones
1761 2450 1945 2522 (Hebr.

298 2562 375 2610 x1,
406 2545 516 2612 32).
550 2542 847 2611 lAlterum,
882 2540 1035 2610 quod
1070 2540 1167 2594 ubi
1217 2539 1286 2594 de
1318 2538 1417 2595 illo
1450 2539 1562 2595 ista
1610 2543 1946 2605 narrantur,

296 2635 452 2705 quod
507 2633 621 2687 tale
668 2630 887 2686 voverit
928 2635 984 2685 et
1032 2629 1359 2701 impleverit
1407 2634 1630 2695 votum,
1665 2628 1949 2699 praemisit

296 2724 605 2796 Scriptura
634 2720 860 2787 dicens,
890 2722 954 2775 Et
982 2722 1163 2791 factus
1189 2727 1268 2775 est
1295 2735 1459 2790 super
1483 2719 1680 2789 Iephte
1707 2718 1949 2789 Spiritus

296 2814 548 2877 Domini,
582 2815 632 2867 et
685 2811 935 2883 perrexit
983 2809 1190 2865 Galaad
1236 2817 1284 2864 et
1331 2813 1613 2875 Manasse,
1646 2812 1695 2863 et
1726 2809 1953 2864 transiit

295 2902 576 2976 speculam
604 2899 828 2967 Galaad,
858 2907 912 2954 et
941 2898 1005 2954 de
1032 2899 1256 2971 specula
1287 2896 1498 2953 Galaad
1526 2898 1595 2952 ad
1625 2906 1778 2953 trans
1806 2898 1950 2967 ﬁlios

297 2995 550 3059 Ammon,
584 2998 635 3046 et
664 2993 849 3046 votum
878 2990 1025 3045 vovit
1052 2988 1240 3060 Iephte
1267 2989 1520 3054 Domino,
1551 2992 1609 3043 et
1639 2991 1847 3043 caetera
1878 2987 1948 3042 ad

295 3083 406 3139 hoc
435 3083 633 3150 ipsum
665 3084 861 3135 votum
897 3078 1283 3151 pertinentia;
1319 3081 1381 3133 ut
1410 3077 1608 3133 omnia
1637 3094 1763 3149 quas
1786 3076 1949 3131 dein-

296 3188 435 3245 ceps
457 3172 612 3227 facta
632 3173 1077 3240 sunt,tanquam
1100 3184 1273 3239 opera
1295 3167 1549 3239 Spiritus
1571 3165 1825 3233 Domini,
1850 3164 1949 3237 qui

294 3277 477 3334 super
508 3276 642 3315 eum
687 3258 877 3314 factus
919 3262 1029 3327 est,
1065 3256 1445 3327 intelligenda
1474 3256 1800 3311 videantur.
1836 3256 1953 3310 Ista

293 3348 642 3407 testimonia
671 3365 778 3404 nos
809 3346 1172 3419 compellunt
1214 3362 1471 3419 quaerere
1502 3346 1697 3417 potius
1729 3361 1834 3399 cur
1862 3344 1951 3399 fa-

294 3446 462 3496 ctum
497 3440 590 3503 sit,
625 3454 803 3510 quam
838 3437 1003 3493 facile
1032 3436 1366 3508 improbare
1404 3438 1558 3508 quod
1594 3436 1811 3491 factum
1843 3438 1949 3489 est.

368 3530 486 3586 Sed
503 3528 853 3601 primoillud
878 3527 1031 3600 quod
1062 3543 1129 3582 ex
1156 3525 1415 3598 Epistola
1436 3543 1558 3592 quae
1582 3526 1652 3581 ad
1682 3525 1952 3580 Hebrwos

295 3625 407 3690 est,
444 3618 921 3684 commemoravi,
952 3617 1105 3671 inter
1134 3615 1265 3671 illos
1309 3614 1634 3671 laudabiles
1664 3614 1818 3669 viros
1850 3612 1950 3685 qui

297 3710 523 3766 ibidem
574 3707 932 3777 recoluntur,
966 3723 1082 3762 non
1134 3705 1324 3761 solum
1357 3710 1444 3761 est
1492 3705 1719 3777 Jephte,
1753 3719 1950 3759 verum

296 3800 476 3855 etiam
500 3798 753 3865 Gedeon,
786 3797 856 3852 de
889 3813 1003 3868 quo
1027 3794 1300 3851 similiter
1320 3793 1621 3865 Scriptura
1651 3792 1811 3860 dicit,
1836 3793 1956 3863 Spi-

294 3893 441 3945 ritus
472 3888 694 3945 Domini
723 3888 1061 3958 confortavit
1084 3884 1289 3940 Gedeon
1313 3884 1510 3956 (Iudic.
1536 3901 1610 3951 vx,
1634 3884 1724 3952 34)
1751 3901 1762 3937 :
1788 3888 1843 3938 et
1864 3887 1953 3937 ta-

293 3995 437 4037 men
453 3980 585 4050 ejus
602 3976 1016 4047 factum,quod
1050 3975 1120 4030 de
1144 3973 1245 4030 illo
1278 3990 1418 4029 auro
1450 3975 1657 4045 praedae
1678 3976 1953 4045 operatus

292 4076 385 4126 est
418 4068 642 4141 ephud,
666 4071 723 4123 et
752 4066 1072 4123 fornicatus
1095 4073 1180 4120 est
1206 4068 1337 4135 post
1369 4062 1513 4118 illud
1537 4063 1729 4119 omnis
1755 4061 1955 4131 Israel,

293 4165 350 4215 et
383 4160 609 4215 factum
640 4161 731 4213 est
756 4154 957 4211 domui
989 4154 1222 4210 Gedeon
1247 4153 1304 4207 in
1339 4152 1684 4208 scandalum
1708 4152 1809 4225 (Id.
1833 4169 1955 4219 vm,

292 4251 409 4322 27),
435 4265 557 4304 non
577 4247 767 4303 solum
792 4246 1033 4301 laudare
1055 4262 1169 4299 non
1189 4260 1533 4315 possumus;
1559 4259 1757 4298 verum
1782 4243 1956 4297 etiam

296 4342 439 4412 quia
472 4338 774 4409 Scriptura
804 4336 899 4391 hic
930 4334 1299 4405 apertissime
1323 4332 1624 4403 judicavit,
1650 4333 1959 4404 reprobare

300 4431 554 4485 minime
572 4427 942 4483 dubitamus:
965 4440 1069 4480 nec
1087 4429 1281 4479 tamen
1302 4440 1370 4478 ex
1392 4422 1499 4478 hoc
1519 4422 1636 4477 ulla
1660 4423 1724 4477 ﬁt
1746 4421 1963 4491 injuria

296 4518 553 4593 Spiritui
590 4516 841 4587 Domini,
870 4515 969 4587 qui
1002 4531 1135 4570 eum
1167 4512 1531 4579 conl‘ortavit,
1559 4518 1621 4567 ut
1640 4512 1836 4567 hostes
1860 4528 1959 4583 po-

300 4611 427 4683 puli
458 4610 591 4681 ejus
609 4612 769 4663 tanta
790 4606 1064 4661 facilitate
1082 4607 1404 4676 superaret.
1430 4602 1546 4657 Cur
1566 4618 1702 4673 ergo
1725 4602 1876 4657 inter
1901 4600 1964 4656 il-

298 4701 389 4757 los
414 4702 938 4762 commemoratur,
963 4698 1057 4767 qui
1070 4711 1171 4766 per
1186 4694 1343 4763 ﬁdem
1362 4694 1607 4747 vicerunt
1629 4708 1815 4761 regna,
1840 4707 1964 4762 ope-

299 4796 501 4848 rante:
515 4789 837 4861 justitiam;
860 4784 972 4841 nisi
998 4785 1137 4857 quia
1159 4789 1361 4839 sancta
1381 4782 1701 4852 Scriptura,
1721 4798 1968 4851 quorum

302 4882 489 4937 ﬁdem
514 4875 1002 4949 atquejustitiam
1026 4872 1545 4936 veraciterlaudat,
1570 4889 1684 4927 non
1710 4871 1843 4926 hinc
1868 4871 1970 4925 im-

304 4972 553 5044 peditur
572 4984 771 5024 eorum
786 4966 958 5022 etiam
978 4964 1290 5038 peccata,si
1316 4980 1433 5034 qua
1453 4962 1693 5029 novit,et
1713 4965 1974 5033 oportere

297 5061 774 5135 judicat,notare
794 5055 1113 5113 veraciter?
1137 5055 1281 5110 Nam
1305 5052 1430 5109 etin
1446 5070 1510 5108 eo
1531 5053 1683 5125 quod
1700 5052 1851 5107 idem
1874 5056 1975 5112 Gc.

306 5154 465 5207 deon
503 5148 740 5221 signum
763 5151 989 5219 petens,
1010 5145 1160 5200 sicut
1184 5144 1309 5217 ipse
1340 5142 1572 5197 locutus
1604 5147 1711 5207 est,
1736 5144 1977 5197 tentavit

312 5243 376 5299 in
399 5239 620 5297 vellere
642 5238 745 5307 (Id.
770 5255 845 5306 v1,
869 5236 980 5308 39),
1006 5234 1202 5290 nescio
1230 5237 1425 5289 utrum
1451 5248 1565 5286 non
1590 5232 1765 5286 fuerit
1786 5237 1975 5287 trans-

308 5346 565 5406 gressus
599 5331 953 5401 praeceptum
977 5326 1131 5397 quod
1154 5323 1439 5394 scriptum
1471 5325 1581 5391 est,
1604 5322 1723 5375 Non
1744 5324 1979 5377 tentabis

311 5422 629 5479 Dominum
671 5418 839 5472 Deum
887 5420 1039 5470 tuum
1094 5414 1268 5483 (Deut.
1300 5428 1377 5481 v1,
1412 5411 1496 5481 16)
1532 5427 1543 5464 :
1579 5414 1979 5466 verumtamen

310 5512 498 5569 etiam
530 5512 585 5565 in
610 5509 738 5579 ejus
762 5504 1084 5562 tentatione
1106 5502 1387 5559 Dominus
1411 5501 1564 5573 quod
1589 5502 1982 5571 praenuntiare

310 5601 558 5658 volebat
577 5596 866 5663 ostendit;
885 5596 945 5651 in
971 5594 1271 5665 compluto
1298 5590 1521 5647 scilicet
1542 5587 1751 5645 vellere
1772 5595 1828 5645 et
1850 5607 1985 5647 area

315 5698 446 5750 tota
464 5689 933 5757 circumquaque
957 5684 1131 5753 sicca,
1148 5685 1401 5756 ﬁgurare
1423 5680 1674 5753 primum
1705 5680 1984 5751 populum

317 5778 506 5839 Israel
544 5776 644 5834 ubi
667 5779 835 5833 erant
857 5773 1045 5833 sancti
1072 5789 1205 5828 cum
1227 5770 1411 5843 gratia
1443 5766 1682 5838 caelesti,
1705 5770 1986 5840 tanquam

1653 348 1885 409 LIBER
1928 346 2344 411 SEPTIMUS.

3583 357 3705 416 8M

2053 478 2253 551 pluvia
2272 480 2565 553 spirituali
2593 506 2607 549 ;
2640 484 2695 538 et
2716 484 2913 553 postea
2936 479 3233 554 compluta
3256 497 3391 540 area
3408 483 3564 541 sicco
3583 484 3706 541 vel-

2052 567 2191 637 lere,
2220 570 2472 640 ﬁgurare
2504 570 2819 627 Ecclesiam
2841 574 2963 627 toto
2992 571 3130 627 orbe
3160 571 3459 642 diffusam,
3482 573 3705 631 baben-

2052 661 2169 712 tem
2210 676 2321 713 non
2357 659 2413 713 in
2463 658 2674 715 vellere
2718 664 3001 731 tanquam
3046 660 3107 714 in
3155 661 3465 734 velamine,
3513 664 3614 719 sed
3646 664 3705 720 in

2053 751 2251 819 aperto
2279 748 2575 804 caelestem
2626 749 2897 820 gratiam,
2931 748 3029 804 illo
3070 749 3261 821 priore
3292 751 3507 823 populo
3551 753 3709 809 velut

2054 837 2126 890 ab
2159 838 2421 907 ejusdem
2456 836 2655 909 gratiae
2688 854 2817 894 rore
2847 838 3098 893 alienato
3120 844 3297 911 atque
3328 840 3563 897 siccato.
3589 842 3705 899 Nec

2052 929 2249 981 tamen
2286 926 2507 983 frustra
2536 928 2687 982 inter
2717 926 2916 983 ﬁdeles
2947 931 3004 983 et
3034 933 3343 1001 operantes
3380 930 3702 1000 justitiam,

2054 1019 2293 1087 propter
2322 1017 2537 1071 bonam
2569 1016 2918 1087 ﬁdelemque
2944 1017 3146 1085 vitam,
3178 1018 3235 1073 in
3271 1035 3387 1090 qua
3416 1036 3548 1075 eum
3576 1038 3703 1077 cre-

2055 1105 2312 1160 dendum
2352 1111 2440 1162 est
2492 1122 2620 1162 esse
2669 1107 3036 1174 defunctum,
3068 1107 3183 1163 tale
3230 1108 3287 1163 in
3341 1109 3599 1181 Epistola
3627 1112 3699 1168 ad

2053 1196 2324 1251 Hebrazos
2353 1196 2564 1252 meruit
2594 1196 3021 1253 testimonium.

2124 1285 2332 1339 Utrum
2352 1290 2545 1340 autem
2571 1287 2708 1357 quia
2727 1289 3102 1358 posteaquam
3123 1287 3343 1343 dictum
3369 1292 3478 1357 est,
3496 1292 3702 1348 Factus

2050 1383 2127 1431 est
2144 1392 2311 1447 super
2328 1376 2514 1442 Iephte
2529 1375 2765 1448 Spiritus
2789 1377 3104 1443 Domini,ea
3123 1382 3325 1433 secuta
3344 1384 3576 1444 sunt,ut
3598 1398 3702 1436 vo-

2054 1470 2181 1521 tum
2216 1464 2359 1519 illud
2393 1470 2639 1531 voveret,
2673 1471 2847 1538 atque
2878 1466 3077 1521 hostes
3107 1467 3382 1538 vinceret,
3440 1474 3498 1525 et
3545 1472 3701 1542 quod

2051 1558 2285 1611 voverat
2307 1555 2593 1624 redderet,
2620 1555 2863 1627 Spiritui
2890 1556 3115 1611 Domini
3150 1558 3349 1613 omnia
3368 1559 3706 1631 deputanda

2053 1644 2515 1716 sint,utperinde
2532 1644 2817 1700 habeatur
2830 1645 3015 1701 ethoc
3031 1646 3405 1716 sacriﬁcium,
3420 1652 3705 1721 tanquam

2052 1734 2110 1788 id
2145 1733 2430 1789 Dominus
2461 1734 2613 1789 sicut
2639 1730 2883 1789 Abrahae
2937 1734 3058 1789 ﬁeri
3088 1735 3353 1806 jusserit,
3388 1754 3503 1793 non
3535 1739 3704 1796 facile

2054 1824 2300 1879 dixerim
2328 1848 2342 1892 ;
2375 1839 2510 1878 cum
2544 1823 2747 1895 utique
2778 1825 2848 1879 de
2878 1824 3109 1879 Gedeon
3138 1826 3326 1896 possit
3357 1826 3479 1883 haec
3509 1829 3707 1885 atl‘erri

2054 1912 2545 1983 ditt'erentia,quia
2570 1919 2700 1985 post
2720 1918 3021 1985 peccatum
3045 1916 3199 1986 quod
3212 1916 3607 1990 fecit,quando
3632 1920 3709 1975 fe-

2056 2005 2133 2059 cit
2156 2003 2348 2074 ephud
2381 2007 2517 2075 post
2565 2003 2721 2074 quod
2756 2003 3063 2060 universus
3094 2005 3348 2077 populus
3382 2007 3706 2065 fornicatus

2056 2098 2167 2165 est,
2200 2093 2361 2149 nulla
2392 2096 2479 2149 est
2505 2093 2633 2163 ejus
2664 2098 3122 2150 commemorata
3151 2097 3545 2169 prosperitas:
3572 2116 3705 2170 pos-

2054 2188 2149 2240 tea
2174 2200 2308 2239 vero
2335 2199 2513 2255 quam
2544 2182 2748 2254 Iephte
2778 2187 2978 2238 votum
3008 2184 3181 2253 vovit,
3207 2184 3307 2241 illa
3336 2191 3427 2242 est
3456 2187 3706 2260 insignis

2056 2275 2186 2346 ejus
2214 2273 2460 2328 victoria
2509 2276 2844 2343 consecuta,
2875 2278 3114 2346 propter
3162 2292 3337 2347 quam
3372 2276 3708 2349 adipiscen-

2058 2364 2193 2420 dam
2243 2366 2493 2432 voverat,
2524 2366 2581 2417 et
2612 2379 2729 2433 qua
2777 2362 2989 2435 adepta
3018 2364 3173 2434 quod
3224 2370 3457 2420 voverat
3503 2367 3698 2424 solvit.

2060 2454 2285 2509 Rursus
2317 2452 2475 2507 enim
2498 2451 2995 2507 considerandum
3022 2457 3130 2522 est,
3148 2453 3289 2525 quia
3318 2454 3574 2527 Gedeon,
3600 2455 3710 2512 etsi

2058 2560 2173 2599 non
2224 2545 2607 2614 posteaquam
2644 2540 2778 2597 fecit
2827 2542 3043 2613 ephud,
3076 2546 3277 2599 tamen
3326 2549 3710 2617 posteaquam

2058 2631 2299 2687 tentavit
2332 2630 2667 2698 Dominum,
2701 2632 2856 2702 quod
2880 2631 3082 2701 utique
3115 2636 3415 2701 peccatum
3451 2638 3558 2703 est,
3584 2650 3708 2690 ma-

2054 2738 2174 2795 gna
2205 2726 2395 2789 strage
2426 2719 2694 2775 hostibus
2742 2720 2911 2776 caesis
2944 2724 3120 2791 atque
3168 2723 3460 2793 superatis
3490 2723 3705 2795 populo

2060 2810 2371 2882 acquisivit
2401 2808 2673 2864 salutem.
2701 2809 2761 2865 Si
2793 2810 2951 2865 enim
2984 2810 3269 2882 scriptum
3301 2815 3389 2867 est
3419 2828 3434 2868 :
3464 2816 3531 2869 Et
3558 2813 3709 2869 dixit

2062 2900 2269 2957 Gedeon
2299 2899 2369 2954 ad
2400 2900 2716 2964 Dominum,
2747 2900 2863 2954 Non
2888 2902 3162 2955 irascatur
3190 2900 3501 2971 indignatio
3530 2907 3627 2958 tua
3648 2903 3710 2959 in

2060 3008 2163 3058 me,
2199 2994 2250 3045 et
2280 2990 2474 3061 loquar
2501 2988 2678 3043 adhuc
2703 2990 2893 3057 semel,
2925 2992 2973 3044 et
3003 2990 3218 3046 tentabo
3248 2990 3423 3046 adhuc
3449 2993 3616 3047 semel
3644 2995 3708 3049 in

2058 3081 2276 3141 vellere.
2307 3084 2365 3135 et
2394 3086 2617 3133 caetera.
2653 3079 2801 3133 Iram
2836 3078 3051 3151 quippe
3083 3079 3183 3134 Dei
3219 3081 3533 3150 metuebat,
3568 3082 3707 3153 quia

2060 3174 2299 3227 noverat
2326 3170 2603 3224 tentando
2626 3185 2687 3224 se
2708 3185 2965 3241 peccare,
2983 3170 3138 3241 quod
3170 3169 3322 3226 Deus
3352 3170 3412 3226 in
3437 3172 3582 3243 Lege
3604 3189 3714 3228 sua

2061 3257 2543 3316 manifestissime
2572 3257 2861 3329 prohibet.
2886 3259 3002 3314 Hoc
3026 3264 3218 3314 tamen
3253 3264 3552 3331 peccatum
3583 3263 3713 3333 ejus

2061 3355 2119 3407 et
2148 3348 2438 3405 mirabilis
2469 3348 2622 3420 signi
2645 3348 2936 3405 evidentia
2965 3354 3021 3405 et
3052 3366 3266 3420 magna
3295 3350 3545 3406 victoriis
3577 3368 3710 3424 pro-

2061 3438 2310 3512 speritas
2339 3437 2822 3509 liberationisque
2852 3438 3049 3511 populi
3098 3444 3415 3495 consecuta
3444 3445 3551 3497 est.
3583 3444 3713 3498 Jam

2062 3529 2218 3585 enim
2250 3529 2405 3584 Deus
2434 3532 2722 3583 statuerat
2764 3528 2981 3583 afﬂicto
3016 3528 3230 3600 populo
3263 3529 3595 3598 subvenire,
3630 3536 3716 3587 at-

2063 3635 2175 3691 que
2205 3618 2381 3689 hujus
2411 3617 2599 3685 ducis,
2642 3633 2815 3688 quem
2850 3618 2922 3671 ad
2954 3619 3063 3673 hoc
3115 3634 3262 3689 opus
3290 3624 3715 3690 assumpserat,

2062 3710 2339 3764 utebatur
2354 3707 2552 3764 animo
2570 3724 2684 3763 non
2703 3707 2893 3763 solum
2917 3706 3071 3763 ﬁdeli
3099 3712 3155 3762 et
3170 3707 3282 3779 pio,
3314 3723 3515 3764 verum
3538 3709 3714 3765 etiam

2063 3798 2483 3855 subdeﬁciente
2530 3801 2588 3853 et.
2635 3795 3033 3869 delinquente,
3066 3803 3123 3853 et
3154 3798 3225 3852 ad
3276 3798 3715 3868 praenuntiantia

2065 3906 2193 3961 qua:
2219 3888 2466 3956 volebat,
2495 3891 2550 3942 et
2580 3887 2929 3957 complenda
2952 3903 3080 3959 quae
3110 3887 3352 3943 dixerat.

2058 4038 2061 4041 Α
2135 3983 2261 4033 Non
2292 3976 2446 4031 enim
2480 3993 2583 4048 per
2602 3976 2747 4031 istos
2779 3980 3031 4043 tantum,
3055 3976 3155 4048 qui
3177 3977 3408 4034 etiamsi
3441 3993 3711 4051 peccave-

2066 4073 2223 4137 runt,
2256 4068 2408 4122 inter
2430 4067 2628 4137 justos
2658 4070 2857 4121 tamen
2910 4072 3244 4135 narrantur,
3274 4068 3373 4123 sed
3405 4068 3578 4124 etiam
3614 4085 3718 4141 per

2066 4158 2261 4231 ipsum
2286 4155 2518 4212 Saiilem
2540 4154 2699 4211 omni
2733 4156 2905 4210 modo
2932 4156 3331 4227 reprobatum,
3350 4155 3537 4212 multa
3558 4158 3714 4213 Deus

2067 4245 2282 4320 populo
2315 4263 2420 4301 suo
2466 4243 2757 4317 praestitit,
2788 4244 2847 4298 in
2899 4261 3072 4316 quem
3106 4244 3349 4301 insilivit
3377 4246 3553 4301 etiam
3587 4245 3719 4317 Spi-

2071 4337 2219 4392 ritus
2260 4336 2381 4403 Dei,
2417 4340 2472 4389 et
2520 4333 2928 4406 prOphetavit;
2984 4350 3096 4389 non
3131 4350 3266 4390 cum
3307 4336 3468 4405 juste
3502 4338 3719 4407 ageret,

2072 4428 2171 4482 sed
2206 4443 2340 4485 cum
2374 4425 2431 4480 in
2476 4423 2664 4478 virum
2700 4427 2971 4478 sanctum
3021 4424 3198 4479 David
3232 4424 3725 4497 innocentemque

2073 4516 2299 4573 saeviret
2326 4516 2371 4587 (Ι
2400 4516 2527 4585 Reg.
2560 4531 2675 4583 xxx,
2707 4513 2924 4584 20-23).
2959 4514 3094 4584 Agit
3140 4514 3295 4569 enim
3328 4514 3578 4587 Spiritus
3609 4519 3721 4571 Do-

2075 4606 2219 4661 mini
2252 4609 2309 4660 et
2339 4622 2439 4676 per
2472 4605 2652 4659 bonos
2694 4608 2751 4658 et
2780 4619 2883 4674 per
2930 4602 3137 4668 malos,
3171 4608 3226 4658 et
3255 4621 3358 4676 per
3386 4604 3640 4661 scientes
3672 4609 3729 4661 et

2078 4712 2179 4767 per
2210 4694 2558 4759 nescientes,
2611 4695 2763 4765 quod
2813 4693 3105 4764 agendum
3156 4695 3335 4759 novit,
3369 4699 3426 4749 et
3472 4695 3726 4751 statuit:

2079 4784 2179 4856 qui
2211 4783 2385 4838 etiam
2420 4800 2521 4855 per
2550 4783 2831 4854 Caipbam
2884 4782 3235 4837 acerrimum
3272 4781 3498 4836 Domini
3531 4798 3731 4854 perse-

2080 4879 2365 4940 cutorem,
2401 4873 2762 4927 nescientem
2812 4871 2952 4943 quid
3006 4870 3238 4938 dixerit,
3270 4870 3563 4943 insignem
3597 4888 3729 4944 pro-

2080 4962 2217 5018 tulit
2264 4960 2651 5033 prophetiam,
2704 4962 2858 5033 quod
2909 4964 3199 5032 oporteret
3238 4959 3533 5015 Christum
3584 4961 3737 5016 mori

2085 5070 2187 5125 pro
2230 5056 2400 5124 gente
2454 5052 2633 5123 (Ioan.
2687 5067 2764 5117 χι,
2816 5051 3026 5121 l19-51).
3077 5050 3217 5115 Quis
3264 5049 3421 5105 enim
3472 5050 3592 5121 egit
3621 5050 3736 5105 nisi

2085 5142 2338 5213 Spiritus
2396 5140 2643 5211 Domini,
2677 5156 2889 5195 curans
2942 5139 3331 5211 praenuntiare
3377 5142 3639 5207 ventura,
3674 5142 3739 5195 ut

2081 5230 2263 5303 judici
2295 5230 2525 5285 Gedeon
2549 5233 2772 5285 tentare
2792 5228 3004 5284 volenti
3032 5228 3359 5297 Dominum,
3388 5232 3443 5284 et
3474 5246 3590 5285 non
3612 5245 3735 5284 cre-

2089 5322 2246 5377 denti
2279 5322 2432 5392 quod
2466 5320 2517 5375 ei
2551 5320 2737 5374 fuerat
2760 5335 2860 5388 per
2882 5334 3122 5373 manum
3152 5321 3281 5389 ejus
3314 5320 3384 5375 de
3415 5319 3603 5376 salute
3635 5336 3741 5391 po-

2090 5410 2212 5483 puli
2237 5412 2361 5482 jam
2396 5410 2646 5475 locutus,
2681 5410 2785 5465 hoc
2819 5408 3192 5479 potissimum
3226 5410 3296 5465 de
3340 5410 3549 5466 vellere
3580 5410 3746 5481 prius

2092 5499 2413 5573 compluto,
2431 5500 2804 5573 postmodum
2828 5498 3002 5563 sicco,
3029 5502 3084 5552 et
3107 5499 3176 5552 de
3200 5514 3334 5554 area
3357 5500 3616 5571 primum
3642 5499 3749 5555 sic-

2094 5609 2181 5659 ca,
2216 5596 2419 5663 postea
2451 5591 2641 5661 rigata
2660 5588 2879 5645 veniret
2904 5587 2963 5643 in
2995 5591 3248 5643 mentem
3270 5588 3298 5643 ?
3328 5588 3578 5661 thuod
3602 5589 3750 5645 sub-

2094 5682 2304 5737 defecit
2329 5699 2361 5735 a
2383 5681 2516 5747 ﬁde,
2541 5678 2870 5734 inﬁrmitati
2892 5679 3019 5749 ejus
3052 5676 3379 5751 delictoque
3401 5680 3751 5751 deputetur;

2098 5772 2255 5845 quod
2286 5788 2419 5829 vero
2440 5772 2616 5829 etiam
2641 5769 2743 5827 tali
2774 5770 2902 5841 ejus
2924 5768 3122 5825 animo
3145 5768 3215 5825 ad
3238 5769 3347 5827 hoc
3374 5770 3528 5842 quod
3551 5768 3751 5842 generi
