4300 6350
576 386 696 447 815

581 520 841 576 humano
890 503 1212 581 signiﬁcari
1262 498 1563 573 oportebat
1606 508 1750 548 usus
1802 492 1891 543 est
1936 487 2110 551 Deus,
2158 482 2229 537 ad

585 610 712 679 ejus
742 575 1107 671 intelligatur
1148 586 1607 648 misericordiam
1653 585 1709 636 et
1739 575 2063 634 mirabilem
2100 588 2232 646 pro-

588 692 907 753 videntiam
941 684 1251 760 pertinere.

667 785 727 841 Si
759 781 892 853 quis
921 752 1115 832 autem
1149 770 1291 825 dicit
1313 764 1510 821 omnia
1536 761 1815 817 scientem
1851 757 2056 811 fecisse
2082 757 2129 808 et
2157 752 2239 805 di-

592 877 749 933 xisse
780 848 1009 927 Cedeon
1044 880 1111 918 ex
1132 856 1479 915 revelatione
1510 848 1871 924 prophetica,
1895 850 1961 899 ut
1981 861 2083 916 per
2103 856 2237 896 eum

598 967 767 1037 signa
797 958 938 1015 talia
970 949 1477 1009 monstrarentur;
1512 957 1617 996 nec
1649 937 1931 992 defecisse
1954 952 1987 989 a
2011 934 2153 997 ﬁde;
2188 936 2239 982 et

601 1019 754 1127 unod
797 1049 847 1105 ei
871 1048 996 1118 jam
1048 1038 1398 1113 promiserat
1428 1030 1712 1087 Dominus
1747 1023 2065 1081 credidisse
2095 1038 2108 1087 ;
2142 1019 2243 1074 sed

600 1114 826 1200 actione
852 1114 1191 1209 prophetica
1212 1126 1269 1180 in
1301 1123 1513 1178 vellere
1531 1117 1785 1175 voluisse
1804 1117 2049 1170 tentare.
2071 1114 2247 1180 atque

600 1199 682 1290 ita
708 1199 871 1286 illius
891 1199 1271 1280 tentationem
1295 1213 1478 1268 fuisse
1497 1204 1933 1279 inculpabilem,
1965 1201 2119 1255 sicut
2141 1199 2247 1290 do-

756 1316 934 1374 Jacob
956 1313 1112 1384 (Gen.
1134 1322 1306 1372 xxvu,
1332 1304 1418 1367 15,
1454 1302 1536 1365 16)
1565 1316 1577 1365 ;
1612 1301 1668 1352 et
1697 1294 1836 1349 illud
1870 1290 2021 1362 quod
2058 1285 2249 1343 Domi-

605 1430 679 1472 no
711 1410 811 1478 ait,
844 1406 959 1461 Non
988 1401 1262 1456 irascatur
1290 1390 1600 1459 indignatio
1632 1394 1732 1441 tua
1760 1386 1819 1437 in
1852 1397 1956 1447 me,
1983 1396 2097 1435 non
2119 1378 2249 1432 ideo

606 1470 823 1560 dixisse
854 1492 1002 1566 quod
1026 1491 1170 1543 iram
1192 1485 1320 1553 ejus
1342 1482 1592 1541 timeret,
1618 1477 1716 1531 sed
1751 1472 1901 1544 quod
1925 1486 2057 1525 eum
2078 1470 2254 1523 conti-

606 1594 768 1649 deret
810 1559 923 1640 non
956 1579 1152 1639 irasci,
1188 1590 1318 1628 cum
1353 1588 1419 1624 ea
1453 1571 1666 1623 faceret
1712 1581 1839 1634 quae
1870 1559 2089 1631 Spiritu
2125 1559 2252 1621 eius

606 1682 864 1739 dictante
896 1667 1165 1728 facienda
1194 1678 1322 1718 esse
1354 1667 1633 1729 tanquam
1662 1652 1946 1725 propheta
1968 1648 2208 1704 sentiret
2236 1664 2249 1702 :

607 1773 763 1829 dicat
803 1768 867 1821 ut
914 1762 1162 1823 videtur,
1214 1755 1351 1807 dum
1387 1748 1560 1803 modo
1608 1744 1750 1798 illud
1802 1741 1955 1812 quod
1990 1740 2060 1793 de
2104 1739 2254 1793 facto

608 1858 803 1934 ephud
830 1852 1128 1923 Scriptura
1157 1844 1287 1915 ipsa
1307 1836 1584 1909 culpavit,
1609 1828 2250 1934 quodlibets‘igniﬁeet,

610 1916 726 2007 n‘on
758 1916 975 2002 audeat
999 1946 1275 1993 excusare
1309 1947 1341 1984 a
1372 1929 1626 1999 peccato.
1660 1922 1805 1977 Nam
1835 1924 1892 1973 et
1922 1918 2061 1973 illud
2098 1916 2252 1988 quod

610 2033 854 2097 trecenti
887 2028 994 2083 viri
1030 2026 1098 2080 ad
1134 2022 1369 2092 signum
1418 2014 1606 2070 crucis
1637 2013 1763 2082 ipso
1796 2024 2039 2063 numero
2073 2006 2252 2076 perti-

612 2131 840 2193 nentes,
871 2117 1112 2191 hydrias
1144 2109 1348 2165 ﬁctiles
1369 2105 1737 2174 acceperunt,
1761 2099 1962 2168 eisque
1984 2099 2257 2150 ardentes

613 2188 838 2275 faculas
868 2188 1257 2268 incluserunt,
1285 2195 1503 2267 quibus
1536 2189 1759 2263 hydriis
1790 2188 1989 2241 fractis
2022 2188 2259 2255 repente

610 2305 840 2365 lumina
869 2306 1182 2354 numerose
1214 2284 1492 2342 micantia
1512 2284 1734 2335 tantam
1770 2277 2025 2331 hostium
2061 2274 2261 2328 multi-

612 2394 880 2454 tudinem
912 2380 1252 2441 terruerunt
1282 2371 1480 2445 (ludio.
1510 2386 1611 2435 vn,
1646 2367 1848 2436 16-22),
1882 2369 2161 2435 tanquam
2195 2379 2264 2416 ex

614 2502 722 2542 suo
747 2475 989 2537 arbitrio
1010 2471 1241 2526 videtur
1260 2462 1465 2518 fecisse
1485 2459 1715 2514 Gedeon
1745 2473 1758 2521 ;
1792 2471 1904 2508 non
1932 2454 2087 2508 enim
2112 2451 2263 2507 Scri-

616 2580 793 2649 ptura
822 2564 965 2621 dicit
1008 2555 1320 2614 Dominum
1358 2545 1733 2603 admonuisse
1767 2548 1831 2597 ut
1859 2543 1967 2597 hoc
2001 2542 2212 2594 faceret
2248 2555 2261 2594 :

617 2631 673 2719 et
693 2667 891 2716 tamen
914 2656 1037 2707 tam
1061 2644 1278 2719 grande
1301 2642 1532 2709 signum
1560 2634 1690 2705 quis
1716 2633 1844 2702 ejus
1875 2631 2070 2684 animo
2095 2633 2266 2698 atque

617 2746 862 2810 consilio
898 2718 1254 2801 faciendum,
1289 2727 1401 2784 nisi
1432 2724 1735 2791 Dominus,
1768 2720 2127 2791 inspiravit?
2157 2718 2269 2781 Qui

618 2808 1016 2916 praeﬁguravit
1045 2828 1282 2884 sanctos
1304 2834 1443 2874 suos
1475 2816 1816 2870 thesaurum
1850 2808 2270 2881 evangelicilu-

619 2899 889 2989 ininisvin
921 2917 1075 2975 vasis
1106 2910 1387 2969 ﬁctilibus
1416 2904 1745 2967 habituros,
1774 2901 1926 2956 sicut
1954 2899 2267 2970 Apostolus

620 3021 781 3086 dicit,
816 3012 1086 3071 Habemus
1113 3006 1297 3058 autem
1321 2999 1644 3051 thesaurum
1674 2994 1843 3046 istum
1867 2995 1921 3043 in
1954 2990 2101 3043 vasis
2131 2988 2271 3058 ﬁcti-

621 3078 864 3179 libus'(II
892 3103 1020 3159 Cor.
1053 3111 1128 3161 ιν,
1159 3095 1217 3160 7)
1270 3107 1283 3144 ε
1335 3086 1549 3158 quibus
1594 3082 1650 3135 in
1686 3079 1958 3152 passione
2008 3078 2270 3150 martyrii

620 3167 905 3269 tanquam
934 3182 1189 3244 vasculis
1220 3176 1442 3245 fractis,
1478 3174 1664 3241 major
1692 3184 1893 3224 eorum
1926 3167 2121 3239 glorias
2153 3167 2271 3221 ful-

623 3306 728 3363 gor
743 3256 1012 3344 emicuit,
1047 3288 1174 3345 quae
1204 3265 1419 3338 impios
1449 3258 1794 3331 evangelicae
1843 3256 2272 3328 praedicationis

624 3346 896 3434 inimicos
926 3364 1231 3436 inOpinata
1260 3356 1378 3410 illis
1409 3349 1623 3408 Christi
1659 3346 1922 3403 claritate
1953 3346 2271 3419 superavit.

700 3466 814 3521 Seu
846 3472 982 3529 ergo
1014 3468 1118 3525 per
1142 3446 1413 3512 scientes,
1446 3456 1546 3496 seu
1581 3454 1684 3509 per
1712 3436 2062 3503 nescientes,
2088 3436 2277 3507 prmﬁ-

632 3524 998 3631 gurationem
1031 3533 1623 3631 prazdicationemque
1651 3526 1982 3580 futurorum
2015 3524 2277 3597 Spiritus

634 3617 867 3703 Domini
898 3626 1250 3709 prepheticis
1300 3618 1664 3691 temporibus
1713 3617 1988 3685 operatus
2018 3618 2143 3670 est:
2177 3632 2282 3671 nec

635 3735 766 3792 ideo
798 3704 1033 3804 pec-cata
1064 3731 1265 3775 eorum
1307 3709 1617 3768 dicendum
1649 3709 1739 3761 est
1767 3721 1881 3760 non
1936 3704 2117 3760 fuisse
2148 3721 2283 3776 pec-

639 3827 770 3883 cata
842 3815 982 3890 quia
1021 3815 1077 3866 et
1104 3809 1280 3871 Deus,
1316 3800 1413 3874 qui
1446 3803 1504 3856 et
1551 3795 1723 3852 malis
1756 3796 1973 3850 nostris
2023 3795 2168 3850 bene
2198 3795 2285 3851 uti

639 3888 821 3981 novit,
851 3888 1025 3966 etiam
1056 3901 1202 3975 ipsis
1233 3910 1434 3952 eorum
1485 3889 1737 3964 peccatis
1768 3905 1911 3943 usus
1944 3893 2034 3943 est
2063 3888 2133 3943 ad
2166 3888 2285 3957 sig-

639 3978 936 4064 niﬁcanda
967 4011 1091 4067 quas
1138 3987 1341 4044 voluit.
1379 3981 1621 4038 Proinde
1672 3978 1720 4034 si
1756 3981 2057 4050 propterea
2086 3994 2282 4049 pecca.

638 4100 763 4153 tum
793 4106 909 4147 non
942 4085 1069 4150 fuit,
1105 4080 1224 4136 sive
1272 4072 1587 4146 cujuslibet
1630 4068 1787 4124 necis
1836 4067 2127 4136 humanae,
2161 4068 2281 4125 sive

638 4183 814 4242 etiam
846 4170 1193 4251 parricidale
1240 4161 1594 4222 sacriﬁcium
1626 4157 1713 4213 vel
1765 4173 1992 4228 vovere,
2023 4156 2112 4212 vel
2146 4158 2282 4213 red-

637 4277 795 4340 dere,
828 4248 968 4343 quia
998 4276 1278 4335 magnum
1311 4253 1528 4343 aliquid
1564 4256 1617 4307 et
1649 4248 1957 4323 spirituale
1982 4249 2281 4323 signiﬁca-

631 4366 753 4434 vit;
790 4340 1004 4418 frustra
1036 4359 1187 4409 Deus
1218 4346 1361 4403 talia
1408 4340 1727 4416 prohibuit,
1761 4342 1817 4394 et
1845 4356 1906 4395 se
1936 4340 2130 4395 odisse
2162 4343 2281 4397 tes-

633 4428 793 4513 tatus
824 4454 951 4517 est;
984 4441 1259 4518 quoniam
1291 4440 1348 4492 et
1394 4432 1495 4488 illa
1525 4447 1651 4503 quae
1683 4428 1808 4484 ﬁeri
1848 4429 2045 4500 jussit,
2080 4430 2285 4502 utique

636 4544 706 4600 ad
761 4541 1018 4609 aliquam
1078 4525 1564 4603 signiﬁcationem
1632 4535 1829 4574 rerum
1886 4518 2282 4591 spiritualium

634 4638 1103 4705 magnarumque
1125 4618 1477 4676 referuntur.
1496 4613 1611 4668 Cur
1642 4625 1778 4682 ergo
1801 4608 1901 4664 illa
1931 4609 2279 4682 prohiberet,

633 4698 1107 4796 quandoquidem
1159 4707 1429 4781 poterant
1476 4703 1710 4774 propter
1765 4698 2031 4753 eamdem
2085 4716 2280 4755 rerum

631 4789 972 4871 earumdem
1023 4794 1538 4873 signiﬁcationem,
1571 4793 1807 4861 propter
1860 4805 2039 4859 quam
2087 4792 2143 4845 et
2173 4789 2283 4847 ista

628 4903 785 4959 licite
816 4896 1055 4957 ﬁebant,
1088 4883 1472 4944 nihilominus
1495 4878 1652 4934 licite
1682 4876 1805 4933 ﬁeri
1835 4902 1848 4944 ;
1881 4877 1992 4932 nisi
2017 4878 2155 4949 quia
2176 4895 2282 4936 nec

627 4991 743 5049 tale
776 4984 999 5057 aliquid
1024 4970 1423 5052 signiﬁcantia
1445 4968 1612 5042 quale
1635 4966 1863 5038 expedit
1889 4968 2141 5037 credere,
2168 4968 2279 5025 hu-

628 5096 804 5139 mana
832 5078 948 5133 Deo
972 5065 1258 5128 sacriﬁcia
1287 5061 1653 5135 placuerunt,
1671 5057 1906 5128 quando
1931 5073 2044 5112 non
2068 5059 2280 5129 preju-

628 5169 791 5227 stitia
813 5164 1058 5239 quisque
1075 5149 1583 5221 abinimicis,quia
1605 5150 1758 5201 recte
1776 5146 1964 5200 vivere
1984 5146 2281 5203 voluitaut

629 5235 870 5334 peccare
902 5251 1110 5315 noluit,
1165 5240 1547 5307 interimitur,
1580 5236 1679 5293 sed
1712 5235 1886 5290 homo
1939 5235 2012 5290 ab
2042 5235 2281 5296 homine

628 5325 909 5420 tanquam
943 5342 1123 5399 electa
1154 5333 1345 5393 hostia
1378 5345 1538 5385 more
1568 5326 1791 5401 pecoris
1821 5325 2208 5381 immolatur?

700 5415 846 5503 Quid
864 5432 1021 5505 si,ait
1041 5426 1275 5500 aliquis,
1293 5420 1569 5495 quoniam
1589 5433 1864 5490 pecorum
1888 5415 2135 5470 victimas
2155 5418 2277 5488 jam

627 5546 693 5585 eo
720 5528 845 5599 ipso
870 5540 983 5595 quo
1010 5520 1237 5575 fuerant
1263 5513 1512 5579 usitatae,
1542 5506 1807 5581 quamvis
1830 5509 1884 5561 et
1908 5505 2045 5576 ipsae
2070 5523 2103 5562 a
2126 5512 2278 5564 recte

626 5595 1094 5685 intelligentibus
1107 5608 1177 5664 ad
1192 5601 1676 5675 signiﬁcationem
1693 5595 2089 5668 spiritualium
2104 5598 2275 5653 refer-

627 5712 850 5767 rentur,
868 5701 1065 5754 minus
1085 5704 1279 5753 tamen
1307 5693 1593 5747 faciebant
1618 5689 1872 5741 intentos
1895 5686 1966 5739 ad
1994 5702 2271 5756 magnum

627 5793 1062 5853 sacramentum
1086 5782 1299 5843 Christi
1328 5786 1385 5837 et
1404 5777 1673 5836 Ecclesiae
1696 5774 2276 5847 requirendumzpro-

1335 357 1862 438 QUIES'I‘IDNUM
1915 357 1979 415 S.
2025 348 2446 413 AUGUSTINI
2496 349 2573 408 ΙΝ
2617 350 3257 423 HEPTATEUCHUM

3880 343 3995 401 816

2340 484 2535 553 pterea
2548 481 2703 536 Deus
2734 498 2794 537 re
2818 482 3035 556 insigni
3056 487 3111 540 et
3136 483 3438 556 inopinata
3456 480 3657 536 volens
3682 476 3846 550 quasi
3870 476 3998 530 dor-

2344 570 2590 626 mientes
2626 571 2926 628 hominum
2963 575 3192 630 animos
3240 572 3509 638 excitare,
3543 586 3609 625 eo
3662 567 3853 639 magis
3884 582 3997 637 qno

2345 661 2488 715 talia
2535 662 2644 715 sibi
2696 662 2983 718 sacriﬁcia
3040 664 3231 719 oﬁ‘erri
3284 664 3564 725 vetuerat,
3611 656 3838 714 curavit
3887 654 3996 710 sibi

2348 750 2639 819 ejusmodi
2688 751 2910 823 aliquid
2962 754 3348 822 otferendum,
3399 754 3463 806 ut
3507 750 3637 822 ipsa
3685 745 3999 803 admiratio

2352 856 2627 912 magnam
2661 842 2922 913 gigneret
2970 843 3374 914 quaestionem,
3407 843 3465 895 et
3508 853 3723 911 magna
3755 833 4000 907 quaestio

2355 932 2423 985 ad
2474 932 2959 1002 perscrutandum
3011 948 3293 1005 magnum
3346 928 3685 1002 mysterium
3732 924 3998 981 studium

2356 1021 2461 1091 pina
2493 1021 2707 1076 mentis
2738 1021 3005 1093 erigeret,
3036 1022 3129 1094 pie
3156 1038 3289 1077 vero
3320 1023 3589 1076 scrutans
3620 1032 3787 1072 mens
3817 1014 4004 1069 homi-

2358 1110 2450 1164 nis
2483 1109 2846 1164 altitudinem
2882 1112 3218 1182 prophetiae,
3250 1110 3408 1165 velut
3438 1109 3606 1164 hamo
3638 1106 3862 1179 piscem
3890 1104 4003 1158 Do-

2360 1199 2586 1254 minum
2620 1199 2915 1254 Christum
2945 1201 3015 1255 de
3060 1200 3348 1273 profundo
3378 1198 3809 1269 Scripturarum
3851 1193 4005 1247 leva-

2359 1288 2493 1344 ret?
2524 1289 2666 1344 Huic
2699 1306 2805 1346 nos
2836 1290 3043 1345 rationi
3078 1295 3135 1346 et
3182 1284 3637 1346 considerationi
3668 1300 3785 1340 non
3817 1282 4007 1338 obsis.

2359 1378 2562 1433 timus.
2595 1380 2700 1433 Sed
2736 1378 2849 1433 alia
2881 1380 3124 1450 quaestio
3147 1384 3234 1435 est
3265 1380 3330 1434 de
3354 1376 3549 1433 animo
3579 1372 3865 1441 voventis,
3900 1370 4012 1426 alia

2364 1471 2433 1521 de
2467 1469 2826 1539 providentia
2847 1469 2942 1522 Dei
2970 1468 3385 1540 qualicumque
3406 1467 3600 1522 animo
3631 1464 3761 1534 ejus
3791 1461 4009 1533 Optime

2365 1557 2604 1611 utentis.
2638 1557 3025 1621 Quamobrem
3058 1559 3108 1614 si
3140 1557 3393 1629 Spiritus
3428 1553 3655 1611 Domini
3688 1551 3788 1624 qui
3822 1551 4012 1605 factus

2365 1652 2453 1701 cst
2484 1664 2661 1717 super
2690 1646 2914 1717 Jephte,
2950 1652 3015 1702 ut
3046 1647 3154 1702 hoc
3183 1648 3414 1702 voveret
3444 1644 3682 1699 omnino
3714 1640 4009 1714 pramepit,

2366 1737 2521 1807 quod
2554 1736 2789 1807 quidem
2823 1737 3125 1808 Scriptura
3156 1753 3269 1792 non
3303 1732 3568 1807 aperuit;
3603 1736 3800 1786 tamen
3834 1729 3878 1785 si
3904 1729 4013 1783 hoc

2364 1826 2462 1881 ille
2485 1826 2776 1898 praecepit,
2806 1827 2973 1897 cujus
2998 1844 3110 1881 non
3137 1825 3456 1896 licetjussa
3486 1825 4012 1889 contcmnere,non

2366 1914 2556 1969 solum
2589 1914 2929 1986 insipientia
2971 1915 3263 1987 culpanda
3295 1930 3408 1969 non
3442 1918 3549 1978 est,
3598 1926 3799 1965 verum
3834 1907 4013 1963 etiam

2365 2003 2659 2059 laudanda
2675 2003 3003 2058 obedientia
3024 2008 3130 2058 est.
3154 2007 3273 2058 Hoc
3301 2003 3479 2071 enim,
3504 1999 3730 2055 etiamsi
3753 2014 3817 2052 se
3839 1996 4016 2051 homo

2365 2093 2492 2165 ipse
2514 2092 2830 2156 interimat,
2857 2094 3007 2165 quod
3029 2092 3230 2165 utique
3252 2091 3511 2146 humana
3530 2087 3830 2142 voluntate
3847 2091 4020 2156 atque

2369 2182 2612 2239 consilio
2640 2184 2826 2237 facere
2855 2184 3018 2239 nefas
3049 2188 3155 2250 est,
3178 2181 3432 2253 profecto
3455 2177 3907 2249 intelligendum
3934 2180 4021 2228 est

2370 2272 2706 2327 obedienter
2738 2271 2857 2327 ﬁeri
2909 2272 3103 2344 potius
3132 2287 3305 2342 quam
3340 2268 3603 2331 sceleste,
3652 2266 3703 2320 si
3734 2264 4020 2319 divinitus

2367 2363 2602 2432 jussum
2637 2366 2723 2416 est
2757 2378 2769 2416 :
2806 2363 2875 2415 de
2899 2378 3011 2433 qua
3042 2359 3361 2433 quaestione
3396 2358 3542 2411 satis
3574 2355 3630 2410 in
3656 2354 3847 2427 primo
3869 2352 4022 2407 libro

2374 2452 2445 2506 de
2466 2450 2707 2505 Civitate
2732 2450 2823 2505 Dei
2859 2449 3292 2522 disputavimus
3316 2448 3410 2519 (De
3432 2447 3590 2501 Ciait.
3626 2444 3740 2509 Dei,
3770 2443 3862 2496 lib.
3902 2442 3953 2505 1,
3977 2456 4022 2494 c.

2375 2540 2486 2611 21).
2514 2539 2569 2595 Si
2598 2539 3349 2611 autchephtehumanum
3375 2538 3611 2591 secutus
3634 2529 4025 2593 errorem,hu-

2376 2645 2618 2684 manum
2642 2629 2993 2683 sacriﬁcium
3018 2628 3340 2684 vovendum
3367 2624 3611 2698 putavit,
3635 2622 3761 2693 ejus
3783 2618 4025 2692 quidem

2379 2722 2680 2791 peccatum
2705 2719 2773 2773 de
2788 2718 3092 2773 unicaﬁlia
3115 2717 3240 2788 jure
3262 2715 3533 2788 punitum
3558 2710 3822 2782 est,quod
3844 2708 4025 2763 etiam

2375 2807 2502 2880 ipse
2527 2806 2718 2862 verbis
2741 2807 2865 2861 suis
2885 2806 3027 2862 satis
3056 2805 3284 2861 videtur
3308 2799 3751 2868 ostendere,ubi
3783 2799 3882 2867 ait,
3910 2799 4025 2852 Heu

2377 2914 2484 2964 me,
2517 2898 2637 2966 ﬁlia
2665 2912 2806 2965 mea,
2840 2896 3117 2967 impedisti
3143 2911 3268 2955 me;
3299 2893 3358 2947 in
3385 2887 3776 2963 offendicula":
3798 2891 3946 2958 facta
3971 2902 4027 2941 es

2378 2988 2441 3043 in
2467 2987 2637 3041 oculis
2665 2990 2840 3047 meis;
2874 2984 3137 3041 discissis
3158 2984 3336 3039 etiam
3352 2978 3721 3037 vestimentis
3743 2977 3882 3032 suis.
3912 2980 4025 3030 Ve-

2379 3080 2710 3131 rumtamen
2746 3075 2921 3130 etiam
2946 3074 3043 3129 hic
3070 3074 3198 3145 ejus
3229 3088 3389 3127 error
3415 3070 3592 3126 habet
3607 3067 3858 3139 aliquam
3894 3064 4027 3120 lau-

2383 3166 2515 3220 dem
2537 3164 2692 3229 ﬁdei,
2717 3182 2831 3236 qua
2853 3164 3035 3219 Deum
3058 3161 3279 3230 timuit,
3303 3165 3368 3216 ut
3390 3160 3545 3232 quod
3566 3159 3799 3212 voverat
3821 3155 4036 3211 redde-

2386 3259 2489 3321 ret,
2525 3271 2628 3309 nec
2661 3254 2838 3309 divini
2873 3254 2932 3307 in
2964 3269 3025 3307 se
3048 3251 3259 3323 judicii
3292 3248 3639 3306 sententiam
3674 3243 4034 3310 declinavit;

2386 3343 2504 3399 sive
2525 3360 2769 3416 sperans
2783 3343 2963 3397 Deum
2989 3341 3278 3414 prohibitu
3291 3338 3600 3407 rum,sicut
3618 3333 3750 3391 fecit
3764 3333 4036 3397 Abrahae,

2389 3434 2506 3489 sive
2527 3434 2655 3504 ejus
2673 3432 3033 3488 voluntatem
3057 3432 3231 3486 etiam
3252 3445 3363 3484 non
3391 3423 3753 3501 prohibentis
3771 3420 4035 3477 intellec-

2390 3526 2509 3578 tam
2546 3522 2731 3579 facere
2764 3521 2959 3595 potius
2993 3537 3166 3594 quam
3201 3522 3571 3574 contemnere
3603 3517 3885 3568 statuens.

2464 3614 2810 3685 Quanquam
2845 3616 2901 3666 et
2926 3611 3017 3666 hic
3043 3610 3248 3665 merito
3281 3605 3460 3679 queri
3483 3608 3670 3677 potest
3701 3609 3897 3657 utrum
3935 3617 4034 3654 ve-

2394 3702 2517 3757 rius
2546 3700 2896 3775 intelligitur
2925 3700 3033 3755 hoc
3068 3699 3252 3755 Deum
3302 3696 3454 3752 nolle
3485 3692 3627 3760 ﬁeri,
3661 3696 3717 3748 et
3746 3691 3801 3744 in
3834 3706 3897 3745 eo
3935 3706 4037 3761 po-

2394 3792 2513 3847 tius
2543 3792 2679 3857 Deo,
2713 3791 2761 3847 si
2792 3808 2906 3847 non
2940 3790 3124 3860 ﬁeret,
3156 3787 3510 3851 obediretur,
3533 3782 3809 3856 quoniam
3842 3778 3953 3834 hoc
3978 3795 4037 3834 se

2396 3880 2549 3937 nolle
2580 3885 2635 3937 et
2664 3881 2719 3935 in
2753 3879 2995 3935 Abrahae
3028 3878 3146 3933 ﬁlio
3177 3881 3234 3932 et
3261 3877 3319 3931 in
3350 3873 3613 3945 legitima
3645 3868 4039 3943 prohibitione

2396 3973 2838 4027 monstraverat.
2859 3968 3274 4024 Verumtamen
3300 3964 3346 4020 si
3372 3966 3676 4036 propterea
3694 3958 3896 4029 Jephte
3919 3974 4039 4012 non

2396 4062 2629 4125 faceret,
2663 4058 2772 4113 sibi
2807 4058 3000 4131 potius
3030 4056 3089 4111 in
3126 4056 3297 4110 unica
3328 4050 3676 4125 pepercisse,
3727 4064 3903 4119 quam
3936 4046 4039 4102 Dei

2391 4149 2749 4205 voluntatem
2780 4152 3018 4203 secutus
3042 4162 3170 4201 esse
3187 4144 3499 4199 videretur.
3524 4138 3703 4211 Magis
3717 4154 3849 4207 ergo
3873 4137 4039 4190 intel-

2393 4241 2533 4297 lexit
2563 4241 2621 4294 in
2652 4255 2717 4294 eo
2750 4239 2901 4311 quod
2937 4236 2987 4291 ei
3014 4236 3132 4291 ﬁlia
3154 4231 3426 4302 occurrit,
3445 4229 3692 4286 ultorem
3720 4226 4037 4297 Deum,ju-

2395 4334 2616 4402 simque
2646 4344 2826 4401 poenae
2849 4343 2909 4381 se
2942 4324 3189 4380 ﬁdeliter
3209 4320 3492 4391 subdidit,
3506 4319 3718 4374 timens
3742 4314 4038 4371 suaviorem

2393 4424 2573 4491 tanqu
2584 4434 2675 4473 am
2691 4418 2761 4472 de
2775 4410 3585 4488 tergiversationevindictam.
3597 4405 3877 4462 Credebat
3888 4404 4043 4459 enim

2394 4509 2567 4563 etiam
2585 4509 2748 4563 bonas
2763 4510 2818 4560 et
2833 4504 3077 4577 virginis
3094 4502 3350 4557 animam
3368 4497 3495 4553 ﬁlias
3510 4497 3654 4553 bene
3674 4492 4037 4566 recipi,quod

2394 4615 2506 4653 non
2537 4596 2727 4668 seipsa
2750 4598 2984 4651 voverat
3004 4588 3449 4659 immolandam,
3475 4586 3574 4642 sed
3599 4589 3729 4639 voto
3752 4588 3809 4639 et
3829 4581 4037 4638 volun-

2391 4689 2495 4743 tati
2529 4704 2643 4743 non
2674 4685 2970 4741 restiterat
3001 4680 3206 4755 patris,
3231 4684 3288 4734 et
3304 4677 3403 4733 Dei
3439 4677 3627 4732 fuerat
3656 4672 4034 4744 secutajudi-

2394 4780 2571 4834 cium.
2596 4781 2748 4831 Mors
2778 4775 2932 4830 enim
2968 4774 3121 4828 sicut
3151 4787 3254 4826 nec
3277 4769 3385 4824 sibi
3423 4784 3456 4822 a
3485 4780 3784 4839 quoquam
3809 4767 4033 4832 sponte,

2395 4885 2499 4923 nec
2521 4866 2794 4939 cuiquam
2815 4868 3020 4935 sponte
3038 4860 3338 4916 inferenda
3355 4861 3478 4925 est;
3513 4856 3613 4921 ita,
3639 4854 3753 4909 Deo
3769 4853 4034 4923 jubents,

2393 4956 2716 5013 recusanda
2742 4971 2858 5009 non
2892 4956 3000 5017 est,
3026 4951 3193 5021 cujus
3224 4945 3643 5004 constitutione
3666 4955 4037 5014 quocumque

2390 5045 2671 5119 temporis
2703 5044 2971 5099 obeunda
2994 5044 3082 5097 est
3106 5058 3118 5095 :
3144 5055 3249 5094 nec
3279 5037 3589 5109 quisquam
3621 5034 3721 5106 qui
3750 5048 3879 5087 eam
3903 5046 4032 5103 per-

2392 5136 2505 5209 peti
2533 5136 2831 5198 detrectat,
2850 5136 2912 5187 ut
2941 5129 3180 5186 omnino
3212 5127 3478 5195 evitetur,
3495 5124 3592 5179 sed
3624 5119 4028 5177 tantummodo

2391 5231 2457 5281 ut
2501 5225 2822 5289 differatur,
2869 5221 3157 5277 laborati.
3211 5218 3341 5273 Haec
3390 5218 3583 5270 autem
3618 5209 4027 5267 festinantibus

2390 5316 2560 5372 nobis
2590 5316 2659 5369 de
2690 5312 2963 5386 prmdicta
2994 5308 3312 5382 quaestione
3365 5304 3511 5361 satis
3558 5318 3685 5358 esse
3716 5302 4028 5370 utcumque

2390 5407 2626 5462 dicussa
2655 5420 2758 5476 pro
2789 5402 2897 5458 hac
2932 5401 3166 5473 quidem
3202 5399 3364 5470 parte
3394 5393 3517 5449 visa
3549 5394 3708 5448 sunt.

2458 5496 2760 5567 Nuncjam
2790 5492 2928 5565 quid
2952 5489 3206 5562 Spiritus
3237 5483 3483 5551 Domini,
3509 5482 3627 5537 sive
3650 5496 3753 5553 per
3772 5476 4025 5533 nescien-

2387 5591 2501 5643 tem
2535 5585 2741 5658 Jcphte
2774 5583 2891 5639 sive
2914 5598 3016 5654 per
3046 5579 3349 5645 scientem,
3374 5574 3492 5631 sive
3522 5589 3624 5646 per
3652 5570 3779 5641 ejus
3804 5568 4022 5639 impru-

2451 5718 2463 5749 ¹
2493 5714 2621 5773 Quae
2638 5714 2953 5774 sequuntur,
2972 5706 3185 5774 scilicet,
3206 5703 3308 5774 haec
3323 5704 3493 5774 aptent
3508 5694 4017 5774 [estinan’fiégaeth

2378 5758 3153 5843 utqlTe—Ji‘niinc’jam,'absunt
3175 5758 3205 5817 a
3224 5767 3347 5817 Mss.
3363 5758 3632 5815 Vaticanis
3654 5764 3704 5812 et
3722 5758 4017 5810 Gallicanis.
