4300 6342
390 300 511 363 849

383 432 501 489 sim
524 435 641 488 tam
659 436 995 500 sanctus,ut
1014 432 1352 506 perveniam
1380 433 1451 488 ad
1474 449 1675 490 eorum
1703 449 2039 502 numerum,

385 521 487 593 qui
517 522 685 578 sedes
702 523 830 593 ejus
854 526 1186 579 sunt.Tunc
1214 523 1368 578 enim
1396 540 1638 595 possum
1664 523 1856 579 dicere
1880 539 2035 590 vera,

386 612 678 668 etuudire:
708 614 862 668 unde
878 617 933 668 et
958 613 1081 668 oculi
1103 613 1382 669 dicuntur
1402 614 1606 670 sancti.
1633 617 1697 670 Et
1718 629 2038 684 cognoscam

384 704 734 758 causatione:
746 720 879 774 quas
897 704 1153 774 loquetur
1174 703 1695 759 mihi-redditione
1715 719 2037 770 causarum,

386 793 603 865 quibus
618 808 679 847 se
691 793 916 864 omniaj
930 794 1083 863 ustej
1096 794 1166 847 ud
1180 794 1329 848 icare
1345 794 2039 848 demonstrat.Etsentiam

385 899 509 953 quae
533 882 833 937 annuntiat
855 881 1032 936 mihi:
1061 883 1188 953 jam
1224 883 1527 953 proximus
1550 885 1622 937 ei.
1645 884 1728 938 An
1769 884 1828 938 in
1854 881 2035 937 multa

382 973 587 1028 virtute
605 971 1453 1045 diiudicabiturmecummtper
1466 972 1787 1043 potentiam
1801 971 2037 1027 resistat

383 1060 1178 1132 mihi?Nequaquam.Tamen
1196 1063 1257 1117 in
1278 1067 1494 1117 terrore
1515 1078 1625 1118 non
1644 1062 1905 1117 abutatur
1919 1078 2002 1117 me
2020 1078 2032 1117 :

385 1154 624 1224 propter
644 1154 883 1222 peccata
914 1167 1063 1218 mea,
1090 1168 1192 1222 pro
1235 1151 1451 1223 quibus
1479 1152 1657 1207 timeo
1682 1153 1874 1219 modo,
1900 1168 2033 1206 cum

389 1258 525 1298 sum
557 1241 617 1295 in
648 1245 889 1308 terrore,
925 1258 1038 1296 non
1062 1242 1340 1297 abutatur
1372 1259 1483 1297 me.
1525 1243 1796 1299 Caeterum
1816 1260 1939 1297 cum
1968 1243 2038 1297 ad

383 1347 511 1387 eum
526 1330 807 1386 venero:in
825 1329 925 1385 illa
944 1329 1212 1386 libertate
1238 1349 1354 1402 qua
1376 1348 1481 1404 ego
1498 1332 1929 1387 annumerabor
1950 1348 2039 1388 so-

385 1419 467 1476 lio
483 1421 1143 1491 ejus,omniaamabo,et
1157 1438 1269 1476 non
1287 1422 1430 1476 mihi
1446 1422 1870 1477 resistetvirtus
1884 1422 2034 1493 ejus;

393 1509 669 1580 quamvis
687 1508 859 1563 modo
878 1510 1064 1581 possit
1083 1527 1174 1565 me
1197 1510 1379 1578 abuti,
1407 1517 1606 1583 utpote
1629 1516 1950 1583 peccatore:
1977 1511 2033 1564 id

386 1604 498 1666 est,
525 1598 701 1653 iaciat
730 1598 799 1653 de
822 1614 916 1653 me
954 1599 1109 1671 quod
1136 1598 1280 1666 vult,
1304 1600 1479 1655 etiam
1520 1617 1652 1655 cum
1686 1617 1856 1671 poena
1882 1617 2031 1665 mea,

375 1686 543 1757 juste
566 1691 783 1742 tamen.
823 1687 1034 1743 Veritas
1055 1690 1206 1743 enim
1236 1692 1286 1743 et
1326 1690 1632 1759 increpatio
1654 1694 1731 1744 est
1756 1692 1824 1744 ab
1855 1705 1945 1744 eo:
1974 1689 2030 1743 id

384 1779 495 1843 est,
532 1792 646 1831 non
670 1775 889 1847 injuste
913 1776 1199 1848 increpat.
1232 1778 1427 1833 Educit
1456 1781 1515 1834 in
1548 1779 1713 1849 ﬁnem
1763 1779 2033 1845 iudicium

382 1882 586 1921 meum.
614 1864 798 1920 Etiam
823 1865 872 1920 si
896 1866 1067 1921 modo
1090 1866 1348 1939 corripit,
1372 1872 1572 1939 postea
1607 1868 2028 1923 manifestabit.

376 1957 517 2013 Nam
530 1958 581 2011 si
598 1956 1194 2027 primusambulavero,
1223 1962 1411 2029 postea
1435 1975 1543 2013 non
1580 1975 1698 2014 ero.
1720 1959 1843 2015 Non
1870 1976 2028 2014 arro-

374 2051 980 2117 gantersperem,non
996 2046 1311 2103 infideliter
1328 2048 1767 2120 desperem:boc
1779 2053 1888 2118 est,
1914 2065 2029 2103 non

376 2134 673 2191 declinare
687 2135 887 2190 dextra
910 2140 1009 2191 aut
1027 2136 1432 2193 sinistraJnde
1455 2142 1562 2207 est,
1583 2138 1642 2192 Si
1658 2137 1947 2194 ascendere
1972 2139 2030 2191 in

376 2225 663 2289 cwlum,tu
685 2225 765 2279 ibi
799 2240 856 2279 es
878 2224 1054 2297 (Psal.
1084 2243 1347 2297 cxxxvm,
1374 2228 1448 2296 8).
1485 2228 1625 2293 Quis
1648 2245 1739 2283 me
1760 2226 1896 2283 inde
1929 2243 2029 2299 po-

376 2318 495 2368 test
518 2312 757 2385 pellere?
780 2316 936 2369 etc.A
970 2313 1109 2370 laeva
1128 2315 1262 2388 quid
1309 2326 1567 2386 aget,non
1598 2317 2026 2389 apprehendam.

375 2403 686 2475 Superiora
704 2404 927 2473 repetit.
958 2410 1004 2457 A
1026 2403 1168 2459 laeva
1197 2410 1393 2461 autem
1414 2406 1555 2461 dicit
1590 2424 1705 2461 non
1729 2423 1790 2462 se
1822 2423 2028 2478 appre-

375 2492 2029 2565 hensurumdeditumtemporalibus.Converteturaddex-

378 2591 582 2653 teram,
604 2591 770 2637 etnon
788 2582 1002 2638 videbo.
1030 2583 1163 2638 Ideo
1189 2601 1305 2639 non
1320 2584 1499 2640 debeo
1511 2585 1859 2641 essealasva.
1886 2586 2023 2641 Con-

377 2674 624 2727 vertetur
648 2677 843 2727 autem
876 2670 1013 2742 dixi,
1039 2672 1174 2741 quia
1206 2674 1330 2745 ipse
1377 2674 1438 2729 iu
1481 2675 1889 2746 spiritualibus
1915 2680 2024 2742 est,

379 2762 535 2817 unde
557 2778 663 2833 ego
686 2777 779 2816 me
795 2766 1009 2829 averto,
1045 2762 1094 2816 si
1138 2780 1171 2818 a
1202 2762 1341 2818 laeva
1377 2763 1561 2820 fuero.
1599 2764 1709 2819 Scit
1741 2766 1853 2835 ipse
1876 2766 2025 2818 viam

373 2866 591 2905 meam:
617 2853 680 2904 ut
702 2850 935 2906 etiamsi
958 2867 1061 2922 per
1084 2851 1494 2908 tribulatioues
1528 2870 1619 2908 me
1651 2853 1901 2918 duxerit,
1934 2869 2023 2907 se-

375 2956 541 3010 quar.
571 2939 830 2995 Probavit
857 2956 942 2994 me
964 2942 1102 2995 sicut
1119 2958 1321 2995 aurum
1340 2959 1358 2996 :
1382 2942 1441 2996 in
1474 2940 1955 2997 tribulationibus
1981 2944 2020 2996 ί.

373 3028 641 3099 Egredior
661 3030 721 3085 in
745 3032 1038 3101 preceptis
1061 3031 1199 3102 ejus.
1231 3035 1304 3085 De
1328 3031 1583 3087 tenebris
1610 3030 1753 3086 meis
1796 3047 2020 3097 exeam,

375 3119 477 3175 sed
496 3123 693 3174 tamen
717 3118 774 3173 in
800 3119 1106 3190 praeceptis
1128 3122 1276 3190 ejus.
1301 3120 1363 3176 Si
1383 3129 1565 3176 autem
1603 3122 1718 3193 ipse
1747 3121 2023 3193 judicavit

372 3210 484 3264 sic:
510 3213 573 3263 ut
596 3225 697 3280 per
720 3207 1129 3264 tribulationes
1154 3226 1243 3265 me
1266 3214 1543 3279 tanquam
1568 3226 1773 3265 aurum
1796 3210 2019 3281 probet.

374 3302 671 3367 Propterea
692 3298 767 3352 ad
786 3313 909 3351 eum
932 3300 1194 3368 [estinavi
1217 3316 1229 3353 :
1255 3298 1393 3370 quia
1414 3316 1507 3354 me
1539 3297 1858 3363 tribulavit,
1892 3298 2021 3353 ideo

372 3385 594 3442 relictis
612 3386 1036 3458 temporalibus
1050 3388 1120 3442 ad
1139 3404 1272 3442 eum
1293 3388 1650 3443 festinavi.Et
1663 3389 2023 3443 commonitus

369 3476 642 3532 sollicitus
660 3480 748 3548 fui
766 3476 833 3531 de
868 3492 964 3533 eo:
1011 3482 1073 3531 ut
1114 3476 1205 3531 his
1230 3478 1409 3547 painis
1446 3476 1778 3532 carnalibus
1809 3481 2024 3531 aeterna

373 3564 667 3637 supplicia
698 3564 1249 3621 devitarem.Idcirco
1269 3583 1303 3619 a
1315 3566 1461 3636 [acie
1481 3567 1596 3635 ejus
1616 3565 2022 3620 lurbabor.Mo-

363 3655 439 3710 do
468 3654 776 3722 turbabor,
800 3658 864 3709 ut
885 3671 1117 3709 caveam
1135 3654 1399 3726 cogitans
1423 3654 2018 3725 futurumjudicium,

361 3744 463 3800 ubi
495 3744 605 3799 erit
634 3744 759 3814 ejus
793 3743 1207 3799 manifestatio.
1242 3745 1305 3797 Et
1350 3744 1610 3799 Dominus
1642 3744 1878 3799 mollivit
1930 3759 2022 3798 cor

363 3833 644 3888 meum.Et
661 3833 857 3903 ipsum
874 3832 1222 3903 timere,quo
1241 3837 1401 3887 cavet
1419 3833 1647 3887 futuras
1670 3849 1890 3904 poenas,
1918 3831 2019 3885 mi-

366 3921 701 3977 sericordias
723 3921 824 3977 Dei
849 3921 1243 3992 deputat.Non
1267 3922 1423 3978 enim
1447 3921 2019 3993 sciretsuperventu-

366 4029 465 4067 ras
491 4028 691 4083 poenas
716 4016 773 4067 et
794 4012 1068 4067 tenebras
1091 4010 1283 4080 malis,
1310 4011 1422 4067 nisi
1448 4012 1731 4066 Dominus
1765 4009 2021 4065 molliret

368 4116 470 4155 cor
491 4101 619 4172 ejus
641 4100 1029 4171 praesentibus
1044 4099 1831 4155 tribulationibuszadversus
1850 4098 2016 4167 illud,

368 4192 526 4261 quod
549 4189 787 4245 indurat
812 4194 961 4244 Deus
992 4205 1091 4244 cor
1120 4188 1442 4245 Pharaonis
1466 4190 1667 4259 (Exod.
1700 4206 1800 4259 vn,
1831 4189 1908 4260 3).

440 4279 542 4347 [1b.
576 4284 750 4346 xxxv.)
787 4280 969 4348 Quare
998 4279 1294 4335 Dominum
1330 4295 1441 4335 non
1498 4277 1781 4335 latuerunt
1832 4280 2013 4334 horz:

364 4368 783 4434 Quamobrem,
814 4368 926 4436 vel,
964 4370 1186 4440 Itaque.
1245 4370 1441 4425 Finem
1498 4370 1800 4440 trangressi
1853 4376 2012 4423 sunt:

361 4458 692 4514 Christum.
727 4459 792 4513 Et
822 4456 1233 4515 inclinaverunt
1260 4474 1529 4530 pauperes
1558 4475 1592 4513 a
1622 4460 1709 4513 via
1732 4459 1883 4530 justa
1905 4475 1923 4512 :
1953 4460 2017 4513 ut

366 4547 453 4604 vel
486 4548 863 4604 imitarentur
892 4564 1012 4617 eos,
1044 4548 1131 4604 vel
1152 4548 1288 4604 inde
1310 4548 1735 4604 arbitrarentur
1757 4565 1871 4603 non
1888 4564 2018 4603 esse

370 4636 970 4709 divinumjudicium,
1004 4638 1140 4709 quia
1166 4638 1514 4710 impunitam
1536 4638 1812 4694 videbant
1846 4636 2014 4693 mali-

375 4728 518 4783 tiam
547 4743 659 4799 qua
676 4726 760 4783 eis
794 4728 1077 4783 nocebant
1095 4726 1813 4799 relinquentesjustitiam.
1836 4728 2016 4783 Simul

370 4816 677 4873 absconditi
695 4825 822 4872 sunt
838 4820 996 4873 mites
1016 4821 1343 4874 terreezcum
1358 4816 1449 4873 his
1464 4817 1563 4888 qui
1578 4818 2018 4872 declinaverunt

366 4924 400 4963 a
425 4906 1051 4978 viajusta,absconditi
1072 4911 1213 4962 sunt
1231 4908 1505 4974 mites,ne
1521 4906 1663 4961 mihi
1679 4907 1896 4963 ferrent
1918 4924 2017 4962 au-

368 4997 599 5053 xilium.
630 4996 771 5053 Nam
795 4995 907 5052 tria
922 5001 1060 5053 sunt
1080 5013 1295 5069 genera
1313 4997 1617 5053 hominum
1649 4998 1708 5052 in
1743 4996 2015 5065 Ecclesia,

369 5101 506 5141 cum
540 5084 604 5139 fit
634 5084 996 5156 persecutio:
1030 5084 1127 5139 alii
1160 5084 1318 5141 enim
1350 5085 1745 5151 consentiunt,
1779 5084 1879 5141 alii
1927 5086 2017 5140 fu-

374 5173 666 5249 giunt,alii
689 5174 1268 5246 patiuntur,quorum
1292 5191 1601 5246 personam
1624 5176 1871 5231 sustinet
1888 5176 2018 5231 Job.

380 5272 444 5323 Et
468 5266 755 5320 irruerunt
771 5266 926 5320 asini
933 5267 1045 5337 feri
1062 5267 1121 5321 in
1143 5282 1280 5335 agro
1299 5280 1461 5336 super
1479 5265 1761 5321 me.Stulti
1783 5272 1840 5322 et
1860 5267 2022 5324 indo-

372 5353 671 5426 miti,etob
690 5354 798 5410 hoc
823 5356 1082 5428 superbi,
1111 5356 1411 5411 irruerunt
1431 5372 1609 5428 super
1627 5374 1717 5412 me
1739 5358 2021 5414 conﬁten-

372 5451 514 5514 tem,
543 5445 767 5501 scilicet
788 5446 1129 5502 Ecclesium.
1178 5448 1247 5502 Et
1288 5454 1549 5502 exeuntes
1578 5446 1647 5501 ad
1678 5463 1811 5518 opus
1835 5464 2019 5505 suum.

371 5535 491 5592 Hoc
504 5534 664 5607 enim
688 5552 835 5609 opus
853 5540 1253 5606 esteorum,ut
1272 5535 1335 5593 in
1356 5552 1450 5592 me
1479 5534 1792 5606 irruant,id
1814 5543 1921 5607 est,
1948 5538 2021 5594 ad

441 5724 459 5761 ί
492 5722 616 5774 Mss.
649 5726 773 5777 tres.
803 5724 1188 5779 tentationibus.

1849 302 2084 362 LIBER
2126 303 2363 365 UNUS.

3690 317 3814 377 850

2155 434 2264 490 hoc
2286 434 2548 507 deputati
2572 440 2713 492 sunt
2735 453 2768 494 a
2790 437 2927 493 Deo.
2962 437 3161 495 Suavis
3181 442 3361 511 [actus
3383 445 3458 498 est
3497 444 3722 517 eipanis
3744 447 3809 501 in

2153 524 2726 598 adolescentes.lmpio
2743 532 2799 582 et
2814 530 3173 599 persecutori
3190 548 3429 586 suavem
3445 550 3644 603 pauent
3668 534 3813 590 dicit

2153 612 2210 667 id
2234 618 2342 681 est,
2367 616 2853 686 persecutionem,
2888 635 3003 689 qua
3023 618 3273 675 libenter
3304 621 3626 691 fruebatur,
3674 638 3807 679 cum

2152 719 2279 758 eam
2306 705 2516 760 faceret
2545 706 3046 763 adolescentibus:
3069 714 3132 763 ut
3154 708 3557 766 adolescentes
3579 716 3681 766 aut
3699 730 3803 783 pro

2152 794 2512 849 amatoribus
2544 795 2905 867 voluptatum
2924 798 3464 870 accipiamus,quia
3490 800 3599 871 ipsi
3638 800 3806 855 facile

2150 881 2367 937 talibus
2388 884 2901 953 consentiunt;aut
2924 903 3025 957 pro
3052 887 3134 941 eis
3160 888 3259 958 qui
3284 892 3510 943 tantum
3535 888 3592 942 in
3616 888 3806 945 Eccle-

2150 970 2238 1026 sia
2265 974 2654 1044 proiecerunt,
2687 979 2748 1029 ut
2780 975 3042 1047 pueritiae
3075 976 3313 1047 quidem
3359 976 3804 1049 simplicitatem

2148 1061 2510 1129 transierint,
2542 1066 2640 1118 sed
2662 1065 2925 1120 nondum
2954 1066 3319 1137 pervenerint
3342 1066 3413 1121 ad
3450 1068 3629 1122 robur
3656 1067 3803 1123 illud

2148 1150 2458 1223 virile,quo
2483 1153 2656 1208 etiam
2678 1158 3015 1225 persecutor
3034 1155 3662 1226 contemnitur.Agrum
3675 1158 3805 1212 ante

2148 1245 2359 1312 tempus
2380 1258 2488 1297 non
2504 1259 2665 1297 suum
2686 1243 3113 1300 demessuerunt.
3136 1247 3251 1299 Aut
3273 1261 3489 1316 genera
3510 1245 3650 1299 dicit
3668 1261 3799 1316 per-

2147 1330 2539 1403 secutionum,
2574 1337 2637 1387 ut
2666 1332 2922 1404 aliquem
2955 1334 3077 1405 agri
3101 1334 3316 1388 damno
3347 1338 3662 1389 terrerent:
3698 1338 3801 1389 aut

2148 1436 2252 1491 pro
2274 1438 2411 1491 agro
2436 1422 2691 1476 Ecclesia
2710 1421 3302 1494 intelligenda,quam
3327 1428 3461 1478 ante
3484 1422 3795 1478 maturita-

2146 1512 2261 1563 tem
2287 1508 2792 1580 persecutionibus
2817 1520 3032 1565 metere
3058 1510 3389 1579 voluerunt,
3416 1511 3471 1565 id
3498 1517 3604 1578 est,
3632 1517 3798 1566 ante-

2145 1614 2320 1669 quam
2345 1598 2520 1653 simul
2534 1598 2753 1654 zizania
2766 1604 3184 1669 crescerent,ut
3198 1605 3459 1672 tempore
3480 1601 3691 1655 messis
3705 1616 3799 1656 se-

2143 1694 2494 1758 pararentur
2510 1689 2733 1759 (Matth.
2745 1688 2961 1759 xm,29,
2975 1689 3061 1759 30)
3073 1731 3085 1743 .
3118 1693 3197 1744 De
3210 1690 3511 1744 stillicidiis
3525 1691 3794 1744 montium

2142 1777 2880 1849 madescentmonlugientes
2900 1777 3042 1833 nudi
3066 1778 3137 1833 ad
3164 1777 3496 1850 speluncas,
3523 1778 3621 1833 ubi
3649 1795 3790 1834 saxa

2142 1866 2447 1922 distillant.
2473 1868 2787 1938 Rapuerunt
2804 1867 2878 1923 ab
2902 1868 3066 1923 ubere
3084 1867 3603 1939 pupillum.Pupilli
3636 1873 3693 1923 et
3714 1868 3793 1923 vi-

2142 1955 2268 2010 dua:
2293 1956 2639 2028 plerumque
2661 1974 2728 2012 ex
2751 1974 2998 2029 persona
3014 1957 3281 2013 Ecclesia
3304 1957 3624 2029 accipiendi
3653 1976 3665 2013 :
3699 1962 3790 2013 est

2138 2046 2392 2117 populus
2415 2048 2524 2101 sub
2544 2052 2930 2121 tormento.Et
2950 2063 3074 2102 eum
3094 2048 3188 2118 qui
3206 2045 3782 2116 ceciderat,humilia—

2140 2148 2365 2191 veru-nt:
2395 2136 2690 2191 desertum
2715 2136 2800 2192 vel
2824 2136 3039 2192 auxilio
3065 2137 3185 2203 Dei,
3207 2136 3295 2192 vel
3319 2135 3590 2207 alicujus;
3626 2135 3783 2208 quod

2137 2229 2229 2280 est
2252 2241 2473 2296 magna
2495 2224 2869 2291 saevitiazmon
2893 2225 3111 2281 talibus
3135 2243 3386 2297 parcere.
3413 2228 3475 2281 In
3515 2227 3788 2296 angustiis

2138 2313 2397 2368 insidiati
2416 2322 2543 2369 sunt
2560 2316 2770 2385 inique:
2791 2315 2848 2368 in
2864 2316 3416 2371 necessitatibus.De
3429 2318 3648 2371 civitate
3660 2316 3786 2371 etde

2135 2403 2383 2458 domibus
2404 2404 2793 2475 ejiciebantur.
2818 2404 2901 2460 Ab
2929 2404 3013 2460 eis
3034 2404 3422 2475 ejiciebantur
3444 2404 3563 2459 alii.
3588 2404 3789 2459 Anima

2135 2508 2260 2548 vero
2273 2494 2633 2565 parvulorum
2655 2496 2713 2548 in
2734 2496 2943 2564 gemitu
2967 2493 3149 2550 valde:
3171 2494 3422 2566 fuithse
3442 2502 3623 2549 autem
3646 2494 3786 2548 Deus

2134 2599 2325 2638 eorum
2339 2599 2532 2637 curam
2554 2600 2664 2638 non
2675 2585 2741 2637 ha
2751 2583 3380 2655 buit:impiorum,quia
3396 2584 3567 2639 modo
3582 2599 3784 2638 curam

2134 2688 2338 2727 eorum
2362 2689 2473 2727 non
2501 2672 2793 2739 habendo,
2822 2672 2957 2727 fecit
2987 2689 3085 2727 eos
3118 2673 3429 2743 desperare
3460 2673 3531 2727 de
3553 2670 3781 2742 judicio

2134 2762 2261 2829 Dei;
2288 2761 2424 2833 quia
2445 2762 2686 2834 impune
2708 2761 2863 2817 mala
2883 2761 3266 2817 faciebant.Et
3287 2761 3408 2817 ideo
3438 2763 3497 2815 in
3528 2762 3780 2817 tenebras

2130 2852 2325 2907 traditi
2348 2860 2506 2907 sunt:
2530 2851 3089 2923 ignorantiaajudicii
3110 2851 3304 2907 Dei.Et
3324 2856 3545 2923 repente
3567 2855 3625 2906 ut
3644 2853 3740 2922 fur
3756 2868 3776 2907 :

2131 2957 2229 2997 eos
2253 2942 2563 3013 occupabit
2579 2941 2704 2996 dies
2726 2940 2842 2996 ille.
2866 2941 3067 2996 Oculus
3092 2940 3337 2996 adulteri
3359 2941 3607 2997 observat
3629 2949 3777 2996 tene-

2132 3030 2457 3087 bras.Osten
2468 3032 2604 3085 dere
2616 3030 2738 3085 vult
2760 3030 2817 3085 in
2834 3047 2980 3101 quas
2996 3031 3267 3087 tenebras
3289 3029 3776 3102 tradanturimpii

2130 3137 2232 3191 per
2252 3120 2665 3193 impunitatem
2693 3137 2705 3176 :
2741 3136 2856 3175 non
2881 3120 3037 3175 enim
3060 3136 3159 3175 eas
3191 3136 3338 3191 quas
3359 3123 3597 3190 captant
3614 3118 3778 3174 adul-

2130 3210 2260 3278 teri,
2283 3216 2340 3265 et
2362 3210 2547 3265 caeteri
2574 3209 2673 3282 qui
2695 3209 2846 3264 male
2869 3208 3096 3263 faciunt
3113 3226 3215 3281 per
3230 3213 3479 3277 noctem,
3508 3224 3579 3263 ne
3597 3224 3776 3280 agno-

2129 3304 2370 3353 scantur
2401 3316 2501 3370 per
2518 3299 2671 3353 diem
2695 3323 2708 3364 ;
2731 3298 2830 3354 sed
2853 3297 2987 3352 illas
3010 3314 3135 3369 quas
3164 3297 3338 3354 etiam
3367 3313 3538 3353 mane
3557 3300 3574 3333 ¹
3600 3313 3779 3368 super

2128 3403 2229 3442 eos
2254 3392 2413 3443 sunt.
2450 3387 2679 3459 Suffodit
2712 3390 2767 3442 in
2790 3390 3037 3442 tenebris
3059 3386 3263 3443 domos.
3287 3386 3414 3441 Alia
3443 3386 3600 3441 mala
3628 3385 3781 3440 facta

2128 3480 2571 3533 commemorat.
2594 3479 2702 3531 Per
2717 3477 2862 3532 diem
2881 3478 3306 3546 obsignaverunt
3325 3478 3662 3545 semetipsos:
3684 3492 3773 3531 oo-

2127 3583 2195 3622 ou
2206 3566 2421 3622 ltaveru
2434 3584 2464 3621 n
2475 3568 2639 3622 t.Non
2658 3573 3023 3637 cognoverunt
3038 3566 3368 3638 lucem,quia
3382 3567 3556 3621 simul
3567 3568 3644 3620 eis
3659 3582 3776 3619 ma-

2123 3658 2247 3711 net’
2268 3657 2464 3711 umbra
2483 3658 2673 3711 mortis
2704 3672 2723 3710 :
2753 3672 2866 3711 non
2891 3655 3029 3727 quia
3052 3673 3162 3711 nox
3184 3655 3443 3724 recessit,
3469 3659 3776 3726 propterea

2126 3762 2224 3800 eos
2257 3744 2519 3800 deseruit
2549 3745 2759 3800 umbra
2790 3746 3016 3800 mortis.
3051 3746 3205 3799 Levis
3251 3752 3329 3799 est
3367 3760 3529 3815 super
3570 3744 3773 3813 [aciem

2123 3849 2286 3907 aqua
2311 3852 2323 3888 :
2350 3835 2421 3889 ad
2446 3834 2939 3905 comparationem
2968 3840 3153 3904 terrai,
3175 3832 3601 3905 splendidiores
3622 3832 3772 3887 acci-

2124 3923 2318 3995 piendi
2345 3926 2502 3989 sunt,
2527 3938 2673 3994 quos
2694 3922 2793 3977 lux
2816 3927 3086 3994 penetrat
3106 3928 3163 3977 et
3184 3920 3643 3994 imagolevitatis
3678 3938 3691 3987 ;
3716 3924 3774 3976 et

2124 4013 2255 4068 ideo
2280 4011 2421 4067 levis
2444 4019 2531 4067 est
2573 4027 2751 4083 super
2767 4028 2865 4067 eos
2888 4013 3098 4067 umbra
3139 4011 3364 4067 mortis.
3396 4010 3541 4066 Nam
3573 4014 3628 4065 et
3659 4009 3773 4081 ipsi

2123 4106 2359 4173 portant
2379 4117 2505 4156 eam
2535 4117 2639 4172 per
2658 4102 3055 4157 conditionem
3080 4102 3293 4157 carnis.
3344 4100 3469 4167 Vel,
3513 4100 3666 4155 Levis
3696 4102 3777 4154 est

2121 4208 2282 4263 super
2300 4192 2500 4261 faciem
2520 4207 2675 4263 aquae
2698 4190 2866 4259 dixit,
2890 4207 3068 4263 super
3103 4207 3203 4246 eos
3241 4189 3341 4263 qui
3386 4191 3445 4245 in
3478 4188 3775 4260 Baptismo

2121 4279 2870 4336 confitentur.Maledicatur
2887 4296 3021 4351 pars
3041 4296 3234 4337 eorum
3246 4296 3415 4349 super
3428 4281 3779 4333 terram.Ste-

2122 4370 2228 4425 rile
2250 4369 2327 4425 sit
2349 4370 2504 4440 quod
2528 4370 2889 4441 delegerunt.
2912 4371 2983 4425 De
3003 4370 3131 4425 sinu
3160 4372 3314 4424 enim
3329 4368 3671 4441 papillarum
3685 4384 3777 4422 ra-

2118 4460 2461 4529 puerunt:de
2472 4459 2642 4515 corde
2655 4459 3025 4515 inﬁrmorum
3038 4460 3213 4515 verbu
3225 4476 3276 4514 m
3292 4475 3394 4531 per
3411 4456 3625 4512 malam
3640 4472 3776 4512 sua-

2123 4550 2368 4605 sionem.
2393 4549 2599 4604 Deinde
2621 4553 3048 4605 rememoratum
3070 4553 3147 4604 est
3164 4549 3598 4619 peccatumeius:
3620 4546 3775 4617 quod

2120 4638 2368 4711 putabat
2389 4639 2445 4693 in
2469 4637 3384 4695 oblivionemvenire.Conteralur
3400 4640 3542 4692 sicut
3562 4637 3777 4707 lignum

2117 4728 2619 4786 insanabileomnis
2636 4728 3045 4799 iniquus:quod
3068 4745 3183 4783 non
3197 4731 3367 4783 sanat
3382 4724 3778 4781 3.Sterilienim

2118 4835 2228 4874 non
2256 4820 2385 4888 fecit
2418 4819 2548 4873 bene
2573 4836 2590 4871 :
2618 4834 2740 4887 qua:
2774 4818 2900 4872 sine
2919 4817 3319 4872 consolatione
3352 4815 3615 4869 ﬁliorum
3662 4818 3773 4880 est,

2122 4908 2469 4981 Consurgens
2496 4923 2621 4979 ergo
2642 4922 2752 4961 non
2781 4907 2966 4962 credit
2987 4910 3176 4961 contra
3207 4908 3384 4961 vitam
3430 4918 3614 4958 suam:
3661 4918 3778 4957 non

2121 4997 2308 5053 credit
2338 4999 2621 5054 adversus
2652 4996 2835 5052 vitam
2876 5012 3045 5051 suam
3072 5014 3085 5064 ;
3121 4995 3322 5051 debuit
3353 4994 3510 5049 enim
3543 4992 3779 5048 credere

2124 5087 2340 5143 malam
2364 5105 2425 5143 se
2446 5087 2663 5142 habere
2684 5087 2883 5153 vitam,
2909 5091 2966 5142 et
2996 5102 3062 5141 eo
3080 5085 3208 5157 ipso
3232 5099 3607 5154 consurgere.
3644 5082 3781 5135 Cum

2123 5178 2407 5248 inﬁrmari
2434 5179 2674 5249 coeperit,
2701 5192 2807 5231 non
2839 5183 3013 5247 speret
3028 5176 3344 5231 sanitatem:
3380 5171 3784 5227 tribulari.Sed

2123 5268 2271 5323 cadit
2304 5269 2361 5323 in
2382 5268 2725 5339 languorem.
2746 5265 2913 5321 Tales
2935 5266 3091 5321 enim
3115 5263 3334 5335 impius
3355 5259 3784 5318 consolationes

2125 5357 2334 5430 quaerit
2354 5356 2412 5412 in
2436 5357 2613 5412 rebus
2628 5353 3132 5426 adversis,quibus
3155 5352 3445 5408 inﬁrmior
3458 5351 3783 5407 ﬁat.Emar-

2193 5601 2208 5633 ¹
2237 5597 2395 5657 Editi,
2429 5596 2564 5647 male
2594 5600 2737 5657 Μῦς..
2769 5610 2936 5645 mane.

2191 5662 2213 5696 ³
2241 5661 2325 5711 Sic
2352 5660 2478 5711 editi
2510 5665 2563 5711 et
2591 5660 2713 5709 Mss.
2744 5660 2811 5709 At
2830 5658 2971 5717 LXX,
3003 5671 3071 5721 ou
3097 5657 3217 5721 prai
3241 5670 3410 5707 mane.

2192 5724 2214 5760 ³
2234 5724 2357 5775 Lov.
2386 5723 2621 5776 sanatur.
2652 5723 2755 5776 Alii
2773 5722 2983 5774 codices
3012 5720 3143 5771 editi
3170 5725 3224 5772 et
3250 5723 3395 5784 Mss.,
3422 5722 3587 5768 sanet.
