4300 6356
549 332 663 391 851

551 465 667 519 cuit
688 462 831 519 sicut
854 465 1039 521 malva
1070 468 1127 521 in
1150 475 1287 523 aestu
1309 468 1545 525 altitudo
1574 472 1693 542 ejus
1722 488 1732 525 :
1758 471 1897 543 quia
1928 489 2042 528 non
2073 472 2208 528 tulit

553 558 763 609 aestum
796 554 1234 625 tribulationis;
1274 559 1466 615 malva
1496 564 1713 629 autem,
1765 569 1999 633 propter
2047 562 2211 617 infir-

556 644 847 699 mitatem.
881 646 988 700 Aut
1010 648 1147 701 sicut
1179 648 1243 702 de
1273 651 1476 720 stipqu
1506 652 1660 721 spica
1712 651 1975 707 decidens
2022 661 2209 724 sponte

556 733 695 803 ejus.
730 733 873 799 Quia
905 751 1076 791 mane
1115 742 1238 791 erat
1270 738 1325 792 in
1360 741 1616 795 culmine
1652 740 1860 812 ipsius.
1894 742 2022 813 Ipse
2054 742 2210 797 enim

560 820 673 875 sibi
706 822 878 893 elegit
910 823 1055 879 tales
1088 827 1515 884 consolationes
1548 829 1763 901 quibus
1823 833 1990 902 pejus
2049 833 2209 886 infir-

562 914 773 965 metur.
808 912 1070 985 Alioquin
1102 918 1223 986 quis
1248 927 1323 972 est
1353 921 1452 989 qui
1484 919 1743 990 loquatur
1762 920 2101 977 mendacium
2126 938 2211 977 me

564 999 754 1056 dicere
781 1003 803 1054 Ρ
832 1002 879 1057 si
914 1008 971 1058 et
1000 1003 1163 1060 aliter
1194 1012 1352 1061 sunt.

636 1090 902 1163 [lb.xxv.]
928 1093 1117 1149 Verba
1149 1094 1366 1151 Baldad
1386 1098 1698 1154 Saucbitis.
1726 1100 1866 1167 Quid
1886 1100 2029 1155 enim
2051 1117 2209 1157 edor-

562 1177 719 1234 dium
742 1198 907 1251 quam
930 1186 1096 1239 timor
1116 1185 1309 1239 abeo?
1335 1189 1448 1242 Ista
1472 1188 1809 1258 subjunctio
1842 1190 2070 1246 videtur
2092 1190 2210 1247 illis

560 1270 754 1325 verbis
782 1276 1132 1343 consentire,
1166 1275 1382 1346 quibus
1410 1277 1551 1332 dicit
1595 1278 1725 1350 Job,
1764 1280 1964 1336 Idcirco
2001 1299 2038 1337 α
2066 1283 2211 1353 facie

562 1359 682 1429 ejus
702 1361 982 1429 turbabor,
1006 1364 1389 1433 considerabo,
1412 1374 1462 1421 et
1481 1368 1683 1423 timebo
1706 1370 1771 1423 ab
1796 1386 1854 1425 eo
1875 1370 2008 1441 (Job.
2048 1389 2207 1439 xxm,

566 1449 680 1519 15).
713 1450 877 1506 Nemo
894 1458 1057 1523 putet
1076 1470 1189 1509 esse
1203 1472 1411 1510 moram
1432 1460 1650 1527 piratis.
1675 1458 1807 1513 Sine
1826 1477 1989 1515 mora
2004 1478 2211 1515 secun-

562 1537 703 1591 dum
730 1540 1083 1610 permissum
1110 1543 1237 1613 ejus
1258 1549 1499 1600 tentant.
1533 1551 1595 1601 In
1616 1565 1770 1617 quem
1792 1550 1940 1603 enim
1985 1565 2090 1604 non
2122 1566 2211 1605 ve-

552 1628 1493 1700 nientinsidiwabeomocest,cum
1510 1635 1633 1706 ipse
1650 1638 1847 1707 permit
1863 1638 2211 1694 tit.lnsidias

563 1724 758 1771 autem
778 1719 916 1774 dicit
938 1722 1352 1778 tentationes.A
1366 1732 1419 1779 ut
1448 1728 1714 1795 quomodo
1736 1730 1838 1782 erit
1862 1727 2211 1799 homojustus

562 1821 750 1861 coram
774 1809 999 1865 Domino
1020 1814 1044 1862 .9
1064 1811 1386 1883 Ergojustc
1408 1830 1540 1868 eum
1564 1817 1773 1871 tentari
1795 1818 2098 1888 permittit.
2124 1818 2215 1873 Vel

566 1899 828 1966 quomodo
850 1916 907 1954 se
946 1901 1236 1956 mundabtt
1266 1906 1429 1957 natus
1449 1920 1517 1959 ex
1540 1906 1772 1961 muliere
1794 1906 1821 1960 ‘t
1854 1907 1965 1961 nisi
2002 1908 2155 1962 enim
2182 1924 2216 1962 a

562 1984 679 2041 Deo
703 1990 1022 2045 mundatus
1046 1990 1242 2058 fuerit,
1266 1991 1609 2049 immundus
1632 1999 1737 2049 est.
1761 1995 1821 2049 Si
1837 1996 1989 2052 luna)
2005 1998 2212 2067 praeci-

568 2079 673 2147 pit,
693 2082 743 2133 et
764 2097 876 2134 non
898 2080 1060 2134 lucet.
1078 2078 1363 2142 Quoniam
1386 2081 1434 2137 si
1463 2083 1697 2153 exigant
1718 2086 1973 2139 rationes
1997 2090 2052 2139 et
2072 2086 2214 2140 ordo

571 2166 948 2237 providentiae
972 2168 1181 2240 ipsius,
1207 2173 1270 2223 ut
1292 2168 1432 2225 luna
1453 2189 1566 2226 non
1591 2172 1804 2237 luceat,
1840 2174 2132 2247 praacipiet
2155 2178 2217 2229 ut

572 2272 687 2310 non
710 2255 923 2322 luceat,
946 2262 1001 2313 et
1033 2274 1148 2312 non
1179 2257 1415 2316 lucebit.
1448 2260 1559 2315 Sed
1593 2278 1772 2333 quare
1793 2262 1819 2315 ‘P
1849 2263 2055 2318 Utrum
2078 2264 2215 2319 inde

570 2345 694 2401 vult
716 2347 897 2401 videri
920 2364 1035 2401 non
1057 2352 1338 2403 mundam
1358 2348 1554 2404 lunam
1579 2368 1773 2406 coram
1798 2354 2039 2423 eo,quia
2070 2370 2213 2424 prte-

569 2434 712 2504 cipit
728 2435 863 2503 ei,et
878 2454 988 2491 non
1005 2435 1189 2491 lucet?
1212 2454 1283 2491 an
1303 2438 1447 2493 forte
1462 2440 1765 2495 rationalis
1780 2442 1987 2495 animae
2005 2448 2216 2498 natura

567 2523 815 2594 ﬁgurate
838 2524 1391 2593 bicinsinuatur,cui
1409 2527 1493 2583 sol
1516 2528 2211 2601 intelligibilisestlumen

568 2612 713 2667 illud
738 2614 1123 2685 verum,quod
1154 2614 1449 2671 illuminat
1470 2634 1704 2673 omnem
1729 2619 2209 2691 bominem(.loan.

564 2718 605 2769 1,
637 2701 736 2771 9)?
758 2704 826 2754 Et
857 2701 1130 2771 quoniam
1165 2707 1322 2758 tanto
1353 2705 1542 2775 magis
1572 2704 1711 2761 luna
1767 2707 1920 2763 lucet
1969 2710 2212 2765 terrenis

567 2791 920 2861 aspectibus,
942 2797 1159 2861 quanto
1183 2792 1369 2864 magis
1392 2795 1607 2849 recedit
1627 2813 1659 2850 a
1682 2797 1830 2863 sole;
1856 2814 1987 2852 cum
2014 2804 2211 2853 autem

565 2880 919 2952 propinquat
944 2880 1075 2948 soli,
1101 2880 1458 2937 interimitur
1476 2884 2075 2958 terris:intelligamus
2092 2888 2213 2942 ani-

567 2985 673 3023 ma:
696 2968 980 3024 divinitus
1013 2971 1338 3042 praecipi,ut
1367 2981 1643 3045 superata
1665 2976 2212 3032 nativitateterrena

564 3062 738 3129 atque
773 3059 1019 3128 mortali,
1053 3075 1168 3129 qua
1200 3060 1477 3131 splendor
1525 3065 1653 3134 ejus
1698 3071 1940 3136 apparet
1982 3072 2211 3121 terreno

564 3163 742 3203 sensu
772 3148 1126 3213 videntibus,
1160 3156 1436 3221 appareat
1465 3139 1521 3206 et
1547 3153 2211 3226 propinquet,subjuge-

565 3242 781 3308 turque
807 3238 1249 3309 sapientiamque
1269 3241 1395 3309 ejus
1418 3238 1545 3296 luce
1571 3243 2000 3298 secretissime‘
2025 3243 2211 3299 exsul-

563 3331 923 3392 tans,caveat
938 3328 1122 3382 facere
1138 3328 1431 3397 justitiam
1452 3347 1618 3385 suam
1640 3349 1829 3387 coram
1850 3332 2208 3402 hominibus,

563 3421 627 3469 ut
647 3416 913 3470 videatur
934 3418 1005 3471 ab
1032 3415 1114 3471 eis
1136 3416 1343 3486 (Matth.
1370 3434 1449 3486 v1,
1480 3419 1551 3488 1),
1578 3421 1678 3474 sed
1732 3438 1863 3475 cum
1902 3423 2206 3494 gloriatur,

564 3504 624 3558 in
647 3502 894 3559 Domino
915 3504 1259 3576 glorietur(l
1285 3506 1402 3562 Cor.
1430 3524 1469 3573 1,
1510 3508 1621 3579 31).
1663 3510 1810 3575 Quia
1850 3517 1907 3565 et
1938 3529 2071 3566 cum
2107 3530 2209 3584 ap-

565 3597 732 3663 paret
750 3592 1111 3663 hominibus,
1135 3595 1287 3650 dono
1309 3594 1598 3652 Creatoris
1621 3604 1881 3669 apparet,
1902 3604 2015 3657 Nec
2033 3602 2211 3658 δίεπε

563 3683 691 3736 sunt
712 3682 929 3737 munda;
950 3684 1093 3753 apud
1109 3700 1231 3738 eum
1258 3701 1269 3739 :
1308 3684 1365 3739 in
1397 3688 1835 3757 comparatione
1868 3690 2016 3760 ejus.

639 3772 924 3843 [lb.xxv1.]
955 3772 1136 3828 Verba
1155 3772 1283 3828 Job.
1316 3773 1419 3828 Cui
1437 3776 1586 3832 ades:
1616 3779 1701 3832 vel
1721 3794 1881 3848 quem
1913 3781 2210 3852 adjuturus

562 3867 780 3917 estcum
798 3861 1407 3933 indignanstanquam
1430 3864 2211 3941 injustitiseeorum,putaret

562 3966 707 4006 eosa
720 3954 831 4006 Deo
846 3950 1409 4022 puniendos.Verum
1423 3953 1534 4009 sibi
1553 3955 1675 4026 ipse
1689 3956 1933 4028 loquens
1947 3959 2207 4031 seipsum

563 4043 816 4109 revocat,
841 4046 903 4094 ut
926 4044 1039 4095 Deo
1062 4040 1254 4112 potius
1279 4042 1540 4099 dimittat
1563 4045 1856 4115 judicium
1887 4065 2110 4115 eorum,
2138 4067 2209 4106 ne

562 4134 665 4184 aut
688 4131 894 4185 adesse
933 4130 1048 4185 Deo
1099 4131 1380 4199 videatur,
1434 4138 1533 4188 aut
1564 4135 1840 4205 adjuvare
1873 4154 2007 4193 eum
2040 4138 2205 4208 velle,

562 4220 1092 4292 quasiinvalidum,
1118 4222 1189 4277 ad
1221 4225 1572 4279 coercendos
1596 4228 1681 4280 vel
1701 4228 2075 4299 corrigendos
2100 4230 2206 4286 ho-

561 4309 779 4379 mines;
803 4316 906 4367 aut
928 4310 1237 4368 consilium
1263 4312 1423 4378 dare,
1452 4314 1589 4384 quid
1616 4331 1747 4369 cum
1774 4315 1889 4371 illis
1913 4324 2081 4391 agat;
2109 4326 2210 4375 aut

560 4400 725 4470 sequi
739 4404 1185 4471 eum,tanquam
1211 4407 1587 4457 assecuturus
1602 4420 1837 4459 causam
1860 4423 2038 4476 quare
2052 4409 2205 4463 dolo-

561 4506 660 4547 Bos
691 4488 959 4545 homines
992 4506 1122 4545 esse
1153 4494 1209 4545 et
1240 4490 1427 4546 viveie
1462 4493 1732 4562 patiatur,
1788 4512 1920 4550 cum
1973 4502 2209 4569 superet

563 4594 798 4634 omnem
823 4578 1080 4634 animam
1106 4584 1461 4650 quaerentem
1487 4582 2208 4656 virtuteincomprehensi-

563 4668 980 4739 bili;autquasi
1007 4670 1361 4725 annuntiare
1386 4670 1467 4723 illi
1492 4670 1713 4743 aliquid
1740 4674 1807 4727 de
1831 4673 2109 4745 illis,cum
2134 4678 2204 4734 ab

562 4756 690 4828 ipso
712 4756 924 4812 habeat
940 4756 1113 4813 homo
1131 4763 1187 4813 et
1205 4759 1660 4830 spiramen,cum
1680 4761 1897 4834 aliquid
1915 4767 2203 4822 enuntiat.

562 4846 837 4917 Numquid
866 4849 1115 4918 gigantes
1139 4848 1461 4917 redigentur
1492 4851 1549 4905 in
1594 4851 1834 4907 nihilum
1854 4852 1882 4907 ?
1914 4854 2037 4909 Non
2070 4873 2206 4928 ergo

562 4936 899 5010 mirandum
923 4938 972 4992 si
997 4938 1126 4992 istis
1152 4944 1301 4993 Deus
1323 4939 1529 5009 parcit,
1555 4942 1789 5011 quando
1810 4944 2072 5014 gigantes
2092 4963 2205 5000 non

562 5026 774 5098 redigit
809 5025 870 5081 in
895 5026 1170 5082 nihilum.
1197 5026 1266 5082 Et
1287 5044 1359 5083 ne
1398 5029 1707 5099 diceretur,
1742 5032 1848 5087 Sed
1884 5034 1954 5087 ad
1988 5034 2205 5091 inferos

560 5115 783 5170 detrusi
808 5119 943 5169 sunt
971 5116 1251 5185 ;subjecit
1286 5118 1421 5187 quia
1450 5119 1736 5173 internum
1763 5121 1915 5176 videt
1940 5121 2089 5177 Deus
2113 5142 2124 5178 :
2150 5129 2206 5177 et

558 5209 753 5258 tamen
795 5221 893 5259 eos
917 5205 995 5258 ibi
1024 5207 1315 5261 ordinavit
1348 5207 1445 5261 ubi
1479 5224 1606 5262 esse
1641 5216 2018 5279 meruerunt;
2054 5212 2204 5267 sicut

548 5294 746 5363 justas
767 5293 885 5349 sive
910 5311 1062 5349 nunc
1085 5296 1235 5349 sicut
1258 5300 1414 5363 sunt,
1454 5297 1572 5351 sive
1595 5304 1797 5368 postea
1828 5300 1979 5355 sicut
2010 5307 2200 5371 erunt,

559 5382 827 5452 quamvis
858 5400 956 5438 eos
990 5401 1291 5454 nunquam
1325 5391 1618 5441 removeat
1649 5405 1681 5441 a
1719 5388 1864 5443 facie
1895 5407 2023 5461 sua,
2066 5391 2205 5460 quia

561 5470 758 5525 omnia
780 5472 935 5527 nuda
957 5480 1096 5528 sunt
1111 5489 1306 5529 coram
1325 5491 1390 5530 eo
1409 5494 1421 5543 ;
1446 5476 1526 5530 ita
1544 5480 1609 5531 ut
1631 5476 1925 5547 proximos
1942 5480 2203 5550 gigantes

560 5558 737 5615 etiam
771 5560 915 5616 istos
947 5562 1340 5620 consolatores
1371 5566 1656 5637 superbos
1682 5565 1953 5638 accipias.
2004 5568 2203 5627 Subter

628 5750 642 5783 ¹
677 5748 761 5801 Sic
790 5749 847 5800 in
875 5751 999 5803 Mss.
1037 5753 1106 5803 At
1138 5753 1195 5803 in
1226 5752 1401 5817 editis,
1433 5751 1793 5808 secretissima.

1491 336 2115 398 ANNOTATIONUM
2165 338 2241 396 ΙΝ
2286 338 2448 412 JUB,
2498 340 2559 399 S.
2610 344 3035 407 AUGUSTINI

3853 346 3976 407 852

2314 489 2513 544 aquam
2535 481 2587 531 et
2612 478 2867 547 proximi
2895 493 3106 533 eorum.
3138 478 3224 531 An
3257 475 3449 532 Subter
3478 493 3701 549 aquam,
3751 462 3973 535 subau-

2315 562 2615 634 diendum,
2642 572 2936 635 tenentur,
2961 565 3288 637 velaliquid
3310 565 3469 621 tale?
3500 569 3563 622 Et
3578 584 3685 622 non
3706 583 3784 622 est
3817 569 3971 624 vela-

2314 669 2436 707 men
2460 656 2781 725 perditioni.
2808 657 2993 711 ls‘tiam
3026 656 3273 727 perditio
3296 674 3429 711 eum
3456 674 3569 711 non
3594 657 3972 713 latet.E.rten-

2313 741 2441 797 dens
2457 746 2777 815 aquilonem
2790 762 2954 817 super
2976 746 3438 801 nihilum.Potest
3458 747 3653 817 aquilo
3668 748 3975 803 diabolum

2314 834 2901 904 signiticare,etterra
2920 840 3304 905 peccatorem;
3332 837 3609 907 quoniam
3625 836 3781 891 etilli
3802 844 3859 893 et
3883 836 3975 892 illi

2314 921 2510 978 inanis
2533 929 2621 979 est
2645 941 2801 994 spes.
2827 924 3177 995 Suspendens
3196 930 3410 979 terram
3431 942 3595 996 super
3618 926 3893 996 nihilum,
3916 925 3977 980 in

2314 1013 2742 1081 aerem.Ligans
2764 1031 2830 1085 aq
2842 1031 2969 1067 nam
2993 1016 3050 1067 in
3067 1014 3304 1068 nubibus
3325 1016 3444 1069 suis
3466 1033 3483 1067 :
3509 1020 3744 1086 propter
3761 1015 3977 1070 obscu-

2314 1100 2545 1155 ritatem
2561 1103 2904 1173 prephetite.
2941 1107 3006 1158 Et
3028 1119 3136 1157 non
3154 1108 3231 1157 est
3254 1103 3419 1157 scissa
3441 1103 3720 1158 nubessub
3742 1120 3834 1159 eo:
3863 1104 3975 1158 sub

2315 1187 2551 1242 veritate
2575 1208 2749 1259 quam
2776 1190 2983 1245 habuit
3006 1190 3346 1263 nubes,qum
3374 1208 3487 1245 non
3517 1192 3975 1246 scinditurScri-

2314 1281 2517 1347 pturas
2534 1278 3143 1351 intelligentibusznon
3158 1281 3313 1335 enim
3328 1281 3657 1335 adversaria
3672 1282 3972 1351 dicuntur,

2315 1365 2484 1419 sicuti
2520 1372 2729 1438 putant
2761 1386 2875 1423 non
2909 1368 3323 1441 intelligentes.
3354 1370 3465 1437 Qui
3492 1374 3638 1425 tenet
3663 1372 3867 1441 [aciem
3886 1387 3974 1425 so-

2316 1456 2386 1508 lis
2419 1456 2491 1525 (a)
2527 1472 2597 1511 ne
2630 1464 3047 1529 agnosceretur
3078 1460 3148 1513 ab
3179 1459 3378 1531 impiis
3410 1458 3521 1528 ,θοι
3571 1459 3843 1529 justitiae.
3895 1461 3975 1514 Et

2315 1545 2739 1617 extenditsupcr
2760 1564 2885 1601 eum
2911 1549 3107 1603 nubem
3130 1564 3548 1603 suam:carnem
3570 1565 3743 1618 quam
3765 1548 3971 1603 Domi-

2319 1651 2429 1689 nus
2463 1636 2741 1706 suscepit.
2774 1637 3115 1708 Praeceptum
3145 1638 3511 1692 circumdebit
3553 1653 3715 1708 super
3770 1639 3977 1707 [Jciem

2317 1740 2505 1793 aquae;
2536 1724 2803 1793 populos.
2841 1727 3010 1797 Usque
3037 1726 3107 1779 ad
3128 1726 3835 1787 consummationemlucis:
3865 1727 3973 1781 bu-

2313 1812 2410 1881 jus
2436 1812 2563 1865 vitze
2586 1814 2783 1880 tinem,
2815 1815 2917 1868 hoc
2942 1820 3029 1868 est
3052 1816 3227 1868 tinem
3256 1814 3472 1881 saeculi,
3521 1821 3623 1869 aut
3660 1831 3975 1885 quousque

2319 1903 2894 1968 consummentur,id
2928 1909 3035 1967 est,
3060 1904 3972 1974 perticianturbomines,quibus

2320 1990 2541 2045 dictum
2569 1997 2677 2057 est,
2706 1993 2907 2047 Fuistis
2930 1995 3081 2047 enim
3105 1994 3404 2064 aliquando
3427 1995 3839 2053 teucbrwmunc
3866 2010 3975 2048 au-

2319 2088 2425 2134 tem
2445 2081 2543 2133 tua:
2565 2082 2621 2133 in
2644 2081 2875 2135 Domino
2898 2082 3175 2152 (Ephes.v,
3197 2082 3273 2152 8).
3300 2082 3586 2138 Columna:
3605 2082 3726 2137 caeli
3744 2092 3965 2137 contre-

2319 2174 2604 2237 muerunt,
2639 2179 2688 2223 et
2718 2170 3077 2239 obstuperunt
3106 2171 3174 2224 ab
3204 2175 3580 2241 increpatimte
3613 2171 3761 2241 ejus:
3807 2172 3964 2242 quod

2322 2258 2564 2329 contigit
2586 2263 2753 2313 Petro
2780 2274 2879 2329 per
2904 2260 3150 2314 Paulum
3171 2260 3376 2327 (Galat.
3404 2262 3594 2327 11,11).
3631 2261 3834 2315 Virtute
3864 2277 3967 2315 sua

2320 2346 2526 2401 sedavit
2542 2349 2971 2418 nun-esplacavil
2992 2348 3295 2415 saeculum,
3318 2368 3348 2405 a
3364 2366 3396 2419 q
3410 2366 3480 2404 uo
3499 2350 3965 2420 persecutionem

2320 2436 2651 2507 patiebatur
2676 2437 2949 2492 Ecclesia.
2987 2436 3145 2492 Unde
3170 2440 3343 2493 etiam
3368 2437 3673 2493 columnas
3692 2438 3970 2493 ccelicon-

2320 2525 2631 2579 tremuisse
2661 2526 2733 2579 ab
2766 2526 3159 2595 increpatione
3190 2528 3340 2597 ejus,
3394 2532 3583 2597 potest
3635 2527 3743 2582 hoc
3792 2529 3969 2583 modo

2320 2612 2663 2685 intelligi,ut
2685 2615 3080 2670 robustissimi
3107 2615 3369 2670 Ecclesiae
3387 2615 3846 2671 contremuerint
3865 2634 3968 2688 pro

2320 2702 2669 2769 inﬁrmis,ab
2693 2702 3087 2774 increpatione
3111 2704 3342 2758 Domini
3367 2704 3760 2775 permittentis
3784 2709 3970 2760 tenta-

2321 2792 2509 2847 tiones
2542 2792 2985 2863 persecutionis.
3020 2792 3300 2847 Columna
3330 2794 3486 2847 enim
3521 2792 3769 2848 clamat:
3831 2794 3967 2861 Quis

2320 2884 2562 2950 inﬁrmat
2572 2897 2657 2944 ur,
2678 2884 2727 2935 et
2747 2898 2845 2948 ego
2871 2898 2975 2935 non
3003 2883 3055 2935 in
3064 2882 3097 2949 ﬁ
3106 2898 3255 2935 rmor
3273 2885 3297 2933 .9
3317 2884 3435 2952 quis
3460 2883 3891 2950 scandalizatur,
3913 2886 3967 2937 et

2318 2986 2424 3025 non
2441 2985 2534 3039 ego
2560 2986 2687 3023 uror
2710 2970 2781 3040 (ll
2810 2973 2934 3024 Cor.
2957 2987 3031 3037 x1,
3073 2972 3161 3039 29)
3180 2970 3197 3023 Ρ
3219 2971 3523 3025 Prudentia
3560 2972 3677 3037 eius
3700 2974 3963 3026 vulnera-

2320 3069 2404 3115 tus
2432 3065 2507 3113 est
2530 3064 2697 3113 cetus.
2724 3058 3108 3113 Vulneratum
3138 3060 3277 3113 dicit
3298 3060 3595 3114 diabolum
3620 3060 3962 3132 dolore,quo

2320 3149 2529 3219 eijusti
2556 3166 2669 3203 non
2694 3148 2993 3202 cedebant.
3019 3150 3092 3201 Et
3114 3148 3357 3203 claustra
3379 3150 3499 3203 cazli
3520 3152 3769 3204 metuunt
3790 3166 3915 3204 eum
3944 3167 3963 3203 :

2320 3238 2405 3292 vel
2428 3236 2653 3306 Angeli,
2678 3235 2763 3291 vel
2788 3237 2883 3307 qui
2902 3241 3249 3305 acceperunt
3269 3236 3454 3292 claves
3480 3238 3639 3309 regni
3663 3236 3963 3293 caelorum.

2318 3330 2590 3398 Pracepto
2620 3335 2801 3381 autem
2828 3329 3065 3398 peremit
3094 3326 3390 3381 draconem
3418 3326 3765 3382 desertorem.
3788 3331 3967 3382 Eum-

2321 3419 2451 3472 dem
2477 3418 2623 3471 dixit
2650 3422 2705 3470 et
2736 3421 2952 3469 cetum.
2974 3416 3084 3469 Sed
3119 3431 3274 3469 nunc
3297 3416 3551 3470 ostendit
3575 3416 3867 3487 quomodo
3890 3416 3970 3471 sit

2321 3507 2819 3573 vulneratus,cum
2834 3505 3740 3577 acceperuntpraaceptum,quiei
3756 3522 3970 3560 renun-

2320 3597 2631 3651 tiaverunt.
2667 3596 2795 3648 Ecce
2819 3594 2909 3650 lite
2923 3597 3111 3665 partes
3132 3594 3239 3649 viae
3254 3594 3400 3664 ejus:
3430 3610 3545 3665 qua
3567 3594 3637 3649 ad
3662 3594 3843 3650 Deum
3868 3611 3965 3650 ve-

2320 3687 2498 3741 nitur.
2531 3686 2797 3740 Vzrtutem
2818 3688 3001 3738 autem
3032 3686 3276 3738 tonitrus
3290 3685 3405 3752 eius
3421 3685 3540 3754 quis
3571 3685 3721 3747 sciet,
3747 3684 3965 3754 quando

2315 3773 2520 3844 faciet?
2542 3774 2846 3827 Tonitrum
2873 3770 3012 3825 dicit
3031 3771 3532 3826 evidentissimam
3560 3788 3753 3828 vocem
3777 3772 3966 3828 mani-

2320 3861 2644 3918 festationis
2676 3862 2839 3932 ejus:
2876 3866 2976 3915 aut
3008 3858 3169 3915 illam
3203 3861 3347 3915 forte
3376 3878 3595 3932 vocem,
3631 3879 3803 3933 quem
3862 3862 3963 3917 de-

2320 3954 2404 4009 dit
2436 3969 2537 4024 per
2568 3951 2754 4006 tilium
2787 3950 3065 4020 tonitrus,
3098 3952 3157 4005 In
3184 3952 3464 4022 principio
3494 3956 3611 4006 erat
3633 3953 3880 4019 Verbum,
3913 3960 3967 4007 et

2325 4042 2547 4099 Verbum
2568 4045 2693 4096 erat
2722 4039 2869 4111 apud
2898 4039 3089 4105 Deum,
3123 4042 3173 4094 et
3202 4044 3350 4094 Deus
3374 4048 3493 4095 erat
3528 4041 3757 4095 Verbum
3779 4042 3961 4109 (Joan.

2318 4150 2357 4202 1,
2396 4132 2480 4201 l):
2512 4136 2576 4185 ut
2606 4130 2655 4184 si
2687 4129 2849 4199 ordo,
2882 4128 3127 4197 Quando
3155 4130 3351 4199 Iactet,
3415 4137 3607 4185 utrum
3657 4131 3783 4201 quis
3828 4132 3964 4185 sciet

2318 4223 2570 4276 virtutem
2601 4220 2837 4274 tonitrus
2869 4220 2983 4289 ejus
3004 4217 3031 4272 ?

2391 4312 2401 4380 [
2417 4311 2498 4365 Ib.
2522 4309 2807 4379 xxv11.]Et
2836 4309 3061 4378 spiritus
3090 4306 3310 4363 divinus
3334 4308 3389 4363 in
3427 4308 3653 4363 naribus
3671 4310 3827 4364 meis.
3861 4308 3967 4365 Hie

2321 4399 2654 4455 ostenditur
2678 4397 3011 4468 prophetice
3032 4412 3167 4451 eum
3193 4396 3383 4453 dicere
3401 4414 3525 4469 qua
3556 4396 3718 4465 dicit,
3741 4403 3799 4454 et
3829 4416 3965 4470 pro-

2321 4489 2547 4560 pbetice
2567 4503 2917 4559 cognoscere
2950 4487 3088 4558 quia
3118 4486 3216 4541 isti
3248 4488 3642 4543 consolatores
3674 4488 3799 4558 ejus
3829 4488 3963 4544 dolo

2322 4578 2475 4649 pleni
2495 4584 2655 4632 sunt.
2681 4577 2828 4631 Absit
2853 4593 2886 4630 α
2911 4593 2996 4630 me
3008 4576 3184 4647 justas
3200 4592 3289 4631 vos
3308 4576 3508 4643 dicere,
3542 4576 3707 4632 donec
3729 4579 3959 4645 moriar,

2320 4667 2551 4723 etiamsi
2575 4682 2760 4737 usque
2782 4666 2853 4720 ad
2872 4670 3111 4720 mortem
3133 4664 3567 4737 persequamini
3590 4667 3960 4737 me,quiavos

2321 4758 2498 4813 libere
2519 4756 3010 4827 reprehendo.Nec
3029 4757 3180 4809 enim
3201 4755 3467 4825 separabo
3482 4757 3956 4811 innocentemme‘

2319 4866 2421 4904 vos
2445 4855 2659 4901 autem.
2694 4847 2796 4900 Nec
2812 4862 2962 4898 enim
2981 4846 3226 4899 conscius
3254 4860 3375 4898 sum
3398 4845 3535 4898 mihi
3555 4845 3804 4915 iniquum
3828 4844 3961 4916 quid

2319 4933 2768 4992 cmnmisisse.llli
2791 4934 2945 4989 enim
2976 4933 3165 4987 solent
3186 4932 3531 5005 plerumque
3549 4932 3682 4988 aliis
3702 4950 3956 5006 parcere,

2320 5028 2418 5099 qui
2446 5030 2674 5080 metunt
2696 5024 2806 5077 sibi
2829 5023 3047 5092 aliquid
3072 5039 3271 5077 verum
3297 5022 3489 5093 objici.
3520 5024 3651 5091 Qum
3670 5024 3820 5078 enim
3840 5040 3960 5093 spes

2318 5126 2393 5172 est
2410 5114 2607 5182 impio?
2630 5113 2773 5181 Quid
2798 5120 3070 5182 exspectat
3096 5112 3122 5165 ?
3144 5111 3225 5166 Ne
3250 5110 3379 5182 quis
3401 5117 3633 5183 putaret
3654 5111 3803 5166 male
3826 5128 3960 5167 eum

2319 5210 2551 5277 aptasse
2575 5202 2831 5257 inimicis
2852 5202 2999 5267 suis,
3015 5200 3109 5254 hic
3129 5200 3358 5271 aperuit
3384 5216 3495 5269 quo
3512 5200 3707 5255 animo
3730 5201 3959 5258 dixerit.

2320 5295 2683 5365 lmpietatem
2708 5291 2921 5363 quippe
2944 5290 3173 5345 illorum
3199 5287 3322 5343 vult
3344 5289 3541 5359 everti,
3565 5294 3619 5344 et
3642 5291 3829 5361 perire
3862 5308 3961 5346 su-

2319 5384 2579 5459 perbiam
2613 5398 2624 5436 :
2662 5381 2814 5452 quod
2836 5380 2899 5435 tit
2917 5396 3049 5436 eum
3075 5378 3319 5435 solvitur
3344 5379 3415 5433 ab
3440 5377 3736 5448 impietate
3764 5381 3960 5436 anima

2319 5492 2444 5547 quae
2468 5471 2774 5528 tenebatur
2796 5486 2912 5538 rea;
2937 5468 3179 5525 solvitur
3199 5472 3394 5524 autem
3418 5483 3521 5539 per
3533 5468 3957 5526 confessionem

2386 5627 2403 5661 ί
2435 5625 2519 5673 Er.
2551 5621 2699 5685 legit,
2726 5636 2835 5681 nec,
2867 5634 2981 5685 pro,
3002 5635 3084 5671 ne.
3122 5620 3191 5685 Μ.

2383 5688 2453 5749 (α)
2474 5681 2758 5750 Manlium
2781 5686 2837 5734 in
2867 5681 3069 5750 'codice
3086 5681 3398 5750 __Augustinl
3492 5681 3755 5747 siquidem
3810 5684 3953 5750 apud

2319 5742 2447 5808 LXX
2472 5748 2685 5813 legitur,
2716 5745 2970 5809 thronou;
2999 5747 3058 5799 in
3086 5742 3329 5810 Vulgata,
3357 5742 3492 5798 solii.
