4300 6346
346 374 466 436 857

346 520 459 574 eos,
489 524 602 564 non
634 508 937 565 credebant
969 526 983 567 :
1017 511 1088 566 de
1118 510 1209 567 his
1240 528 1366 583 quae
1397 512 1455 567 in
1490 513 1786 585 parabolis
1817 513 1897 569 ita
1920 512 2003 569 lo-

350 598 659 669 quebatur,
696 603 761 653 ut
793 616 906 654 non
940 600 1402 672 intelligeretur;
1464 620 1577 657 non
1630 611 1820 658 tamen
1855 604 2007 657 sicut

347 688 525 743 verba
556 704 767 743 sonare
814 689 1186 760 videbantur,
1220 708 1370 746 vana
1426 692 1616 747 dicere
1677 697 2002 763 putaretur.

349 775 452 831 Hic
477 782 567 831 est
598 777 754 832 risus
784 782 934 832 Sane
969 778 1120 849 (Gen.
1165 796 1321 847 xvm,
1359 781 1469 852 10),
1505 781 1604 849 qui
1637 781 2008 853 significabat

348 866 550 921 omnia
577 883 675 921 eos
708 867 765 921 in
814 868 1118 939 prophetia
1150 869 1356 925 fecisse
1391 888 1403 926 :
1443 872 1596 926 unde
1628 872 1726 943 qui
1762 872 2007 942 figurate

350 955 571 1026 aliquid
603 956 829 1011 dicunt.
856 958 1008 1028 Etegi
1055 974 1242 1013 eorum
1276 961 1440 1027 viam,
1470 966 1522 1015 et
1553 962 1672 1016 sedi
1700 962 1958 1031 princeps
1991 978 2003 1015 :

349 1050 453 1099 aut
483 1046 869 1117 suscipiendo
903 1048 1280 1115 mortalitem,
1314 1055 1416 1104 aut
1438 1067 1572 1105 cum
1594 1049 1925 1122 publicanis
1953 1054 2010 1105 et

350 1136 758 1206 peccatoribus
818 1137 1196 1207 convivando,
1230 1139 1331 1193 sed
1368 1140 1449 1194 ita
1501 1144 1565 1194 ut
1618 1140 1891 1211 princeps
1923 1140 2007 1194 eis

350 1238 545 1279 essem
568 1225 641 1279 ad
674 1226 1021 1281 salutem.Et
1044 1227 1357 1283 habitabam
1386 1232 1529 1283 sicut
1556 1245 1657 1283 rex
1676 1230 1881 1284 cinctus
1901 1233 2011 1299 for-

354 1313 508 1368 tibus
541 1330 554 1367 :
593 1314 695 1386 qui
720 1314 843 1369 suis
866 1316 1132 1372 dimissis
1156 1333 1289 1372 eum
1319 1318 1505 1373 secuti
1528 1319 1863 1386 sunt.Quasi
1882 1335 2009 1373 con-

350 1405 543 1459 solans
564 1407 765 1461 tristes.
800 1410 909 1462 Eos
938 1408 1084 1463 dicit
1114 1410 1211 1480 qui
1245 1426 1348 1480 spe
1378 1410 1736 1482 gaudebant,
1773 1427 1904 1465 cum
1939 1411 2010 1466 de

356 1495 633 1564 praesenti
664 1495 781 1551 vita
809 1503 977 1552 erant
1006 1498 1225 1553 tristes.
1256 1500 1415 1555 Beati
1442 1501 1686 1569 lugentes
1714 1500 1920 1571 (Matth.
1954 1516 2007 1567 v,

352 1584 434 1654 5),
470 1589 535 1638 ut
566 1584 789 1641 dictum
824 1591 950 1653 est;
977 1592 1052 1656 et,
1106 1588 1276 1655 Quasi
1306 1591 1507 1659 tristes,
1568 1606 1782 1660 semper
1826 1594 2012 1644 autem

354 1672 653 1744 gaudentes
684 1674 753 1746 (ll
785 1675 904 1730 Cor.
939 1693 1015 1742 v1,
1051 1678 1138 1748 10)
1174 1695 1186 1732 :
1221 1679 1320 1749 qui
1354 1696 1467 1734 non
1502 1680 1782 1751 possunt1
1816 1683 2012 1735 tenere

356 1760 522 1816 illam
554 1764 1046 1834 magnitudinem,
1081 1766 1151 1821 de
1183 1784 1300 1838 qua
1329 1768 1542 1823 dictem
1575 1774 1682 1839 est,
1708 1770 2011 1837 Quiautem

353 1853 547 1921 fecerit
578 1862 631 1907 et
657 1856 740 1907 sic
764 1854 1005 1909 docuerit
1034 1872 1269 1924 magnus
1312 1858 1590 1913 vocabitur
1620 1860 1677 1912 in
1711 1874 1873 1929 regno
1904 1874 2011 1913 ca:-

360 1942 543 1995 lorum
572 1941 785 2011 (Matth.
817 1960 875 2010 v,
911 1944 1021 2015 19.)

427 2031 535 2100 (Ib.
566 2032 719 2101 xxx.]
749 2033 901 2088 [Vane
930 2038 1113 2089 autem
1141 2035 1391 2091 derident
1416 2053 1502 2091 me
1516 2037 1717 2109 inﬁmi,
1738 2052 1884 2091 nunc
1902 2054 2010 2093 mo.

354 2124 490 2174 nent
516 2136 603 2175 me
628 2123 871 2177 minores
899 2131 1137 2196 tempore
1158 2143 1170 2181 :
1190 2126 1328 2197 quia
1346 2132 1402 2181 ot
1422 2133 1623 2199 postea
1643 2128 1762 2181 nati
1786 2133 1924 2182 sunt
1954 2128 2011 2181 in

357 2210 621 2265 Ecclesia
642 2210 875 2277 tales,et
889 2230 1001 2268 non
1018 2215 1212 2285 profici
1225 2220 1331 2270 unt
1346 2215 1689 2287 plurimum.
1709 2218 2016 2273 Monentme

360 2304 559 2353 autem
574 2299 886 2372 dixit,quia
901 2318 1004 2372 per
1016 2303 1267 2359 honores
1282 2304 1709 2361 ecclesiasticos
1724 2307 1839 2360 acci
1852 2306 2019 2376 piunt

360 2392 713 2459 potestatem
738 2391 1089 2461 praedicandi
1116 2392 1485 2465 populoque:
1506 2395 1616 2466 ipsi
1641 2413 1755 2450 non
1774 2396 2014 2451 faciunt.

364 2478 618 2545 Quorum
648 2482 976 2549 spernebant
1003 2487 1285 2552 parentes.
1319 2483 1594 2540 Parentes
1617 2501 1818 2539 eorum
1852 2486 2015 2551 dixit,

363 2584 619 2637 quorum
642 2568 969 2625 imitatione
997 2570 1100 2625 ﬁlii
1125 2574 1505 2644 sunt,quibus
1531 2578 1670 2629 tunc
1695 2574 2020 2641 dicebatur,

381 2657 467 2711 νω
500 2660 670 2724 vobis,
705 2658 909 2715 Scriba:
939 2668 989 2716 et
1019 2661 1887 2734 Pharisieihy;ocritze(ld.xxm,
1913 2664 2019 2731 13).

370 2748 439 2801 Et
458 2748 635 2802 virtus
662 2765 935 2804 manuum
969 2766 1155 2805 eorum
1178 2754 1341 2823 quasi
1361 2753 1602 2806 nihitum
1626 2754 1766 2807 mihi
1780 2756 1897 2807 erat
1928 2769 2024 2823 pa-

372 2841 608 2891 rentum
633 2839 1017 2910 potestas,qui
1043 2845 1182 2896 tunc
1208 2858 1392 2912 usque
1418 2842 1558 2896 adeo
1583 2841 1903 2913 plurimum
1929 2858 2025 2913 po-

369 2930 660 2991 tcrant,ut
682 2928 1089 2999 cruciﬁgerent
1111 2930 1512 2986 Dominum.ln
1526 2947 1585 2986 eo
1599 2932 1814 3002 peribat
1842 2934 2025 2986 omnis

372 3017 526 3069 vita:
554 3016 691 3086 quia
714 3032 830 3072 non
862 3034 925 3073 se
953 3018 1043 3073 vel
1072 3019 1129 3074 in
1154 3020 1269 3075 ﬁne
1299 3023 1944 3088 correxerunt.Egestate
1972 3024 2025 3075 et

366 3107 519 3175 fame
542 3106 854 3161 instabiles:
880 3124 911 3161 a
932 3107 1108 3162 variis
1123 3109 1433 3165 desideriis
1459 3109 2027 3178 insatiabilibus.Qui

367 3193 659 3263 fugiebant
676 3196 736 3249 in
751 3194 1021 3251 desertum
1042 3196 1164 3253 heri
1186 3215 1197 3252 :
1224 3198 1596 3269 conferendo,
1617 3216 1677 3254 se
1692 3200 1760 3253 ad
1785 3216 2025 3254 excusa-

372 3281 595 3337 tionem
621 3284 999 3355 Legis,quam
1024 3304 1138 3341 non
1163 3286 1513 3357 simpliciter
1532 3287 2028 3359 intelligebant;et

374 3370 585 3441 quiain
607 3373 836 3429 deserto
858 3380 1203 3447 acceperant
1215 3378 1488 3446 fugientes
1510 3378 1567 3431 in
1587 3379 1863 3433 desertum
1882 3379 2023 3433 heri.

374 3460 537 3516 Sicut
566 3462 723 3516 enim
748 3461 919 3518 hodie
941 3464 1193 3535 pertinet
1216 3466 1287 3520 ad
1310 3464 1533 3520 Novum
1558 3467 2026 3535 Testamentum,

377 3549 462 3606 sic
485 3552 556 3605 ad
588 3550 766 3607 Vetus
791 3551 913 3607 beri
939 3571 958 3607 .'
982 3554 1053 3607 de
1092 3554 1250 3609 Novo
1277 3556 1433 3609 enim
1473 3556 1693 3611 dictum
1718 3561 1827 3622 est,
1859 3556 2030 3611 Hodie

374 3641 427 3694 si
453 3656 636 3695 vocem
657 3641 772 3709 eius
792 3642 1113 3709 audieritis,
1146 3644 1315 3699 nolite
1334 3645 1614 3701 obdurare
1651 3646 1813 3701 corda
1854 3655 2031 3701 vestra

378 3730 558 3800 (Psal.
585 3746 736 3797 χειν,
771 3732 854 3803 8);
879 3737 955 3797 et,
984 3734 1161 3788 Filius
1193 3749 1345 3788 meus
1364 3750 1418 3789 es
1438 3737 1517 3802 tu,
1543 3750 1641 3806 ego
1664 3735 1825 3790 hodie
1852 3738 2031 3809 genui

378 3827 433 3874 te
457 3818 633 3890 (Psal.
660 3836 724 3887 ιι,
744 3821 822 3892 7).
848 3820 954 3889 Qui
982 3822 1245 3877 rodebant
1273 3825 1512 3879 cortices
1552 3825 1815 3879 arborum
1848 3842 1861 3880 :
1896 3827 2033 3895 quia

378 3909 601 3981 ﬁguras
634 3912 822 3981 Legis,
874 3910 1091 3982 quibus
1128 3912 1265 3967 vina
1310 3914 1662 3984 tegebantur
1682 3916 1724 3981 ³,
1760 3931 1861 3986 pro
1901 3915 2031 3971 cibo

378 3996 697 4052 habebant.
715 3998 962 4067 Quorum
981 4008 1100 4055 erat
1116 4002 1268 4055 cibus
1287 4001 1452 4056 radix
1472 4002 1774 4058 herbarum
1796 4020 1810 4059 :
1840 4019 2033 4060 sacra-

380 4091 584 4142 menta
627 4103 755 4158 quae
800 4089 1181 4160 corporaliter
1193 4090 1349 4161 jussi
1371 4097 1538 4147 erant
1566 4091 1876 4161 celebrare,
1910 4098 2036 4149 tan-

380 4192 561 4249 quam
587 4183 749 4233 terras
778 4178 1121 4235 inhaerentia
1146 4198 1159 4248 ;
1184 4198 1251 4235 ex
1282 4182 1497 4253 quibus
1518 4186 1708 4237 tamen
1749 4183 2035 4255 simplicis

378 4264 782 4339 intelligentiae
806 4269 1030 4326 fructus
1051 4275 1336 4341 surgeret,
1360 4276 1417 4326 et
1436 4288 1617 4343 supra
1637 4276 1854 4328 terram
1876 4273 1935 4328 in
1966 4272 2035 4327 li-

380 4356 664 4411 bertatem
681 4356 1069 4429 ferretur,quo
1091 4358 1175 4413 illi
1194 4359 1495 4431 pervenire
1518 4378 1631 4417 non
1649 4364 2037 4433 poterantJn-

384 4445 997 4519 honorati,etabjecti,et
1012 4457 1223 4519 egentes
1239 4452 1397 4504 omni
1409 4450 1562 4506 bono:
1583 4451 1802 4507 amisso
1820 4452 2037 4523 prima-

382 4540 483 4592 tus
506 4536 941 4610 honore,abspe
965 4539 1396 4610 promissionis;
1414 4540 1555 4613 quia
1576 4542 1839 4613 etipsum
1858 4548 2039 4599 terre-

386 4641 532 4679 num
556 4625 775 4681 donum
803 4643 906 4698 pro
931 4628 1157 4683 meritis
1186 4629 1308 4683 suis
1330 4629 1671 4698 amiserant,
1705 4634 1762 4684 et
1788 4647 2037 4703 regnum

385 4713 661 4770 caelorum
687 4732 801 4770 non
824 4718 1160 4785 tenent.Qui
1188 4717 1409 4773 radices
1431 4719 1707 4789 lignorum
1728 4719 2039 4775 manduca-

389 4804 767 4876 bant,propter
796 4822 1049 4877 magnam
1074 4808 1283 4878 famen.
1310 4808 1473 4873 Quod
1500 4810 1569 4864 de
1586 4807 1881 4864 radicibus
1904 4808 2040 4865 her—

385 4895 598 4950 barum
620 4894 842 4951 dictum
866 4901 974 4960 est,
993 4902 1230 4969 propter
1252 4899 1505 4955 fructum
1532 4899 1947 4966 frumenti,hoc
1971 4899 2042 4955 de

387 4983 688 5040 radicibus
711 4984 1005 5058 lignorum
1031 4986 1479 5060 intelligendum
1503 4993 1610 5051 est,
1636 4993 1875 5061 propter
1896 4990 2042 5044 fruc-

383 5078 514 5129 tum
553 5072 670 5128 vini
697 5082 752 5129 et
771 5074 903 5131 olei.
932 5075 1079 5131 Nam
1111 5092 1315 5133 omnes
1346 5078 1489 5134 istos
1511 5077 1849 5150 spirituales
1886 5080 2040 5133 fruc-

384 5166 484 5217 tus
507 5163 726 5235 accepit
744 5163 1277 5237 Ecclesia,quorum
1297 5167 1523 5222 radices
1546 5172 1710 5221 terrae
1729 5167 2040 5239 implicatae

385 5258 760 5309 sacramenta
774 5261 1103 5326 erant,quie
1128 5256 1504 5328 corporaliter
1527 5256 1713 5313 Judaei
1736 5257 2042 5313 observare

384 5342 769 5415 cogebantur,
795 5344 1110 5413 sablatum,
1136 5346 1667 5415 circumcisionem,
1697 5351 1753 5402 et
1773 5347 2042 5403 victimas

385 5436 445 5487 et
474 5437 683 5489 caetera
705 5433 1042 5507 hujusmodi
1069 5436 1468 5507 spiritualium
1495 5436 2043 5492 ciborumJnsurre-

384 5532 593 5579 xerunt
622 5540 789 5595 super
818 5541 903 5581 me
930 5528 1081 5596 fures
1108 5542 1122 5583 :
1156 5526 1257 5598 qui
1312 5527 1383 5583 ad
1416 5526 1669 5583 honores
1725 5526 2039 5597 indebitos,

458 5740 477 5778 ¹
508 5746 769 5795 Omissam
786 5742 874 5793 hic
894 5744 948 5792 in
964 5743 1126 5807 editis
1138 5744 1473 5807 negationem
1486 5742 1815 5795 restituimus
1834 5756 1898 5795 ex
1915 5744 2038 5797 Mss.

456 5814 480 5850 ³
507 5812 591 5864 Er.
614 5814 667 5863 et
685 5811 834 5872 Lov,,
856 5804 1007 5859 utilia
1029 5804 1347 5871 tegebantur.
1376 5807 1446 5866 Μ.

1811 382 2047 441 LIBER
2090 382 2323 443 UNUS.

3648 384 3766 445 858

2116 513 2217 584 qui
2240 514 2542 583 justorum
2575 516 2714 569 sunt
2746 512 2984 585 proprii,
3012 530 3115 585 per
3142 513 3479 569 tenebrosae
3502 514 3765 571 fallacias

2115 604 2528 672 pervenerunt.
2549 602 2789 668 Quorum
2811 601 3003 655 domus
3023 608 3179 655 erant
3196 618 3438 656 caverna:
3456 613 3766 673 petrarum:

2116 690 2213 761 qui
2244 690 2747 760 concupiscentias
2769 707 2908 745 suas
2950 691 3361 759 defendebant,
3389 697 3445 745 et
3497 692 3769 764 tegebant

2115 780 2471 849 quibusdam
2515 780 2970 835 obscuritatibus
2993 780 3325 837 divinorum
3351 781 3682 837 Librorum.
3706 786 3772 839 Et

2116 870 2261 923 inter
2285 870 2505 923 arbores
2526 870 2859 924 clamabant.
2888 870 3193 925 Manifesta
3226 876 3392 925 erant
3424 877 3658 941 peccata
3681 889 3772 927 eo-

2116 974 2269 1025 rum,
2303 959 2570 1029 quamvis
2621 975 2686 1013 ea
2711 959 3145 1030 Scripturarum
3181 959 3561 1030 obscuritate,
3598 960 3769 1031 quasi

2116 1046 2341 1100 umbris
2366 1048 2666 1117 arborum,
2694 1054 2888 1118 tegere
2919 1053 3290 1103 conarentur.
3326 1048 3471 1104 Hinc
3494 1054 3603 1114 est,
3639 1050 3770 1104 Cla-

2114 1151 2239 1190 mor
2284 1135 2645 1191 Sodomorum
2690 1138 2933 1192 ascendit
2961 1137 3031 1191 ad
3073 1154 3156 1193 me
3185 1136 3337 1205 (Gen,
3370 1154 3529 1204 xvm,
3562 1138 3674 1210 20).
3704 1138 3769 1193 Et

2118 1224 2409 1297 plerisque
2432 1224 2574 1280 locis
2599 1243 2699 1296 pro
2724 1226 3051 1281 manifestis
3072 1227 3327 1298 peccatis
3343 1225 3653 1282 clamorem
3674 1244 3772 1298 po-

2119 1315 2206 1369 nit
2226 1315 2562 1385 Scriptura:
2593 1322 2655 1370 ut
2682 1316 2919 1370 verbum
2955 1315 3032 1371 sit
3066 1316 3353 1387 quidquid
3381 1316 3552 1371 corde
3579 1317 3774 1372 conci-

2117 1403 2675 1475 pitur;clamor,cum
2702 1405 2961 1475 procedit
2990 1405 3046 1459 in
3069 1406 3427 1473 factum.0ui
3452 1408 3551 1460 sub
3571 1408 3769 1478 stirpi-

2119 1493 2216 1548 bus
2246 1497 2406 1548 terrx
2449 1494 2763 1549 manebant.
2792 1495 2915 1551 Non
2966 1493 3174 1549 saltem
3223 1494 3281 1549 in
3332 1495 3639 1566 stirpibus,
3665 1497 3766 1551 sed

2118 1583 2290 1637 etiam
2316 1583 2559 1638 inferius
2597 1584 2883 1654 stirpibus
2935 1600 3167 1638 manere
3200 1589 3445 1655 possunt
3496 1584 3766 1656 intelligi,

2119 1672 2219 1743 qui
2241 1672 2330 1726 vel
2353 1672 2663 1727 carnaliter
2693 1678 2980 1745 praecepta
3002 1674 3587 1745 custodiunt.Stirpes
3609 1674 3766 1729 enim

2118 1766 2258 1816 sunt
2283 1778 2392 1816 non
2415 1763 2538 1830 jam
2566 1763 2678 1833 ipsi
2702 1763 2950 1827 fructus,
2975 1763 3076 1817 sed
3115 1763 3268 1817 unde
3297 1768 3545 1833 surgunt
3569 1768 3765 1834 partes

2118 1850 2540 1919 fructiferaa,vel
2560 1852 2951 1920 arborum,vel
2972 1852 3368 1907 herbarum:si
3391 1857 3585 1907 tamen
3614 1854 3769 1907 fruc-

2118 1940 2351 1996 tiferum
2376 1958 2564 2012 genus
2586 1946 2693 2006 est,
2729 1942 2826 2013 qui
2857 1946 2913 1996 et
2937 1958 3049 1996 non
3077 1941 3355 1997 fructiferi
3379 1944 3610 2013 generis
3634 1942 3769 1996 stir-

2120 2046 2222 2101 pes
2235 2030 2670 2086 dicuntur.Fitii
2682 2034 2974 2086 stultorum
2989 2040 3042 2085 et
3054 2032 3383 2100 ignobilium
3405 2031 3459 2087 :J
3471 2032 3768 2086 udaeorum

2122 2136 2256 2173 nam
2283 2119 2387 2175 hos
2411 2120 2557 2174 dixit
2577 2120 2849 2191 superius
2872 2125 3140 2192 parentes
3162 2137 3363 2175 eorum
3387 2126 3623 2193 propter
3646 2121 3773 2175 imi-

2120 2210 2431 2275 tationem,
2465 2210 2603 2280 quia
2625 2216 2682 2265 et
2705 2210 2801 2265 isti
2852 2210 2962 2265 sub
3005 2210 3104 2265 Dei
3151 2210 3388 2265 nomine
3440 2209 3773 2275 ambulant,

2124 2315 2297 2369 quem
2328 2316 2439 2353 non
2469 2298 2688 2354 colunt.
2714 2299 2935 2355 Stultos
2958 2306 3154 2354 autem
3199 2305 3255 2354 et
3302 2299 3590 2371 ignobiles
3628 2300 3774 2355 dicit

2123 2388 2378 2457 Judaeos,
2413 2388 2514 2459 qui
2546 2406 2576 2443 e
2604 2390 2919 2457 contrario,
2955 2406 3070 2444 non
3094 2388 3281 2443 solum
3306 2405 3369 2444 se
3404 2389 3779 2444 conﬁdebant

2126 2494 2255 2532 esse
2277 2479 2455 2533 duces
2478 2495 2784 2543 caecorum,
2805 2479 2904 2533 sed
2928 2479 3103 2533 etiam
3130 2478 3281 2533 lilios
3328 2495 3457 2533 esse
3505 2478 3778 2545 Abrahm,

2128 2583 2243 2637 quo
2265 2575 2424 2638 patre
2446 2585 2507 2622 se
2523 2569 2964 2638 essejactabant
2985 2568 3342 2623 nobiles.Sed
3359 2585 3425 2622 cu
3440 2584 3489 2622 [ω
3508 2568 3777 2635 audiunt,

2131 2656 2603 2721 Cascisunt,duces
2625 2674 2891 2712 caecorum
2920 2658 3287 2728 (Mallh.xv,);
3315 2656 3478 2712 stulti
3502 2658 3780 2712 demons—

2127 2754 2361 2803 trantur
2383 2766 2396 2803 :
2422 2754 2477 2804 et
2499 2766 2631 2804 cum
2668 2750 2936 2813 audiunt,
2964 2749 3027 2803 Si
3046 2750 3155 2819 filii
3185 2748 3419 2804 Abrahae
3447 2749 3602 2803 estis.
3634 2752 3783 2819 facta

2127 2841 2365 2895 Abrahae
2393 2841 2562 2913 facite
2592 2842 2903 2909 (Joan.vm,
2924 2840 3051 2907 39):
3078 2840 3484 2911 degenerando
3506 2841 3783 2894 demons-

2129 2929 2686 3001 tranturignobiles.
2713 2935 2920 2986 Nomen
2949 2935 3001 2984 et
3030 2934 3206 2984 honor
3226 2932 3527 2983 exstinctus
3557 2947 3590 2983 a
3612 2934 3781 2983 terra.

2131 3019 2267 3073 Erat
2295 3019 2475 3085 enim,
2509 3020 2610 3074 sed
2657 3020 3009 3074 exstinctum
3033 3024 3141 3073 est.
3174 3020 3330 3073 Nunc
3357 3024 3542 3072 autem
3570 3019 3787 3072 cithara

2131 3124 2319 3164 eorum
2349 3125 2442 3180 ego
2468 3126 2624 3163 sum:
2652 3109 2885 3175 horum,
2908 3126 3157 3179 quorum
3181 3106 3265 3162 illi
3290 3113 3485 3179 patres
3516 3107 3784 3177 sunt,qui

2136 3215 2225 3254 me
2246 3200 2316 3253 ad
2341 3216 2541 3253 aurem
2569 3199 2883 3264 habebant,
2922 3215 3034 3253 non
3063 3198 3133 3253 ad
3152 3201 3448 3254 cor.Etme
3480 3197 3677 3251 habent
3710 3196 3788 3251 ad

2134 3289 2381 3351 fabulam
2408 3307 2419 3343 :
2447 3289 2677 3343 inanem
2712 3293 2769 3343 et
2791 3287 3058 3342 inutilem
3094 3286 3487 3341 narrationem
3537 3290 3594 3340 et
3617 3285 3785 3340 audi-

2134 3377 2377 3441 tionem,
2402 3377 2672 3449 quamvis
2700 3393 2791 3431 xne
2814 3382 2870 3432 et
2894 3382 3151 3441 narrent,
3186 3380 3241 3429 et
3282 3376 3537 3430 audiant.
3569 3375 3785 3429 Abomi-

2134 3470 2258 3523 nati
2286 3477 2416 3522 sunt
2446 3467 2887 3533 me,discedentes
2911 3465 3311 3537 proculzlonge
3338 3465 3472 3519 facti
3498 3464 3785 3534 ajustitia

2136 3558 2453 3629 peccando,
2486 3562 2540 3614 et
2565 3562 2851 3629 pracepta
2869 3557 3112 3627 justitiaa
3139 3555 3311 3610 malis
3336 3556 3599 3610 moribus
3622 3558 3786 3608 exes-

2137 3647 2489 3703 crandoJVee
2518 3648 2577 3701 in
2604 3648 2813 3717 faciem
2842 3661 3020 3701 meam
3048 3650 3405 3715 pepercerunt
3433 3658 3645 3714 spuere.
3683 3646 3788 3696 Ex-

2138 3736 2421 3789 secranda
2440 3734 2613 3789 facies
2640 3750 2892 3804 namque
2910 3733 3123 3787 Christi
3147 3737 3235 3787 est
3254 3731 3476 3802 his,qui
3501 3736 3791 3802 praecepta

2136 3826 2265 3895 ejus
2287 3840 2419 3879 cum
2444 3829 2784 3894 contemptu
2808 3822 3134 3878 exhorrent.
3160 3820 3283 3887 Vel,
3320 3819 3471 3874 male
3505 3836 3594 3875 me
3620 3818 3791 3873 inno-

2138 3920 2357 3969 tescere
2382 3913 2645 3967 fecerunt
2666 3929 2891 3967 morum
2917 3928 3158 3966 suorum
3188 3911 3488 3981 pravitate.
3520 3909 3789 3979 Aperiens

2136 4004 2288 4059 enim
2307 4002 2633 4071 pharetram
2646 4019 2805 4056 suam
2826 4003 3037 4071 afﬂixit
3052 4018 3136 4055 me
3158 4006 3378 4055 secreta
3411 3999 3791 4065 rerum,unde

2139 4093 2497 4149 tantationes
2518 4092 2799 4147 existunt.
2817 4091 2878 4144 Et
2892 4095 3113 4162 frenum
3134 4093 3190 4145 in
3209 4092 3410 4161 faciem
3432 4106 3609 4144 meam
3632 4090 3793 4144 mise-

2138 4187 2271 4238 runt
2292 4201 2303 4237 :
2325 4187 2389 4237 ut
2413 4182 2497 4237 eis
2518 4181 2733 4237 invitus
2765 4180 3425 4251 consentirem,portans
3447 4196 3546 4235 eos
3578 4179 3792 4234 ducen-

2139 4276 2228 4327 tes
2251 4288 2366 4343 quo
2395 4269 2707 4340 vellent,ad
2741 4270 2859 4325 ima
2890 4288 2998 4325 sua
3025 4272 3088 4325 Et
3116 4289 3149 4323 a
3177 4270 3387 4325 dextris
3415 4270 3793 4337 germinantes

2141 4363 2608 4417 consurrexerunt
2632 4377 2645 4414 :
2674 4364 2729 4414 ot
2762 4359 3004 4414 favendo
3027 4364 3082 4413 et
3104 4360 3249 4414 bene
3274 4357 3566 4413 monendo
3612 4357 3796 4412 exorti

2143 4456 2284 4505 sunt
2304 4450 2634 4522 quidem,ut
2650 4466 2789 4503 suas
2812 4448 3161 4519 cupiditates
3184 4448 3502 4519 explerent,
3526 4462 3638 4501 non
3665 4462 3792 4517 per-

2144 4540 2445 4612 sequendo
2490 4538 2659 4594 Pedes
2677 4554 2819 4593 meos
2844 4540 3142 4592 vinxerunt
3164 4536 3509 4604 compedibus
3534 4552 3546 4589 :
3576 4534 3797 4590 ofﬁcio-

2145 4648 2275 4685 rum
2308 4627 2859 4693 ecclesiasticorum,
2888 4632 2951 4681 ut
2983 4644 3095 4682 non
3145 4644 3244 4681 eos
3285 4631 3525 4697 possent
3574 4626 3793 4694 fugere.

2146 4720 2409 4775 Contritae
2428 4723 2558 4773 sunt
2604 4718 2810 4772 semita:
2855 4732 2997 4772 mem
3022 4733 3033 4770 :
3062 4721 3123 4770 ut
3154 4733 3267 4770 non
3292 4718 3659 4786 apparerent,
3694 4730 3797 4783 per

2146 4826 2293 4881 quas
2326 4808 2515 4863 solent
2535 4805 2671 4862 boni
2695 4805 3017 4869 ambulare,
3041 4822 3155 4859 non
3180 4809 3507 4875 quaerentes
3531 4819 3659 4871 sua,
3693 4801 3795 4856 sed

2145 4898 2361 4954 Christi
2388 4896 2843 4967 (Phili'pp.u,‘20).
2868 4895 3034 4949 Exuit
3056 4895 3205 4948 enim
3230 4908 3314 4947 me
3335 4893 3476 4947 stola
3500 4910 3515 4944 :
3543 4888 3798 4945 auctori-

2146 4992 2259 5043 tate
2283 4985 2649 5059 pristina,cui
2668 4984 2970 5048 cedisolet;
2992 4984 3146 5054 quod
3167 4982 3451 5052 contingit
3476 4977 3803 5033 multitudi-

2146 5094 2220 5133 ne
2240 5080 2296 5131 et
2321 5074 2746 5131 consuetudine
2769 5078 3139 5146 peccatorum
3163 5069 3508 5143 praevalente
3553 5070 3616 5123 Et
3640 5068 3802 5139 jacu-

2148 5169 2217 5223 lis
2247 5170 2362 5223 suis
2383 5167 2697 5223 vulneravit
2714 5181 2833 5220 me:
2861 5163 3183 5236 praeceptis,
3217 5162 3433 5234 quibus
3455 5161 3620 5216 video
3645 5159 3799 5213 mala

2146 5262 2203 5313 et
2224 5257 2363 5329 quia
2385 5271 2646 5312 coercere
2670 5272 2784 5310 non
2809 5270 3073 5326 possum,
3094 5251 3341 5307 crucior.
3366 5250 3578 5304 Abusus
3606 5255 3682 5302 est
3710 5263 3797 5302 me

2144 5350 2286 5403 sicut
2308 5348 2512 5401 voluit:
2556 5345 2732 5400 etiam
2771 5343 3105 5398 calamitate
3127 5351 3183 5396 et
3206 5340 3442 5395 miseria
3474 5356 3603 5393 mea
3651 5354 3795 5392 usus

2145 5443 2236 5493 est
2261 5434 2641 5508 adjustitiam
2666 5450 2833 5488 suam
2887 5437 3057 5500 Deus,
3093 5432 3246 5485 sicut
3274 5428 3473 5484 voluit.
3510 5427 3800 5483 Doloribus

2146 5528 2426 5583 involutus
2455 5540 2620 5580 sum:
2654 5528 2712 5578 et
2748 5522 2807 5577 in
2866 5538 2979 5587 me,
3013 5526 3069 5576 et
3115 5520 3173 5575 in
3208 5520 3339 5575 aliis
3389 5518 3597 5591 patior.
3636 5517 3798 5573 Foris

2145 5616 2545 5691 pugnas,intus
2569 5614 2810 5670 timores
2829 5614 2900 5682 (ιι
2924 5611 3044 5668 Cor.
3063 5611 3257 5681 v11,5).
3285 5608 3794 5677 Quisinﬂrmalur,

2146 5714 2202 5765 et
2231 5724 2336 5779 ego
2360 5723 2475 5762 non
2497 5704 2763 5761 inﬂrmor
2785 5701 2881 5771 (Id.
2914 5717 2991 5771 x1,
3013 5700 3106 5772 29)
3131 5700 3157 5755 ‘2
3178 5701 3242 5755 Et
3272 5701 3548 5755 iterantur
3584 5696 3797 5754 dolores

2144 5798 2273 5867 mei,
2297 5793 2531 5855 discedit
2547 5794 2689 5851 sicut
2715 5792 2969 5865 spiritus,
3000 5806 3123 5865 spes
3152 5788 3479 5859 πιθα.ουαώ
3499 5788 3674 5846 inane
3694 5782 3799 5842 ali-
