4200 6342
156 337 278 401 945

156 473 228 523 Et
258 472 344 535 tu,
382 466 484 522 ﬁlii
519 466 797 533 hominis,
832 465 1255 538 speculatorem
1275 467 1407 522 dedi
1439 470 1495 522 te
1526 467 1721 523 domui
1742 472 1823 524 Is-

155 557 277 612 rael
305 574 317 612 :
353 556 600 613 audiens
614 571 747 625 ergo
779 571 847 610 ex
869 572 966 610 ore
992 570 1119 610 meo
1149 559 1820 623 sermonem,annuntia-

157 647 251 701 bis
273 645 359 701 eis
388 661 455 700 ex
480 661 590 700 me.
622 644 677 698 Si
723 661 816 699 me
869 643 1098 699 dicente
1155 646 1225 700 ad
1266 647 1540 717 lmpium,
1619 646 1817 717 impie,

158 738 349 789 morte
380 732 646 789 morieris
670 750 685 800 ;
708 750 824 789 non
852 733 1033 788 fueris
1061 732 1314 803 locutus,
1346 739 1407 789 ut
1439 752 1499 791 se
1532 736 1823 791 custodiat

158 822 379 893 impius
412 839 444 876 a
475 821 568 877 via
596 838 705 877 sua
730 837 742 876 :
768 822 893 892 ipse
924 822 1143 893 impius
1173 823 1678 894 ininiquitatesua
1694 841 1816 879 mo-

157 914 362 980 rietur;
388 914 738 986 sanguinem
756 917 945 968 autem
962 915 1090 985 ejus
1103 916 1173 970 de
1194 932 1363 971 manu
1380 922 1482 972 tua
1498 933 1592 987 req
1605 916 1813 971 uiram.

154 1004 217 1059 Si
249 1009 442 1059 autem
474 1004 860 1059 annuutiante
890 1010 946 1059 te
969 1006 1038 1059 ad
1078 1004 1347 1075 impium,
1386 1010 1447 1060 ut
1490 1023 1523 1061 a
1550 1006 1659 1061 viis
1690 1006 1816 1061 suis

152 1097 544 1162 convertatur,
577 1098 633 1148 et
664 1110 776 1149 non
811 1093 986 1148 fuerit
1008 1109 1324 1150 conversus
1357 1111 1389 1149 a
1418 1095 1508 1149 via
1540 1095 1815 1165 suazipse

152 1183 213 1237 in
245 1182 558 1254 iniquitate
589 1199 698 1238 sua
728 1183 1033 1249 morietur;
1070 1200 1240 1254 porro
1271 1188 1331 1238 tu
1354 1184 1611 1239 animam
1653 1190 1814 1239 tuam

148 1271 530 1327 liberasti.Tu
562 1271 811 1343 ergo,Iili
844 1271 1219 1339 hominis,dic
1242 1273 1311 1326 ad
1346 1274 1583 1327 domum
1616 1271 1811 1340 Israel,

147 1360 241 1415 Sic
256 1360 434 1415 locuti
452 1360 594 1415 estis
622 1361 1259 1432 dicentes,1niquitates
1280 1367 1558 1416 nostraeet
1585 1366 1815 1432 peccata

82 1457 91 1463 '
150 1455 355 1505 nostra
387 1466 564 1521 super
595 1466 701 1505 nos
724 1454 883 1519 sunt,
916 1455 973 1504 et
996 1452 1053 1505 in
1083 1449 1227 1521 ipsis
1260 1467 1366 1505 nos
1413 1452 1772 1506 tabescimus
1799 1468 1812 1519 ;

150 1539 449 1610 quomodo
481 1554 617 1610 ergo
647 1539 839 1596 vivere
872 1539 1197 1609 poterimus
1220 1540 1248 1594 ‘I
1279 1540 1378 1594 Dic
1401 1540 1472 1594 ad
1522 1556 1642 1605 eos,
1676 1540 1814 1595 Vivo

149 1644 279 1699 ego,
315 1628 457 1682 dicit
486 1627 772 1683 Dominus
802 1628 976 1697 Deus,
1006 1628 1139 1684 nolo
1158 1629 1613 1700 mortemimpii,
1639 1630 1735 1683 sed
1751 1633 1816 1683 ut

150 1718 513 1774 revertatur‘
540 1717 757 1789 impius
782 1734 815 1773 a
844 1716 935 1772 via
957 1733 1064 1772 sua
1085 1718 1260 1783 mala,
1286 1723 1342 1772 et
1367 1718 1549 1772 vivat:
1584 1734 1817 1773 conver-

146 1805 344 1861 timini
379 1822 412 1861 a
441 1806 553 1861 viis
571 1806 779 1861 vestris
811 1805 1085 1877 pessimis
1115 1824 1128 1873 ;
1159 1812 1214 1861 et
1243 1822 1424 1877 quare
1455 1806 1813 1866 moriemini.

144 1894 360 1950 domus
378 1894 555 1950 Israel
584 1897 608 1949 P
635 1895 719 1950 Tu
749 1895 967 1967 itaque,
1002 1895 1081 1949 fili
1119 1895 1397 1963 hominis,
1430 1894 1525 1949 die
1555 1896 1624 1950 ad
1660 1894 1812 1950 ﬁlios

143 1982 344 2054 populi
371 1984 457 2038 tui
484 1999 497 2039 :
529 1983 773 2040 Justitia
795 1982 943 2055 justi
972 2000 1087 2039 non
1114 1983 1389 2039 liberabit
1420 2000 1555 2039 eum
1580 1983 1640 2038 in
1672 2000 1813 2053 qua-

140 2087 399 2144 cumque
428 2072 519 2128 die
552 2073 908 2144 peccaverit;
942 2077 998 2128 et
1028 2074 1302 2145 impietas
1322 2073 1614 2145 impiinon
1648 2089 1811 2128 noce-

143 2164 298 2220 bitei
319 2163 379 2219 in
396 2179 763 2235 quacumque
778 2164 870 2219 die
887 2180 1202 2219 conversus
1225 2163 1402 2219 fuerit
1415 2165 1485 2219 ab
1510 2164 1809 2235 impietate

144 2269 287 2308 sua:
328 2257 385 2307 et
409 2254 610 2323 justus
641 2269 757 2307 non
785 2252 997 2324 poterit
1026 2253 1216 2307 vivere
1249 2252 1305 2307 in
1332 2253 1572 2322 justitia
1603 2269 1729 2321 sua,
1749 2252 1806 2307 in

145 2357 525 2413 quacumque
542 2341 635 2396 die
650 2341 1243 2413 peccaverit.Etiamsi
1264 2342 1491 2412 dixeroj
1502 2347 1632 2397 usto
1654 2343 1809 2412 quod

146 2432 271 2486 vita
300 2433 476 2496 vivat,
508 2434 565 2485 et
596 2430 855 2486 confisus
885 2429 945 2484 in
972 2431 1329 2501 justitiasua
1361 2431 1562 2486 fecerit
1592 2430 1810 2502 iniqui-

147 2524 362 2587 tatem;
391 2535 592 2574 omnes
610 2519 856 2590 justitiae
873 2520 1001 2590 ejus
1032 2519 1308 2575 oblivioni
1339 2521 1726 2584 tradentur,et
1749 2520 1810 2574 in

151 2608 466 2680 iniquitate
498 2625 607 2663 sua
632 2624 805 2679 quam
822 2614 1098 2680 operatus
1119 2609 1290 2677 est,in
1306 2608 1429 2681 ipsa
1445 2608 1811 2664 morietur.Si

152 2704 355 2753 autem
380 2698 579 2753 dixero
602 2697 807 2768 impio,
834 2698 1011 2755 Morte
1029 2699 1393 2764 morieris,et
1423 2698 1605 2770 egerit
1638 2698 1813 2767 poeni-

148 2790 400 2844 tentiam
422 2805 455 2843 a
478 2795 710 2860 peccato
743 2805 870 2853 suo,
906 2787 1222 2859 feceritque
1243 2788 1535 2859 judicium
1556 2794 1612 2843 et
1632 2788 1810 2859 justi-

146 2878 318 2943 tiam,
355 2878 571 2949 pignus
620 2878 945 2933 restituerit
985 2877 1080 2932 ille
1120 2878 1359 2948 impius,
1424 2878 1811 2949 rapinamque

149 2964 561 3031 reddiderit,in
598 2965 892 3019 mandatis
916 2964 1043 3018 vitae
1060 2963 1468 3030 ambulaverit,
1486 2980 1589 3018 nec
1614 2964 1811 3023 fecerit

151 3053 785 3125 quidquaminjuetum
815 3072 829 3122 ;
863 3052 981 3108 vita
1010 3054 1182 3119 vivet,
1216 3056 1272 3108 et
1329 3070 1441 3107 non
1504 3052 1806 3108 morietur.

152 3143 368 3198 Omnia
398 3146 635 3214 peccata
652 3142 780 3212 ejus
799 3159 925 3214 quis
948 3143 1333 3213 peccavitnon
1357 3142 1434 3197 im
1448 3143 1809 3211 putabuntur

146 3231 527 3288 eiJudicium
552 3237 609 3287 et
630 3231 924 3300 justitiam
961 3231 1235 3294 fecit,vita
1252 3231 1420 3287 vivet.
1440 3232 1505 3286 Et
1535 3232 1807 3287 dixerunt

147 3320 255 3376 ﬁlii
286 3319 485 3392 populi
504 3321 627 3376 tui:
665 3321 786 3377 Non
819 3326 909 3376 est
938 3320 1089 3391 aequi
1114 3321 1389 3393 ponderis
1419 3322 1511 3376 via
1548 3319 1801 3376 Domini.

150 3414 220 3464 Et
250 3410 514 3481 ipsorum
540 3409 629 3464 via
659 3409 878 3481 injusta
894 3414 1158 3465 est.Cum
1177 3411 1331 3464 enim
1358 3410 1804 3481 recasseritjus-

147 3505 250 3554 tus
282 3516 315 3554 a
337 3499 575 3570 justitia
604 3516 732 3566 sua,
767 3499 1083 3570 feceritque
1114 3499 1473 3571 iniquitates,
1525 3501 1807 3555 morietur

148 3589 212 3644 in
243 3588 346 3643 eis.
374 3592 440 3641 Et
471 3603 603 3642 cum
646 3589 954 3644 recesserit
984 3588 1202 3659 impius
1233 3590 1304 3644 ab
1336 3588 1635 3659 impietate
1672 3604 1801 3657 sua,

149 3678 470 3748 feceritque
491 3676 782 3748 judicium
802 3682 852 3732 et
880 3676 1194 3748 justitiam,
1228 3677 1378 3733 vivet
1407 3678 1465 3732 in
1494 3678 1599 3733 eis.
1630 3681 1697 3732 Et
1716 3677 1804 3733 di-

150 3766 322 3821 citis:
350 3765 475 3820 Non
490 3770 580 3820 est
601 3769 759 3820 recta
777 3766 865 3821 via
878 3766 1805 3838 Domini.Unumquemquejuxta

147 3855 277 3910 vias
303 3871 442 3910 suas
468 3854 768 3923 judicabo,
801 3856 872 3911 de
892 3857 1056 3911 vobis
1087 3856 1295 3911 domus
1336 3855 1530 3912 Israel.
1566 3858 1628 3911 Et
1684 3861 1805 3928 post

146 3945 531 4016 quadraginta
560 3959 754 3998 novem
784 3960 977 4000 versus
998 3962 1017 3999 .·
1048 3946 1116 4000 Et
1136 3950 1222 4012 tu,
1267 3944 1346 3999 ﬁli
1379 3945 1657 4009 hominis,
1719 3945 1802 4003 fili

147 4030 347 4104 populi
381 4032 465 4086 tui
499 4031 600 4102 qui
632 4032 653 4066 ³
682 4031 1012 4104 loquuntur
1041 4035 1112 4089 de
1142 4040 1195 4089 te
1216 4035 1388 4105 juxta
1419 4050 1619 4090 muros
1657 4041 1713 4089 et
1741 4036 1797 4089 in

147 4120 320 4177 ostiis
349 4120 683 4188 domorum,
718 4127 774 4176 et
806 4122 1011 4177 dicunt
1039 4140 1194 4177 unus
1212 4123 1280 4177 ad
1315 4122 1584 4191 alterum,
1616 4124 1702 4177 vir
1729 4124 1798 4176 ad

146 4209 486 4282 proximum
514 4225 711 4277 suum,
732 4210 1013 4279 dicentes,
1034 4210 1256 4281 Venite,
1282 4220 1332 4267 et
1362 4211 1670 4267 audiamus
1700 4212 1798 4283 qui

147 4300 227 4355 sit
254 4314 445 4355 sermo
476 4299 787 4371 egrediens
821 4316 855 4355 a
885 4300 1153 4356 Domino.
1206 4301 1271 4355 Et
1301 4300 1540 4355 veniunt
1597 4302 1663 4356 ad
1722 4305 1798 4366 te,

148 4387 318 4460 quasi
351 4386 398 4442 si
432 4386 799 4459 ingrediatur
829 4388 1120 4460 populus;
1154 4394 1210 4444 et
1238 4391 1443 4444 sedent
1492 4407 1686 4445 coram
1721 4396 1797 4459 te,

149 4476 405 4549 populus
436 4493 626 4543 meus,
662 4482 719 4530 et
751 4477 1006 4532 audiunt
1031 4495 1331 4534 sermones
1365 4483 1519 4548 tuos,
1569 4486 1627 4535 et
1683 4499 1797 4534 non

148 4566 375 4622 faciunt
400 4582 502 4620 eos
531 4584 543 4632 ;
578 4566 719 4636 quia
745 4565 802 4619 in
824 4569 1117 4622 canticum
1152 4568 1269 4623 oris
1292 4568 1381 4623 sui
1402 4569 1800 4635 vertuntillos,

147 4664 207 4712 et
238 4654 541 4710 avaritiam
575 4671 743 4709 suam
776 4656 1043 4726 sequitur
1072 4674 1170 4712 cor
1210 4674 1429 4712 eorum.
1484 4660 1550 4712 Et
1606 4675 1667 4713 es
1716 4676 1801 4713 eis

149 4745 319 4817 quasi
340 4760 579 4800 carmen
600 4745 950 4816 musicum“,
975 4748 1127 4817 quod
1162 4747 1323 4803 suavi
1358 4747 1636 4819 dulcique
1656 4764 1801 4804 sono

147 4834 420 4900 canitur;
454 4839 511 4889 et
541 4832 790 4888 audiunt
817 4835 990 4890 verba
1037 4841 1154 4905 tua,
1188 4844 1237 4891 et
1274 4854 1387 4891 non
1422 4838 1642 4891 faciunt
1671 4854 1736 4891 ea
1758 4839 1798 4890 ⁴.

149 4926 218 4980 Et
242 4940 376 4979 cum
402 4924 625 4978 venerit
648 4924 799 4994 quod
837 4926 1175 4995 praedictum
1206 4931 1326 4993 est;
1360 4944 1488 4981 ecce
1514 4927 1666 4982 enini
1711 4944 1801 4981 ve-

147 5013 263 5081 nit;
296 5018 437 5067 tunc
469 5012 656 5067 scient
678 5014 831 5083 quod
866 5014 1178 5085 prophetes
1211 5016 1387 5071 fuerit
1416 5016 1570 5071 inter
1608 5033 1727 5071 eos.

217 5102 455 5172 [xxx1v.]
481 5102 579 5156 :Et
626 5102 843 5157 factum
876 5108 966 5158 est
991 5105 1231 5159 verbum
1257 5106 1483 5161 Domini
1506 5107 1577 5161 ad
1598 5122 1691 5160 me
1710 5105 1801 5160 di-

144 5208 303 5248 cens.
343 5190 442 5245 Fili
477 5189 756 5260 hominis,
788 5192 1064 5263 prephcta
1099 5194 1169 5248 de
1201 5195 1539 5264 pastoribus
1589 5195 1800 5261 Israel;

144 5280 450 5354 prOpheta,
484 5290 541 5333 et
573 5278 731 5335 dices
776 5283 1130 5352 pastoribus,
1158 5282 1285 5337 Haec
1343 5283 1486 5338 dicit
1516 5284 1803 5339 Dominus

144 5373 322 5436 Deus,
363 5370 447 5423 Vm
468 5370 801 5441 pastoribus
836 5372 1030 5440 Israel,
1066 5372 1497 5442 quipascebant
1528 5374 1802 5443 semetip-

213 5490 226 5520 ί
264 5489 320 5534 lu
352 5486 595 5549 Vulgata,
625 5489 988 5534 convertatur:
1019 5488 1288 5593 pauloque
1322 5494 1440 5549 post
1470 5489 1804 5547 iugemiuato

219 5551 310 5593 rho
346 5550 555 5593 dicitur.
592 5548 982 5593 convertimini-
1038 5548 1394 5593 .‘onvertimini
1422 5565 1451 5593 (ι
1483 5548 1596 5593 m‘is-
1632 5554 1713 5593 etc

102 5592 107 5595 ,
144 5551 310 5599 verbo
346 5548 557 5613 dicitur,
592 5548 983 5609 convertimini,
1019 5548 1394 5599 (.‘onvertimini
1422 5565 1451 5596 (ι
1483 5548 1597 5605 viis.
1632 5554 1713 5599 etc

212 5614 233 5646 ³
266 5615 320 5659 In
353 5612 604 5665 omnibus
637 5615 754 5658 Mss.
788 5612 931 5659 deest
968 5626 1286 5672 pronomen,
1312 5613 1415 5668 qui.

211 5676 235 5709 ³
267 5676 464 5737 Regius
493 5680 679 5731 codex,
711 5688 915 5722 carnem
946 5676 1270 5723 musicorum.

213 5740 236 5772 ⁵
264 5738 391 5789 Mss.
398 5774 415 5801 ,
443 5743 489 5790 et
514 5741 731 5792 audient
760 5737 913 5788 verba
946 5741 1050 5800 tua,
1075 5742 1125 5789 et
1153 5752 1255 5790 non
1284 5738 1494 5801 facient.

1425 336 1527 396 DE
1572 336 2011 401 SCltIP'l‘URA
2053 341 2327 405 SACRA.

3467 352 3585 410 946

1932 488 2050 539 sos,
2073 474 2275 531 Nonne
2304 494 2509 551 greges
2541 483 2858 550 pascentur
2888 498 2920 535 a
2951 481 3288 551 pastoribus
3309 481 3458 535 ?Lac
3482 497 3582 535 co—

1931 565 2274 633 medebatis,
2303 573 2359 622 et
2380 567 2532 624 lanis
2563 569 3009 640 operiebamini,
3032 570 3258 641 etquod
3311 586 3575 625 crassum

1930 656 2055 706 erat
2085 655 2441 711 occidebatis
2474 661 2513 725 ¹,
2548 674 2785 729 gregem
2818 663 3011 714 autem
3048 676 3243 714 meum
3275 676 3389 713 non
3442 675 3580 729 pas-

1929 742 2169 796 cebatis.
2205 744 2368 807 Quod
2400 746 2698 800 inlirmum
2733 746 2842 801 fuit
2873 764 2985 801 non
3036 747 3487 813 consolidastis;
3523 751 3581 801 et

1928 832 2081 898 quod
2116 839 2419 902 aegrotum,
2456 853 2567 889 non
2604 837 2895 903 sanastis;
2956 838 3108 908 quod
3156 837 3405 891 fractum
3466 841 3574 905 est,

1929 934 2043 972 non
2067 919 2387 992 alligastis;
2423 928 2478 978 et
2506 925 2657 994 quod
2694 924 2982 993 abjectum
3019 930 3129 995 est,
3163 942 3275 980 non
3307 925 3575 979 reduxis-

1928 1007 2037 1074 tis;
2072 1011 2223 1080 quod
2260 1013 2531 1082 perierat,
2566 1030 2677 1067 non
2706 1014 3038 1084 quaesistis:
3074 1015 3174 1069 sed
3201 1031 3333 1069 cum
3385 1019 3578 1069 auste-

1929 1097 2099 1152 ritate
2132 1099 2511 1171 imperabatis
2539 1102 2623 1157 eis
2656 1107 2862 1157 etcum
2889 1104 3165 1171 potentia.
3200 1104 3267 1158 Et
3298 1104 3574 1174 dispersas

1924 1190 2066 1240 sunt
2094 1203 2226 1243 oves
2259 1206 2419 1255 meas,
2444 1207 2510 1244 eo
2541 1191 2694 1260 quod
2732 1208 2842 1244 non
2873 1196 3028 1246 esset
3062 1197 3294 1263 pastor:
3327 1196 3383 1247 et
3412 1193 3578 1248 factae

1926 1279 2065 1329 sunt
2094 1276 2151 1330 in
2188 1280 2619 1333 devorationem
2653 1281 2917 1335 omnium
2945 1280 3263 1335 bestiarum
3317 1280 3463 1351 agri,
3521 1286 3579 1336 et

1926 1364 2203 1436 dispersae
2228 1373 2368 1422 sunt
2401 1387 2413 1433 ;
2447 1374 2504 1422 et
2533 1374 2871 1423 erraverunt
2902 1386 3106 1441 greges
3139 1370 3325 1425 meiin
3351 1369 3577 1424 cunctis

1926 1454 2245 1516 montibus,
2281 1460 2337 1509 et
2361 1457 2417 1510 in
2438 1457 2706 1511 universo
2725 1457 2869 1511 colle
2891 1457 3116 1513 excelso
3134 1476 3145 1525 ;
3162 1463 3217 1513 et
3238 1474 3417 1529 super
3446 1474 3571 1512 om-

1925 1558 2054 1595 nem
2091 1543 2294 1598 faciem
2328 1549 2493 1599 terrae
2523 1545 2771 1617 dispersi
2806 1551 2944 1599 sunt
2967 1563 3172 1618 greges
3196 1546 3330 1601 mei.
3363 1547 3432 1600 Et
3455 1563 3567 1601 non

1924 1637 2049 1685 erat
2079 1631 2178 1701 qui
2212 1633 2564 1703 requireret:
2600 1650 2713 1687 non
2748 1638 2891 1699 erat,
2922 1633 3186 1705 inquam,
3222 1635 3318 1705 qui
3372 1635 3566 1704 requi-

1925 1725 2095 1775 reret.
2130 1724 2461 1793 Propterea,
2497 1727 2780 1793 pastores,
2812 1723 3007 1777 audite
3037 1724 3280 1778 verbum
3317 1723 3564 1779 Domini:

1922 1808 2063 1865 Vivo
2092 1826 2220 1881 ego,
2253 1811 2397 1865 dicit
2444 1811 2726 1867 Dominus
2779 1818 2949 1879 Deus,
2996 1812 3133 1885 quia
3168 1829 3270 1885 pro
3311 1829 3377 1868 eo
3410 1813 3563 1883 quod

1924 1885 2059 1953 facti
2093 1904 2230 1954 sunt
2260 1916 2464 1971 greges
2497 1902 2610 1955 mei
2642 1901 2700 1956 in
2744 1902 3006 1971 rapinam
3022 1902 3064 1970 9,
3124 1906 3181 1956 et
3235 1917 3369 1957 oves
3428 1918 3567 1957 meas

1921 1990 1980 2044 in
2012 1991 2442 2046 devorationem
2477 1992 2740 2046 omnium
2767 1992 3089 2047 bestiarum
3124 1992 3270 2065 agri,
3303 2009 3368 2047 eo
3413 1992 3568 2063 quod

1921 2096 2035 2134 non
2068 2084 2222 2135 esset
2255 2085 2454 2151 pastor
2483 2081 2695 2152 (neque
2726 2083 2880 2136 enim
2901 2081 3263 2153 quaesierunt
3284 2086 3569 2152 pastores,

1920 2183 2154 2240 gregem
2190 2186 2386 2223 meum
2413 2186 2424 2223 :
2455 2170 2553 2223 sed
2577 2171 2893 2240 pascebant
2914 2174 3176 2242 pastores
3200 2170 3572 2241 semctipsos,

1921 2265 1973 2312 et
2005 2273 2209 2329 greges
2243 2275 2403 2313 meos
2427 2275 2539 2313 non
2560 2260 2897 2330 pascebant)
2918 2275 2930 2313 :
2950 2264 3572 2331 propterea,pastores,

1919 2347 2116 2402 audite
2147 2348 2390 2402 verbum
2426 2347 2688 2402 Domini:
2725 2352 2856 2402 Haic
2885 2347 3024 2402 dicit
3072 2349 3349 2402 Dominus
3402 2355 3571 2405 Deus.

1921 2436 2064 2490 Ecce
2095 2452 2199 2507 ego
2227 2436 2353 2506 ipse
2375 2453 2552 2506 super
2571 2440 2855 2506 pastores,
2882 2436 3173 2506 requiram
3201 2453 3431 2508 gregem
3459 2454 3573 2491 me-

1920 2543 2021 2580 um
2055 2526 2125 2579 de
2158 2541 2334 2579 manu
2367 2539 2593 2589 eorum,
2616 2530 2673 2579 et
2703 2541 2930 2579 cessare
2960 2542 3059 2580 eos
3092 2526 3319 2594 faciam,
3347 2526 3575 2581 utultra

1922 2630 2034 2669 non
2071 2619 2314 2685 pascant
2341 2629 2602 2684 gregem,
2634 2630 2739 2667 nec
2770 2619 3012 2684 pascant
3032 2613 3287 2685 amplius
3312 2620 3574 2684 pastores

1921 2704 2301 2774 semetipsos;
2334 2708 2392 2757 et
2423 2702 2679 2757 liberabo
2729 2718 2963 2773 gregem
2998 2719 3193 2757 meum
3255 2704 3325 2757 de
3356 2719 3454 2757 ore
3483 2719 3574 2758 eo-

1922 2809 2075 2859 rum,
2109 2797 2165 2845 et
2194 2809 2307 2846 non
2362 2792 2474 2846 erit
2532 2791 2618 2846 eis
2650 2790 2801 2845 ultra
2827 2792 2882 2844 in
2906 2807 3119 2846 escam.
3161 2797 3224 2847 Et
3279 2797 3399 2862 post
3455 2793 3571 2847 ali-

1919 2885 2221 2952 quantum:
2256 2884 2372 2935 Vos
2422 2884 2639 2947 autem,
2672 2894 2877 2950 greges
2901 2880 3035 2944 mei,
3070 2880 3191 2935 hiec
3213 2882 3353 2934 dicit
3382 2881 3573 2936 Domi-

1922 2988 2032 3026 nus
2065 2971 2240 3037 Deus,
2273 2970 2415 3023 Ecce
2441 2984 2545 3037 ego
2578 2967 2771 3040 judico
2804 2968 2957 3023 inter
2985 2985 3164 3039 pecus
3195 2974 3248 3023 et
3282 2986 3457 3041 pecus
3480 2987 3571 3024 ar-

1920 3060 2100 3114 ietum
2164 3064 2221 3113 et
2278 3059 2574 3112 hircorum
2608 3058 2648 3108 ³.
2683 3056 2884 3111 Nonne
2917 3058 3060 3111 satis
3078 3057 3241 3113 vobis
3272 3063 3396 3112 erat
3444 3075 3573 3129 pas-

1916 3165 2056 3203 cuas
2106 3149 2257 3202 bona
2296 3146 2527 3217 depasci
2555 3146 2582 3199 τ
2609 3145 2854 3216 insuper
2882 3150 2940 3199 et
2986 3145 3263 3217 reliquias
3321 3163 3571 3217 pascua-

1915 3254 2046 3292 rum
2098 3241 2421 3292 vestrarum
2477 3234 2867 3289 conculcastis
2916 3235 3164 3304 pedibus
3216 3235 3450 3302 vestris;
3513 3242 3571 3291 et

1914 3343 2046 3383 cum
2073 3325 2451 3398 purissimam
2492 3340 2703 3385 aquam
2739 3324 3033 3391 biberetis,
3068 3322 3356 3396 reliquam
3408 3326 3567 3395 pedi-

1913 3417 2024 3472 bus
2054 3415 2264 3471 vestris
2294 3413 2644 3468 turbabatis:
2669 3416 2724 3467 et
2751 3429 2884 3467 oves
2916 3429 3056 3467 mete
3074 3412 3166 3467 his
3192 3429 3317 3483 quae
3336 3413 3568 3469 concul-

1913 3510 2041 3561 cata
2074 3506 2322 3577 pedibus
2352 3502 2558 3557 vcstris
2612 3502 2860 3565 fuerant,
2895 3502 3313 3571 pascebantur;
3351 3506 3407 3556 et
3437 3519 3564 3573 quae

1913 3594 2271 3664 pedesvestri
2303 3592 2700 3655 turbaverant,
2750 3589 2869 3644 haec
2899 3590 3196 3645 bibebant.
3262 3592 3566 3662 Propterea

1911 3682 2032 3738 haec
2064 3682 2201 3737 dicit
2250 3681 2534 3736 Dominus
2592 3680 2744 3735 Deus
2765 3679 2835 3733 ad
2870 3680 3219 3736 eos‘:,Ecce
3275 3696 3381 3750 ego
3440 3679 3565 3752 ipse

1909 3772 2106 3842 judico
2139 3771 2291 3824 inter
2338 3785 2514 3840 pecus
2564 3769 2779 3840 pingue
2810 3772 2865 3822 et
2895 3769 3308 3835 mucilentum;
3344 3785 3447 3839 pro
3494 3785 3562 3824 eo

1913 3860 2067 3932 quod
2119 3858 2403 3914 lateribus
2442 3864 2500 3912 et
2548 3857 2807 3912 humeris
2840 3856 3274 3928 impingeliatis,
3298 3862 3353 3911 et
3378 3858 3563 3913 corni-

1910 3948 2247 4003 busvestris
2269 3946 2640 4001 ventilabatis
2668 3946 3117 4001 omniainﬁrma
3174 3963 3401 4018 pecora,
3454 3948 3559 4002 do-

1911 4054 2016 4094 nec
2047 4037 2522 4108 dispergerentur
2552 4036 2725 4090 foras.

1982 4129 2047 4181 Et
2074 4130 2190 4196 post
2221 4126 2569 4194 aliquantum
2588 4141 2605 4176 :
2639 4124 2843 4195 [xxv]:
2898 4124 3027 4179 Haec
3087 4125 3227 4179 dicit
3272 4125 3561 4182 Dominus

1910 4215 2086 4279 Deus,
2117 4213 2380 4268 Sufficiat
2401 4213 2584 4277 vobis,
2621 4212 2914 4281 principes
2936 4213 3148 4278 Israel;
3183 4213 3558 4284 iniquitatem

1908 4310 1965 4360 et
1998 4305 2233 4375 rapinas
2261 4300 2651 4364 intermittite,
2685 4305 2741 4354 et
2763 4302 3079 4369 judicium,
3103 4304 3462 4371 etjustitiam
3480 4304 3559 4359 fa-

1908 4392 2038 4458 cite,
2071 4396 2127 4446 et
2156 4394 2419 4461 separate
2450 4388 2705 4442 conﬁnia
2733 4394 2927 4442 vestra
2949 4407 2979 4443 a
3006 4388 3216 4460 poliulo
3240 4406 3387 4455 meo,
3420 4391 3561 4447 dicit

1914 4481 2192 4537 Dominus
2216 4479 2389 4533 Deus.
2424 4479 2651 4532 Statera
2689 4478 2852 4547 justa
2901 4484 2958 4531 et
2990 4479 3122 4548 ephi
3177 4481 3404 4547 justum
3450 4480 3561 4536 erit

1908 4571 2073 4625 vobis
2102 4574 2157 4623 ct
2185 4569 2630 4637 beatusjustus.

1981 4659 2088 4713 Ista
2116 4659 2181 4713 de
2211 4660 2366 4712 libris
2395 4660 2695 4728 posuimus,
2715 4672 2844 4726 quos
2868 4659 2916 4709 et
2945 4656 3431 4714 Judaeimnnnicos
3454 4660 3551 4713 Ιια-

1909 4752 2124 4813 bent,in
2154 4749 2347 4817 quibus
2361 4763 2547 4801 eorum
2580 4748 2891 4800 invenimus
2912 4746 3103 4816 aliqua
3128 4762 3244 4815 quae
3257 4748 3385 4802 huic
3408 4751 3558 4818 aperi

1907 4840 2281 4893 convenirent.
2307 4838 2413 4892 Sal
2432 4844 2675 4891 nonsunt
2705 4835 2988 4889 omittendi
3016 4839 3067 4889 et
3088 4835 3148 4888 hi
3175 4852 3311 4905 quos
3339 4838 3559 4907 quidem

1908 4932 2037 4982 ante
2066 4927 2367 4980 Saluatoris
2396 4926 2689 4981 minantum
2718 4930 2925 4979 constat
2952 4941 3064 4980 esse
3092 4927 3446 4993 conscriptos.
3469 4927 3561 4982 sed

1908 5033 1994 5072 eos
2024 5033 2130 5071 non
2161 5020 2410 5082 receptos
2432 5033 2471 5069 α
2498 5014 2699 5069 Jurtwis
2714 5016 2903 5084 recipit
2921 5023 3098 5069 tamen
3114 5014 3350 5084 ejusdem
3365 5018 3559 5071 Salva-

1909 5106 2041 5160 mris
2072 5105 2331 5158 Ecclesia.
2367 5104 2428 5156 In
2462 5104 2549 5158 his
2578 5114 2705 5157 sunt
2736 5105 2841 5158 duo
2871 5105 2963 5174 qui
2990 5105 3348 5159 Salomonisa
3378 5106 3558 5174 pluri-

1912 5196 2008 5249 bus
2022 5194 2959 5264 appellrmlurmropterquamdam,
2991 5195 3130 5248 sicut
3164 5195 3563 5263 exislzm0,elo-

1910 5282 2490 5355 quiisimilitzulincm.
2528 5282 2662 5334 Nam
2693 5282 3002 5337 Salomonis
3022 5301 3127 5337 non
3141 5284 3431 5349 esse,nihil
3457 5284 3563 5339 du-

1915 5375 2087 5428 bitant
2115 5374 2314 5444 quique
2343 5372 2626 5425 doctiores.
2660 5371 2765 5424 Nu:
2794 5379 2977 5425 latnen
2997 5374 3112 5439 eius
3143 5376 3242 5443 qui
3269 5374 3568 5443 Sapientia:

1980 5493 1992 5523 ¹
2034 5491 2073 5535 Μ
2084 5503 2171 5548 88.,
2206 5486 2560 5533 vomedebalis.

1979 5553 1999 5586 ²
2028 5546 2221 5610 Regius
2251 5550 2434 5613 cruvrlcx.
2471 5562 2651 5613 greges
2684 5548 2779 5592 ηνρί
2814 5546 2926 5593 lia/1'
2954 5549 3147 5597 suntin
3180 5551 3438 5613 rapinam.

1977 5614 2165 5663 “Mss.
2201 5612 2418 5660 arietem
2454 5614 2503 5657 et
2524 5612 2739 5656 hii-rum.

1979 5680 1998 5711 δ
2023 5680 2105 5725 δὶα
2137 5678 2295 5725 etiam
2326 5674 2467 5736 apud
2487 5674 2868 5734 Hieronymum
2890 5676 2941 5721 et
2962 5673 3015 5736 in
3048 5674 3173 5723 Mss.
3198 5675 3383 5725 Bibliis
3412 5679 3566 5728 Cori).

1920 5743 1987 5790 At
2016 5741 2074 5788 in
2106 5740 2250 5803 prelo
2281 5738 2435 5788 editis
2465 5738 2625 5786 habet
2656 5736 2890 5798 Vulgata,
2923 5735 2992 5784 ad
3024 5751 3109 5785 vos
