4200 6368
487 318 608 379 947

487 451 719 517 dicitur,
753 451 1007 520 quisnam
1035 450 1105 504 sit
1135 458 1329 505 auctor
1357 460 1582 521 apparet
1607 453 1705 521 (α).
1726 451 1890 506 Illum
1919 465 2049 505 vero
2069 450 2147 503 at-

494 547 677 595 terum
707 555 864 610 quem
897 556 1151 594 vocamus
1182 541 1640 609 Ecclesiasticum,
1676 539 1814 610 quod
1842 542 1991 596 Jesus
2019 541 2117 610 qui
2129 569 2142 579 -

492 629 620 684 dam
647 631 955 701 scripserit,
989 631 1087 700 qui
1113 631 1540 697 cognominatur
1567 630 1784 697 Sirach,
1818 633 2024 684 constat
2056 629 2146 683 in-

495 727 578 774 ter
606 721 802 790 eosqui
829 718 1080 772 eumdem
1115 717 1318 772 librum
1352 721 1520 772 totum
1560 720 1829 790 legerunt.
1883 723 1960 773 De
2009 717 2148 771 libro

497 823 622 878 ergo
651 809 951 878 Sapienti}?
982 808 1082 860 ista
1111 805 1240 860 huic
1268 808 1426 877 operi
1454 823 1754 876 congruere
1782 809 1899 863 visa
1926 813 2075 861 sunt.

922 895 1012 950 DE
1057 895 1260 950 LIBRO
1302 897 1720 952 SAPIENTl/E.

570 986 728 1056 [Cap.
763 988 826 1054 1.]
859 983 1086 1054 Diligite
1111 984 1433 1054 justitiam,
1467 985 1865 1057 quijudicatis
1910 988 2147 1040 terram.

497 1074 720 1130 Sentite
751 1075 821 1127 de
855 1073 1097 1127 Domino
1130 1073 1188 1126 in
1224 1073 1506 1141 bonitate,
1547 1080 1605 1130 et
1652 1075 1710 1129 in
1772 1073 2154 1146 simplicitate

493 1165 686 1219 cordis
718 1162 960 1234 quaerite
982 1161 1171 1215 illum.
1206 1163 1490 1225 Quoniam
1517 1163 1815 1218 invenitur
1843 1163 2021 1218 abhis
2051 1147 2150 1232 qui

494 1269 608 1307 non
643 1255 873 1307 tentant
904 1249 1068 1304 illum
1097 1269 1110 1317 ;
1145 1256 1388 1322 apparet
1409 1256 1605 1306 autem
1629 1251 1825 1322 eisqui
1848 1252 2019 1305 [idem
2053 1250 2153 1304 ha-

493 1343 634 1397 bent
663 1341 721 1394 in
749 1339 937 1394 illum.
975 1341 1254 1395 Perversaz
1288 1340 1443 1395 enim
1479 1341 2157 1412 cogitationesseparant

494 1448 528 1486 a
557 1430 675 1484 Deo
710 1445 721 1482 :
757 1429 1001 1500 probata
1033 1433 1226 1484 autem
1263 1429 1449 1484 virtus
1487 1429 1732 1501 corripit
1789 1428 2154 1500 insipientes.

496 1518 781 1585 Quoniam
802 1517 859 1572 in
877 1516 1220 1572 malevolam
1240 1516 1498 1572 animam
1521 1535 1634 1572 non
1651 1516 2157 1588 introibitsapien-

497 1607 599 1674 tia,
632 1622 738 1662 nec
768 1605 1058 1661 habitabit
1081 1607 1137 1660 in
1163 1623 1401 1677 corpore
1432 1607 1670 1662 subdito
1702 1606 2158 1677 peccatis.Sanc-

505 1704 597 1751 tus
628 1695 784 1750 enim
808 1695 1062 1767 Spiritus
1094 1695 1420 1767 disciplina:
1449 1695 1687 1768 effugiet
1702 1697 1902 1750 fictum
1929 1720 1944 1763 ;
1977 1699 2034 1750 et
2055 1711 2156 1749 au-

501 1785 646 1840 feret
676 1799 737 1839 se
768 1802 800 1838 a
831 1783 1286 1855 cogitationibus
1319 1801 1449 1855 qua:
1481 1789 1619 1839 sunt
1652 1785 1781 1840 sine
1813 1783 2110 1839 intellectu
2144 1800 2158 1850 ;

500 1878 556 1928 et
587 1873 938 1945 corripiatur
969 1891 1002 1928 a
1034 1874 1831 1945 supervenienteiniquitate.
1868 1873 2163 1945 Beniguus

507 1963 766 2018 estenim
799 1962 1045 2034 spiritus
1074 1963 1402 2033 sapientiae,
1428 1969 1482 2018 et
1516 1981 1627 2018 non
1665 1963 1940 2019 liberabit
1982 1962 2163 2018 male-

500 2051 720 2106 dictum
757 2053 771 2086 ¹
806 2069 839 2106 a
871 2051 1041 2107 labiis
1072 2052 1197 2106 suis
1223 2052 1530 2122 ;quoniam
1566 2069 1769 2107 renum
1807 2050 1966 2106 illius
1997 2051 2164 2106 testis

501 2147 591 2196 est
623 2140 799 2204 Deus,
832 2144 889 2195 et
919 2140 1112 2195 cordis
1143 2141 1271 2210 ejus
1303 2145 1597 2196 scrutator
1627 2146 1715 2196 est
1737 2157 1932 2207 verus,
1963 2144 2018 2194 et
2051 2139 2164 2194 lin-

504 2227 819 2302 guazillius
856 2229 1109 2284 auditor.
1147 2229 1430 2294 Quoniam
1482 2229 1727 2300 spiritus
1781 2228 2011 2284 Domini
2071 2244 2160 2282 re-

511 2317 692 2389 plevit
721 2318 917 2372 orbem
954 2323 1267 2381 terrarum,
1293 2317 1476 2372 ethoc
1499 2317 1651 2388 quod
1667 2317 1927 2372 continet
1948 2317 2166 2385 omnia,

516 2406 823 2461 scientiam
843 2406 1019 2460 habet
1047 2407 1226 2460 vocis.
1259 2405 1495 2476 Propter
1512 2405 1620 2460 hoc
1639 2406 1738 2477 qui
1771 2405 2033 2477 loquitur
2060 2405 2171 2460 ini-

522 2511 660 2567 qua,
703 2511 816 2550 non
861 2500 1050 2566 potest
1080 2493 1282 2559 latere,
1305 2495 1405 2548 sed
1423 2510 1526 2549 nec
1548 2495 2014 2566 prazterietillum
2047 2511 2170 2548 cor-

517 2584 742 2655 ripiens
773 2583 1079 2653 iudicium.
1118 2584 1177 2637 In
1211 2582 1828 2654 cogitationibusenim
1862 2583 2174 2655 interroga-

526 2673 606 2727 tio
637 2673 781 2728 erit:
817 2689 1155 2727 sermonum
1191 2679 1387 2727 autem
1418 2673 1575 2728 illius
1607 2674 1826 2728 auditio
1858 2675 1928 2728 ad
1988 2674 2177 2728 Domi-

528 2778 668 2816 num
703 2762 913 2825 veniet,
949 2762 1017 2814 ad
1081 2763 1502 2833 correptiouem
1553 2762 1930 2833 iniquitatum
1990 2762 2172 2816 illius.

526 2850 808 2912 Quoniam
841 2849 999 2904 auris
1021 2851 1123 2904 zeli
1158 2850 1320 2904 audit
1342 2851 1560 2918 omnia,
1594 2855 1651 2905 et
1692 2852 1982 2906 tumultus
2015 2869 2173 2905 mur-

530 2940 930 2994 murationum
967 2957 1077 2994 non
1121 2941 1534 2996 abscondetur.
1559 2940 1858 2995 Custodite
1889 2956 2025 3012 ergo
2077 2957 2174 2996 vos

529 3046 561 3084 a
592 3028 1076 3094 murmuratione,
1121 3045 1248 3100 quae
1283 3028 1424 3083 nihil
1461 3029 1732 3100 prodest;
1769 3034 1824 3084 et
1856 3046 1888 3083 a
1946 3031 2174 3084 detrac-

523 3119 681 3172 tione
713 3117 931 3189 parcite
963 3116 1213 3189 linguae:
1249 3117 1526 3188 quoniam
1562 3134 1904 3188 responsum
1966 3119 2175 3173 obscu-

525 3207 697 3261 rum”
729 3205 787 3261 in
821 3223 1068 3261 vacuum
1103 3224 1218 3262 non
1253 3207 1379 3262 ibit.
1414 3208 1491 3262 Os
1523 3212 1718 3262 autem
1761 3208 1915 3278 quod
1967 3207 2177 3262 menti-

524 3299 640 3361 tur,
667 3295 880 3350 occidit
909 3297 1188 3350 animam.

597 3387 670 3439 Et
697 3383 1001 3454 paulopost
1024 3385 1156 3455 [111.]
1180 3402 1191 3440 :
1218 3384 1323 3448 Qui
1357 3384 1738 3440 conﬁduntin
1769 3383 2180 3450 illum,intelli-

528 3477 666 3544 gent
695 3473 987 3528 veritatem
1017 3491 1029 3540 ;
1063 3481 1116 3527 et
1141 3473 1342 3528 fideles
1380 3473 1437 3526 in
1471 3473 1778 3529 dilectione
1809 3473 2184 3545 acquiescent

529 3561 614 3615 illi
643 3578 654 3615 :
681 3562 818 3632 quia
850 3562 1066 3616 donum
1088 3569 1145 3616 et
1177 3580 1285 3633 pax
1325 3567 1414 3616 est
1442 3561 1644 3617 electis
1678 3561 1854 3616 illius.
1881 3563 2046 3633 [mpii
2081 3580 2179 3616 au-

529 3656 644 3704 tem
681 3652 1004 3706 secundum
1035 3670 1158 3722 quae
1193 3651 1614 3720 cogitaverunt,
1639 3652 2059 3722 correptionem
2079 3652 2180 3706 ba-

531 3738 751 3793 bebunt
776 3737 874 3808 qui
910 3738 1287 3808 neglexerunt
1309 3739 1604 3808 justitiam
1628 3739 1740 3804 3,et
1770 3756 1802 3792 ει
1833 3738 2080 3793 Domino
2104 3756 2184 3793 rc-

527 3833 848 3882 cesserunt.
875 3828 1234 3898 Sapientiam
1267 3827 1424 3881 enim
1451 3834 1507 3881 et
1528 3827 1898 3898 disciplinam
1935 3828 2034 3898 qui
2081 3830 2180 3882 ab-

520 3915 675 3987 jicit,
737 3915 933 3970 infelix
985 3922 1092 3985 est,
1127 3917 1189 3970 Et
1216 3926 1334 3987 post
1363 3933 1463 3970 sca:
1488 3933 1701 3972 versus:
1736 3917 2020 3980 Quoniam
2049 3916 2184 3970 felix

528 4005 743 4059 sterilis
760 4010 816 4059 et
843 4004 1304 4076 incoinquinata,
1339 4021 1465 4076 quae
1500 4005 1742 4060 nescivit
1771 4010 1962 4060 torum
1999 4005 2056 4058 in
2091 4006 2185 4059 de-

526 4093 700 4161 licto;
743 4093 981 4148 habebit
1013 4094 1265 4148 fructum
1294 4094 1347 4147 in
1376 4094 1740 4165 respectione
1772 4094 2103 4148 animarum
2128 4094 2178 4148 ‘z

527 4187 584 4236 et
611 4181 788 4251 spado
821 4183 918 4252 qui
953 4199 1064 4236 non
1098 4187 1374 4253 operatus
1405 4197 1489 4238 est
1518 4199 1618 4254 per
1646 4200 1858 4237 manus
1899 4199 2038 4237 suas
2072 4182 2182 4236 ini-

528 4271 838 4343 quitatem,
872 4287 979 4328 nec
1009 4271 1284 4343 cogitavit
1307 4273 1587 4328 adversus
1606 4271 1919 4328 Dominum
1948 4273 2182 4343 nequis-

531 4362 701 4416 sima.

606 4452 670 4505 Et
696 4459 820 4521 post
849 4449 1386 4521 aliquantum[v1.]:
1434 4449 1649 4504 Audite
1697 4465 1854 4519 ergo,
1905 4466 2088 4520 reges,
2127 4454 2185 4503 et

535 4538 875 4609 intelligite;
910 4539 1132 4604 discite,
1159 4539 1629 4610 judices,tinium
1656 4538 2122 4608 terraajustitiam
2140 4540 2179 4593 ⁵.

538 4627 790 4682 Prabete
819 4645 1011 4696 aures,
1045 4645 1143 4682 vos
1177 4628 1274 4700 qui
1307 4627 1614 4682 continetis
1667 4627 2096 4696 multitudines,
2127 4634 2185 4683 et

537 4715 777 4789 placetis
808 4717 973 4772 vobis
1003 4717 1059 4771 in
1087 4716 1614 4771 turbisnationum.
1635 4716 1919 4779 Quoniam
1945 4716 2079 4770 data
2098 4725 2184 4772 est

536 4824 570 4862 a
594 4806 836 4861 Domino
869 4811 1128 4878 potestas
1159 4805 1406 4872 vobis,et
1425 4805 1609 4860 virtus
1639 4806 1711 4860 ab
1740 4803 2181 4877 Altissimo,qui

603 4909 617 4942 ¹
645 4906 810 4954 Sacra
835 4905 1023 4961 Biblia,
1062 4903 1389 4952 maledicum.

601 4969 624 5004 9
653 4968 894 5027 Vulgata,
926 4981 1091 5015 sermo
1119 4966 1376 5014 obscurus.

594 5034 615 5066 ³
643 5033 702 5081 In
723 5026 963 5094 Vulgata,
996 5029 1089 5094 qui
1119 5028 1456 5094 neglexerunt
1482 5030 1674 5092 justum
1710 5067 1722 5091 ,
1743 5030 1796 5077 in
1869 5043 2062 5091 graeco,
2129 5029 2183 5081 oi

529 5090 870 5143 ametesantés
900 5099 984 5140 (ou
1002 5090 1239 5139 Vriikaiou.

602 5160 622 5192 ι
651 5156 997 5204 Carnuteusis
1032 5156 1194 5204 codex
1218 5155 1373 5216 juxta
1405 5154 1681 5215 Vulgataln
1722 5155 1776 5202 in
1835 5153 1989 5201 editis
2029 5159 2081 5202 et
2127 5155 2177 5201 in

535 5222 688 5268 Gorb.
717 5220 838 5266 Mss.
874 5220 1068 5274 Bibliis,
1101 5218 1392 5265 animarum
1423 5221 1735 5264 sanctarum.
1763 5218 1936 5266 Abest.
1970 5222 2180 5264 sancta—

530 5297 663 5338 rum,
697 5285 722 5326 3
754 5295 946 5341 graeco.
1133 5324 1139 5328 .

591 5347 612 5378 5
641 5343 1032 5404 Voxjuxtitmm
1058 5357 1156 5390 uec
1189 5356 1239 5389 ω
1267 5342 1678 5405 Vulgatameciu
1699 5356 1872 5403 grmco
1895 5341 2176 5402 reperitur.

593 5409 666 5466 (a)
700 5407 770 5453 De
805 5409 964 5468 hujus
995 5406 1112 5454 libri
1147 5408 1360 5452 auctore
1389 5419 1492 5453 non
1523 5406 1597 5452 sic
1629 5406 1946 5466 loquebatur
1977 5405 2178 5468 Augusf

530 5469 675 5516 tinus
704 5472 758 5516 in
793 5469 863 5515 lib
915 5475 941 5515 2
976 5470 1040 5516 de
1078 5468 1328 5515 tmctriua
1359 5469 1672 5526 Christiana,
1706 5481 1818 5529 cap.
1846 5469 1889 5527 8,
1916 5481 1967 5514 ιι.
2005 5467 2174 5522 t3,sed

531 5544 648 5577 cum
683 5531 965 5592 Speculum
1001 5532 1137 5578 istud
1173 5531 1542 5587 concinnaret,
1571 5531 1680 5591 jam
1712 5532 2037 5590 deposuerat
2064 5529 2176 5634 opi-

533 5607 746 5634 mnnmn
783 5594 1002 5634 primum
1036 5607 1137 5634 una
1172 5593 1275 5634 illic
1299 5593 1586 5634 Snuientim
1620 5594 1810 5634 librum
1834 5593 1899 5634 ah
1929 5593 2052 5634 .lesn
2099 5621 2111 5634 ι
2137 5591 2176 5634 i-

533 5591 747 5639 nlunem
783 5594 1002 5652 primam
1036 5607 1141 5654 qua
1172 5593 1275 5640 illic
1299 5593 1586 5654 Sapientiae
1619 5594 1810 5640 librum
1834 5593 1899 5638 ab
1929 5593 2052 5639 Jesu
2099 5591 2176 5639 Si-

529 5656 656 5703 rach
689 5656 942 5716 scriptum
975 5655 1134 5702 fuisse
1167 5661 1485 5704 {ISSBI‘UCI‘BL
1515 5655 1710 5703 Confer
1744 5654 1832 5702 lib.
1870 5656 1896 5700 2
1929 5656 2175 5716 Retract,

534 5731 578 5765 c.
613 5721 656 5771 ιι,
690 5715 898 5765 necnon
922 5717 1322 5780 annotatinnem
1360 5718 1412 5765 in
1440 5718 1750 5780 praedictum
1784 5717 1974 5776 locum,
2028 5715 2115 5763 lib.
2149 5719 2176 5763 2

534 5782 600 5827 de
622 5781 874 5828 Doctrina
888 5779 1201 5828 Christiana.

1699 319 1763 380 S.
1812 316 2236 381 AUGUSTINI
2280 317 2694 381 SPECULUM

3785 317 3904 378 948

2257 450 2638 522 interrogabit
2667 466 2846 522 opera
2873 455 3090 518 vestra,
3111 453 3169 505 et
3191 449 3579 521 cogitationes
3611 449 3902 504 scrutabi-

2257 544 2353 594 tur
2376 543 2419 611 ί,
2443 541 2730 604 Quoniam
2765 557 2899 596 cum
2925 539 3135 596 essetis
3173 539 3425 594 ministri
3472 539 3634 611 regni
3693 539 3902 610 ipsius,

2258 645 2372 683 non
2405 634 2559 684 recte
2582 629 2920 700 judicastis,
2945 645 3131 700 neque
3161 627 3502 684 custodistis
3520 627 3707 698 legem
3728 627 3905 698 justi-

2261 717 2372 784 tiae,
2407 736 2594 790 neque
2614 719 2942 774 secundum
2972 717 3331 773 voluntatem
3375 716 3476 772 Dei
3534 716 3905 772 ambulastis.

2260 809 2558 862 Horrende
2589 813 2644 862 et
2675 807 2786 862 cito
2819 807 3129 879 apparebit
3164 806 3364 873 vobis;
3418 804 3700 876 quoniam
3755 805 3913 875 judi-

2261 897 2416 950 cium
2444 896 2854 965 durissimum,
2887 897 2981 951 his
3011 895 3111 967 qui
3169 900 3449 966 praesunt,
3509 895 3629 950 ﬁet.
3691 894 3912 967 Exiguo

2262 985 2418 1040 enim
2451 986 2792 1040 conceditur
2821 984 3262 1051 misericordia;
3299 988 3563 1055 potentes
3591 991 3785 1039 autem
3822 1000 3920 1054 po-

2263 1079 2451 1129 tenter
2507 1078 2796 1130 tormenta
2835 1074 3153 1145 patientur.
3212 1073 3338 1127 Non
3395 1073 3552 1127 enim
3611 1071 3920 1127 subtrahet

2267 1180 2578 1235 personam
2626 1163 2974 1234 cujusquam
3031 1162 3340 1231 Dominus,
3400 1178 3505 1216 nec
3563 1161 3923 1216 reverebitur

2268 1251 2738 1323 magnitudinem
2770 1253 3162 1322 cujusquam:
3197 1251 3474 1321 quoniam
3514 1249 3802 1321 pusillum
3865 1254 3920 1304 et

2268 1356 2548 1412 magnum
2581 1340 2707 1412 ipse
2739 1340 2962 1410 fecit,et
2991 1339 3292 1411 aequaliter
3323 1338 3406 1393 illi
3437 1355 3576 1393 cura
3595 1339 3769 1393 estde
3789 1355 3922 1392 om-

2270 1430 2465 1484 nibus.
2499 1429 2859 1485 Fortioribus
2891 1433 3085 1484 autem
3127 1427 3333 1483 fortior
3383 1428 3564 1482 instat
3595 1427 3921 1482 cruciatus.

2266 1519 2350 1573 Ad
2389 1536 2488 1573 vos
2519 1523 2736 1587 autem,
2763 1516 2903 1572 mali
2933 1533 3098 1590 reges
3118 1518 3162 1587 9,
3193 1521 3335 1572 sunt
3363 1516 3422 1571 hi
3441 1531 3746 1572 sermones
3782 1517 3924 1582 mei,

2272 1612 2336 1663 ut
2367 1607 2607 1663 discatis
2639 1607 3012 1680 sapientiam,
3045 1612 3103 1662 et
3133 1623 3248 1662 non
3281 1605 3581 1661 excidatis.
3614 1605 3724 1668 Qui
3763 1605 3926 1661 enim

2270 1695 2978 1768 custodierintjustitiam
3023 1695 3242 1766 juste‘,
3285 1694 3818 1766 justiﬁcabuntur;
3873 1700 3930 1750 et

2273 1786 2372 1858 qui
2403 1786 2714 1841 didicerint
2761 1785 2898 1852 ista,
2950 1783 3248 1840 invenient
3304 1784 3444 1855 quid
3504 1785 3924 1855 respondeant.

2273 1875 2679 1946 Concupiscite
2711 1891 2846 1947 ergo
2877 1889 3179 1929 sermones
3201 1890 3384 1939 meos,
3412 1873 3638 1945 diligite
3669 1871 3828 1943 illos,
3873 1877 3930 1928 et

2274 1961 2568 2018 habebitis
2598 1961 3181 2032 disciplinam.Clara
3209 1965 3298 2016 est
3326 1961 3504 2030 enim,
3530 1965 3588 2016 et
3616 1978 3747 2033 qua:
3779 1978 3931 2016 nun-

2276 2069 2454 2125 quam
2493 2057 2814 2107 marcescat
2843 2050 3132 2122 sapientia
3159 2067 3172 2115 ;
3213 2054 3271 2104 et
3290 2049 3456 2105 facile
3476 2050 3707 2106 videtur
3737 2051 3810 2106 ab
3837 2049 3930 2104 his

2277 2143 2374 2213 qui
2408 2141 2664 2212 diligunt
2693 2157 2821 2195 eam
2849 2156 2862 2209 ;
2896 2144 2953 2194 et
2974 2139 3272 2195 invenitur
3301 2139 3373 2194 ab
3403 2138 3496 2194 his
3528 2138 3627 2210 qui
3654 2144 3930 2210 quaerunt

2278 2231 2460 2286 illam.
2495 2235 2870 2302 Prmoccupat
2899 2229 2999 2300 qui
3030 2245 3094 2284 se
3123 2229 3566 2299 concupiscunt,
3600 2233 3664 2283 ut
3696 2228 3818 2284 illis
3869 2245 3932 2284 se

2281 2321 2531 2394 priorem
2564 2319 2857 2375 ostendat.
2891 2319 2999 2385 Qui
3031 2319 3100 2373 de
3133 2317 3263 2374 luce
3287 2317 3611 2389 vigilaverit
3641 2318 3711 2372 ad
3739 2317 3928 2385 illam,

2284 2427 2396 2465 non
2423 2409 2739 2464 laborabit:
2773 2407 3134 2463 assidentem
3162 2406 3318 2461 enim
3353 2405 3513 2460 illam
3546 2404 3807 2460 inveniet
3847 2405 3931 2459 fo-

2284 2499 2447 2554 ribus
2479 2497 2624 2552 suis.
2658 2497 2920 2565 Cogitare
2941 2495 3096 2551 enim
3118 2493 3521 2549 deillasensus
3543 2499 3632 2548 est
3649 2509 3933 2548 consum-

2286 2591 2478 2643 matus
2510 2604 2522 2641 :
2558 2591 2614 2641 et
2639 2587 2736 2656 qui
2771 2583 3097 2656 vigilaverit
3127 2600 3228 2656 pro
3260 2583 3378 2648 illa,
3402 2583 3514 2637 cito
3537 2581 3646 2637 erit
3667 2599 3934 2638 securus.

2285 2676 2570 2741 Quoniam
2604 2677 2814 2746 dignos
2845 2690 2906 2728 se
2936 2673 3063 2744 ipsa
3112 2672 3384 2727 circumit
3443 2687 3727 2743 quarens,
3775 2675 3833 2726 et
3876 2670 3935 2725 in

2285 2766 2394 2820 viis
2424 2765 2690 2820 ostendet
2712 2763 2904 2818 seillis
2927 2762 3275 2830 hilariter,et
3298 2761 3354 2816 in
3379 2760 3538 2816 omni
3570 2760 3938 2832 providentia

2287 2854 2541 2910 occurrit
2575 2852 2708 2907 illis.
2743 2852 2980 2906 initium
3013 2850 3166 2906 enim
3193 2849 3351 2905 illius
3379 2849 3785 2905 verissimaest
3813 2849 3937 2904 dis-

2286 2942 2514 3014 ciplinae
2547 2940 3042 3012 concupiscentia.
3077 2943 3224 2994 Cura
3245 2955 3381 3010 ergo
3414 2937 3932 3010 disciplinaedilec-

2287 3031 2366 3086 tio
2398 3037 2524 3098 est;
2558 3035 2613 3084 et
2641 3029 2872 3085 dilectio
2905 3029 3219 3084 custoditio
3253 3027 3445 3099 legum
3477 3027 3636 3082 illius
3657 3031 3775 3082 est:
3799 3043 3931 3083 cus-

2288 3120 2491 3175 toditio
2524 3125 2723 3174 autem
2759 3118 2952 3189 legum
3005 3117 3417 3172 conﬁrmatio‘
3474 3114 3933 3186 incorruptionis

2289 3213 2416 3275 est;
2451 3206 2809 3278 incorruptio
2842 3212 3038 3261 autem
3071 3205 3208 3260 facit
3249 3221 3375 3260 esse
3407 3205 3739 3276 proximum
3792 3203 3930 3260 Deo.

2290 3297 2774 3370 Concupiscentia
2796 3295 2995 3367 itaque
3015 3295 3313 3367 sapientiai
3335 3295 3443 3349 ded
3457 3293 3576 3349 ucit
3592 3293 3660 3348 ad
3686 3309 3934 3366 regnum

2293 3392 2663 3459 perpetuum.
2699 3386 2756 3441 Si
2791 3401 2925 3456 ergo
2956 3383 3326 3440 delectamini
3371 3383 3611 3438 sedibus
3654 3387 3710 3437 et
3755 3387 3935 3438 stem-

2293 3477 2572 3541 matibus,
2607 3491 2771 3547 reges
2803 3472 3024 3546 populi,
3076 3472 3298 3544 diligite
3345 3471 3713 3545 sapientiam,
3764 3474 3830 3527 ut
3879 3473 3938 3526 in

2294 3571 2640 3638 perpetuum
2668 3563 2940 3635 regnetis.

2365 3656 2427 3709 Et
2456 3654 2620 3725 paulo
2651 3661 2766 3720 post
2789 3652 2958 3722 [vnn]
2989 3667 3002 3705 :
3037 3651 3166 3706 Etsi
3195 3650 3487 3722 justitiam
3536 3649 3668 3721 quis
3724 3649 3940 3720 diligit,

2292 3744 2522 3798 labores
2541 3741 2719 3811 hujus
2749 3756 2994 3812 magnas
3015 3740 3234 3794 habent
3261 3739 3526 3794 virtutes.
3559 3737 3941 3794 Sobrietatem

2293 3831 2448 3886 enim
2481 3835 2538 3886 et
2567 3829 2914 3901 sapientiam
2937 3829 3122 3894 docet,
3146 3833 3203 3882 et
3223 3828 3521 3899 justitiam
3541 3833 3594 3882 et
3636 3827 3938 3895 virtutem,

2295 3920 2510 3991 quibus
2544 3918 2746 3974 utilius
2782 3916 2924 3972 nihil
2957 3917 3016 3972 in
3046 3919 3163 3972 vita
3189 3917 3250 3971 ht.
3268 3917 3548 3973 minibus.

2366 4011 2519 4065 Nunc
2549 4010 2661 4069 iam
2690 4007 2754 4062 de
2785 4007 2924 4062 libro
2939 4009 3034 4078 qui
3050 4009 3469 4062 Ecclesiasticus
3481 4007 3708 4074 dicitur,
3732 4022 3943 4077 ponen-

2293 4099 2363 4154 da
2393 4103 2520 4153 sunt
2550 4113 2676 4169 quae
2705 4097 2979 4152 videntur.
3012 4097 3086 4152 De
3117 4113 3220 4167 quo
3250 4095 3339 4151 hic
3365 4099 3530 4152 etiam
3543 4112 3607 4151 ea
3624 4096 3830 4151 dixisse
3849 4096 3942 4151 de-

2292 4197 2475 4259 puter,
2508 4203 2628 4258 quae
2657 4186 2720 4241 de
2751 4187 3172 4241 Provorbiorum
3208 4185 3352 4240 libro
3407 4201 3531 4240 sum
3582 4185 3947 4256 praelocutus;

2293 4278 2546 4349 quamvis
2577 4278 2633 4330 in
2667 4277 2769 4330 isto
2800 4275 3175 4330 Ecclesiastico
3229 4275 3398 4346 plura
3456 4275 3756 4346 repererim
3816 4274 3949 4330 huic

2295 4367 2446 4437 operi
2475 4365 2800 4420 necessaria.

2819 4461 2907 4516 DE
2949 4460 3509 4517 ECCLESIASTICO.

2365 4555 2519 4624 [Cap.
2540 4552 2601 4622 1.]
2631 4551 2833 4606 Timor
2859 4550 3085 4605 Domini
3122 4549 3377 4605 scientia:
3411 4550 3948 4623 religiositas.Reli-

2293 4642 2537 4714 giositns
2551 4640 2839 4696 custodiet
2856 4639 3269 4710 etjustiticabit
3289 4638 3841 4710 cor,jucunditatem
3857 4646 3945 4695 at-

2294 4749 2407 4803 que
2437 4730 2717 4803 gaudium
2733 4727 2913 4784 dabit.
2947 4727 3201 4783 Timenti
3238 4729 3546 4784 Dominum
3577 4730 3723 4784 bene
3752 4730 3949 4798 erit,ct

2293 4822 2349 4876 in
2385 4821 2592 4876 diebus
2622 4817 3150 4874 consummationis
3174 4817 3738 4874 illiusbenedicetur.
3758 4818 3947 4874 Pleni-

2292 4911 2434 4965 tudo
2467 4907 2766 4980 sapientiae
2797 4912 2886 4962 est
2900 4907 3107 4962 timere
3133 4911 3334 4974 Deum,
3366 4912 3423 4962 et
3437 4907 3734 4980 plenitudo
3757 4925 3791 4963 a
3821 4908 3941 4962 fru-

2293 5000 2484 5055 stibus
2516 4997 2693 5053 illius.
2729 5001 2792 5054 Et
2822 5007 2936 5064 post
2966 4997 3099 5052 duo:
3131 5012 3322 5052 versus
3350 5013 3362 5051 :
3395 4999 3618 5054 Corona
3643 4996 3942 5068 sapientiae

2295 5087 2740 5144 timorDomini.
2772 5088 2834 5141 Et
2854 5093 2973 5157 post
3003 5096 3240 5158 quatuor
3257 5103 3442 5142 versus
3462 5105 3480 5141 :
3505 5086 3686 5141 Radix
3717 5085 3946 5157 sapien-

2295 5178 2382 5233 tia:
2416 5183 2505 5232 est
2537 5178 2742 5232 timere
2779 5176 3278 5231 Dominumzrami
3314 5175 3646 5230 enimillius
3677 5174 3944 5246 longzevi.

2295 5270 2350 5322 In
2371 5266 2664 5322 thesauris
2681 5265 2980 5336 sapientiae
2998 5265 3327 5321 intellectus
3347 5271 3456 5326 est.
3473 5273 3521 5320 et
3543 5265 3794 5321 scientiae
3810 5263 3944 5320 reli-

2356 5407 2366 5473 t
2396 5403 2482 5473 Sic
2510 5401 2654 5473 51.93..
2674 5401 3162 5473 juxta‘Yulgatam.
3195 5402 3260 5451 At
3283 5401 3408 5450 editi
3433 5401 3689 5452 ferebant.
3711 5402 3760 5447 et
3788 5400 3842 5448 in
3863 5413 3941 5448 co-

2285 5464 2631 5527 gitationibus
2651 5464 2984 5512 scrutabitur.

2351 5528 2374 5562 9
2400 5529 2562 5576 Abest
2592 5541 2713 5580 vox,
2746 5527 2890 5585 mali,
2925 5541 2956 5575 a
2988 5526 3233 5583 Vulgata.
3300 5527 3458 5574 Porro
3515 5526 3567 5574 in
3625 5537 3781 5587 graec.
3838 5538 3934 5587 pro

2288 5605 2432 5647 voce,
2465 5604 2622 5650 rcges,
2658 5589 2866 5651 legitur.
2899 5588 3158 5636 turanuoi.

2347 5656 2368 5689 ⁸
2400 5655 2456 5701 lu
2480 5647 2889 5715 V‘ulgatafjusta
2905 5651 3080 5715 iuste:
3109 5653 3158 5698 in
3179 5665 3374 5711 graeco,
3405 5649 3618 5715 horidsis
3652 5652 3712 5715 ta
3767 5647 3927 5715 horia.

2345 5718 2365 5750 δ
2391 5716 2474 5763 Sic
2499 5716 2553 5762 in
2578 5711 2735 5762 éditis
2766 5720 2819 5762 et
2851 5715 2970 5762 Mss.
2999 5713 3154 5776 juxta
3197 5727 3373 5776 grege,
3436 5711 3700 5762 beoaidsis.
3759 5715 3821 5761 At
3872 5711 3927 5760 in

2285 5777 2511 5840 Vulgata
2538 5777 2752 5839 legitur,
2787 5774 3156 5826 consumnatio.
