4200 6342
184 310 299 371 957

188 452 425 515 quatuor
440 460 663 500 versus:
686 443 812 499 Non
840 444 1044 499 credas
1068 442 1307 498 inimico
1321 446 1421 497 tuo
1441 442 1498 497 in
1518 445 1799 497 aeternum
1827 458 1839 495 :

187 534 341 590 sicut
362 534 517 588 enim
544 531 1841 605 seramentum,aaruginatnequitiaillius.Etsi

188 623 541 679 humiliatus
566 624 736 678 vadat
762 640 999 686 curvus,
1034 622 1218 693 adjice
1242 622 1506 677 animum
1531 625 1700 676 tuum
1721 622 1763 687 ί,
1786 623 1842 675 et

187 712 421 767 custodi
452 718 507 767 te
538 712 610 766 ab
641 710 765 767 illo.
796 711 921 767 Non
953 716 1182 767 statuas
1215 711 1379 765 illum
1411 727 1589 782 penes
1620 715 1697 779 te,
1736 726 1838 764 nec

187 802 392 857 sedeat
411 801 482 855 ad
506 801 800 855 dexteram
833 805 1029 866 tuam;
1058 817 1129 855 ne
1151 816 1465 855 conversus
1488 804 1601 854 stet
1623 798 1681 853 in
1715 798 1837 853 loco

186 891 350 945 tuo’:
389 906 460 944 ne
492 891 636 944 forte
666 905 980 944 conversus
1012 889 1069 943 in
1102 889 1293 945 locum
1327 894 1521 956 tuum,
1580 888 1840 959 inquirat

183 977 525 1032 cathedram
540 981 783 1043 tuam,et
798 976 855 1030 in
870 976 1188 1032 novissimo
1202 992 1486 1047 agnoscas
1498 976 1671 1029 verba
1685 990 1835 1041 mea,

183 1072 241 1120 et
274 1066 329 1120 in
364 1066 738 1121 sermonibus
772 1066 918 1121 meis
949 1064 1264 1120 simuleris.
1302 1065 1443 1129 Quis
1465 1063 1838 1119 miseribetur

181 1155 535 1211 incantatori
562 1172 593 1210 a
614 1160 881 1226 serpente
902 1170 1197 1226 percusso,
1224 1158 1280 1208 et
1310 1152 1584 1207 omnibus
1601 1152 1699 1222 qui
1727 1169 1833 1222 ap-

184 1245 459 1316 propiant
480 1244 727 1299 bestiis?
756 1244 848 1299 Sic
879 1249 935 1299 et
960 1244 1059 1315 qui
1091 1244 1405 1298 comitatur
1424 1259 1557 1296 cum
1581 1242 1701 1296 viro
1723 1240 1833 1295 ini-

183 1351 321 1404 quo,
352 1338 410 1388 et
440 1332 748 1388 obvolutus
778 1340 868 1387 est
898 1332 956 1386 in
1001 1333 1255 1403 peccatis
1311 1332 1475 1402 eius:
1522 1348 1639 1385 una
1692 1330 1835 1385 hora

182 1428 380 1478 tecum
413 1420 810 1495 permanebit;
844 1420 891 1477 si
924 1425 1116 1477 autem
1137 1419 1537 1487 declinaveris,
1564 1436 1678 1475 non
1693 1436 1830 1491 sup-

184 1512 529 1584 portahit.ln
554 1510 727 1567 labiis
748 1511 874 1566 suis
895 1509 1157 1565 indulcat
1182 1510 1480 1577 inimicus,
1503 1514 1559 1564 et
1578 1509 1636 1564 in
1660 1509 1833 1565 corde

184 1600 649 1668 suoinsidiatur,
674 1601 1056 1656 utsubvertat
1077 1601 1214 1654 tein
1260 1600 1503 1654 foveam.
1548 1601 1609 1653 In
1645 1598 1831 1653 oculis

182 1688 308 1745 suis
330 1688 686 1762 lacrymatur
704 1690 1126 1757 inimicus;etsi
1144 1689 1555 1745 invenerittem
1568 1706 1698 1761 pus,
1714 1705 1828 1743 non

181 1779 495 1834 ratiabitur
514 1779 824 1851 sanguine.
852 1779 910 1835 Si
956 1778 1310 1834 incurrerint
1332 1778 1489 1834 mala
1516 1779 1643 1845 tibi,
1672 1779 1829 1834 inve-

178 1869 305 1923 nies
337 1884 469 1923 cum
501 1867 620 1923 illis
650 1868 922 1939 priorem.
958 1870 1021 1923 In
1055 1867 1240 1923 oculis
1296 1869 1423 1924 suis
1474 1868 1831 1939 lacrymatur

175 1957 477 2027 inimicus,
511 1961 569 2013 et
600 1958 769 2029 quasi
804 1958 1091 2027 adjuvans
1123 1957 1398 2013 suffodiat
1420 1957 1649 2029 plantas
1672 1961 1823 2012 tuas.

174 2048 365 2117 Caput
392 2062 566 2102 suum
600 2048 877 2116 movebit,
910 2051 965 2102 et
998 2046 1337 2118 plaudebit3
1372 2064 1581 2114 manu;
1609 2048 1825 2102 stmul-

174 2141 239 2191 ta
269 2151 584 2190 susurrans
614 2134 999 2190 commutabit
1028 2134 1250 2190 vultum
1283 2152 1479 2189 suum.

249 2226 314 2280 Et
339 2228 458 2296 post
486 2227 777 2293 sexaginta
805 2228 855 2278 et
883 2240 1054 2279 unum
1075 2239 1259 2279 versus
1290 2226 1436 2296 [χιιι]
1465 2241 1477 2279 :
1542 2226 1694 2279 Bona
1738 2228 1828 2280 est

176 2314 533 2377 substantia,
565 2313 656 2368 cui
692 2330 805 2369 non
835 2318 924 2369 est
958 2320 1257 2385 peccatum
1321 2316 1376 2369 in
1430 2313 1822 2370 conscientia:

178 2407 235 2459 et
275 2403 641 2473 nequissima
669 2407 983 2474 paupertas
1014 2403 1070 2457 in
1105 2420 1202 2459 ore
1233 2405 1422 2476 impii.

254 2493 316 2547 Et
335 2502 457 2565 post
478 2501 584 2548 tres
600 2509 784 2548 versus
807 2492 987 2565 [x1v.]:
1014 2494 1225 2549 Beatus
1246 2494 1333 2548 vir
1354 2495 1453 2565 qui
1474 2511 1585 2549 non
1611 2500 1702 2550 est
1739 2495 1823 2549 la-

174 2598 319 2652 psus
337 2582 509 2637 verbo
531 2598 598 2636 ex
611 2599 709 2637 ore
732 2588 925 2649 suo,et
955 2599 1067 2638 non
1091 2587 1179 2638 est
1202 2585 1544 2640 stimulatus
1565 2584 1621 2638 in
1648 2584 1824 2639 tristi-

174 2670 255 2726 tia
278 2671 499 2727 delicti.
528 2671 682 2727 Felix
703 2672 802 2743 qui
825 2689 939 2726 non
964 2672 1169 2727 habuit
1190 2672 1371 2727 animi
1394 2673 1818 2742 suitristitiam,

173 2765 358 2815 etnon
384 2761 597 2816 excidit
619 2762 691 2816 ab
715 2777 816 2831 spe
840 2778 966 2816 sua.
991 2762 1129 2816 Viro
1160 2762 1372 2833 cupido
1389 2767 1446 2817 et
1465 2764 1653 2817 tenaci
1693 2762 1819 2818 sine

168 2850 395 2905 ratione
417 2855 507 2905 est
525 2850 889 2916 substantia;
917 2855 972 2905 et
998 2850 1221 2905 homini
1246 2851 1423 2906 livido
1444 2852 1513 2906 ad
1540 2852 1678 2923 quid
1714 2868 1815 2907 au-

165 2955 297 2993 rum
313 2938 341 2993 ?
363 2941 426 2994 Et
440 2948 559 3011 post
577 2940 985 3010 quatuordecim
1000 2956 1211 2995 versus:
1233 2940 1361 3008 Fili,
1387 2940 1436 2995 si
1486 2940 1687 3010 habes,
1724 2941 1818 2999 be-

164 3028 368 3082 neface
390 3032 669 3095 tecum,et
686 3030 796 3083 Deo
809 3028 1017 3100 dignas
1030 3027 1417 3099 obligationes
1434 3030 1818 3084 oﬁ‘er.Memor

164 3121 290 3171 esto
314 3116 592 3188 quoniam
621 3134 776 3172 mors
794 3134 911 3172 non
935 3120 1214 3182 tardat,et
1234 3117 1812 3174 testamentuminfe-

166 3222 389 3271 rorum,
424 3204 560 3277 quia
590 3207 1057 3262 demonstratum
1098 3211 1187 3261 est
1218 3206 1361 3262 tibi:
1395 3210 1813 3264 testamentum

165 3294 321 3349 enim
344 3296 524 3366 hujus
542 3295 742 3350 mundi
768 3300 952 3350 morte
979 3295 1431 3350 morietur.Ante
1449 3301 1697 3352 mortem
1716 3298 1812 3353 be-

164 3384 328 3439 nefac
350 3384 536 3440 amico
558 3388 742 3450 tuo,et
762 3386 1090 3440 secundum
1112 3385 1257 3440 vires
1279 3390 1411 3440 tuas
1437 3386 1813 3460 exporrigens

162 3473 240 3528 da
272 3473 533 3544 pauperi.
571 3476 641 3529 Et
668 3477 783 3544 post
814 3473 1085 3529 sexdecim
1100 3490 1321 3528 versus:
1356 3474 1568 3529 Beatus
1595 3475 1683 3529 vir
1712 3477 1812 3547 qui

159 3559 219 3614 in
255 3561 545 3632 sapientia
576 3561 922 3631 morabitur,
954 3566 1011 3616 et
1039 3561 1141 3633 qui
1168 3562 1227 3617 in
1251 3561 1489 3632 justitia
1527 3580 1635 3618 sua
1685 3580 1811 3619 me-

158 3650 501 3719 ditabitur‘,
534 3656 593 3705 et
621 3651 679 3705 in
714 3668 890 3706 sensu
926 3667 1032 3705 suo
1090 3651 1370 3722 cogitabit
1413 3652 1807 3724 circumspec-

155 3739 376 3793 tionem
410 3740 541 3795 Dei:
574 3739 682 3806 Qui
715 3740 1004 3811 excogitat
1033 3740 1157 3795 vias
1189 3740 1351 3795 illius
1383 3742 1440 3795 in
1473 3743 1647 3797 corde
1676 3760 1808 3812 suo,

152 3834 212 3883 et
244 3829 301 3882 in
334 3828 695 3883 absconditis
726 3828 886 3883 illius
918 3828 1270 3900 intelligens.

229 3919 295 3972 Et
315 3921 436 3989 post
452 3918 656 3988 viginti
674 3920 913 3990 quinque
932 3934 1114 3973 versus
1137 3921 1311 3989 [xv.]:
1341 3918 1618 3975 Homines
1641 3920 1804 3975 stulti

154 4023 273 4061 non
296 4006 736 4077 apprehendent
765 4005 964 4073 illam;
997 4013 1054 4062 et
1084 4007 1352 4062 homines
1374 4009 1591 4063 sensati
1617 4008 1806 4064 obvia-

154 4095 308 4149 hunt
336 4094 441 4149 illi.
476 4095 755 4151 Homines
786 4096 951 4150 stulti
980 4113 1094 4152 non
1126 4096 1582 4152 videbuntillam
1602 4115 1614 4163 ;
1637 4097 1806 4169 longe

151 4186 313 4239 enim
346 4184 510 4239 abest
540 4201 573 4238 a
603 4184 879 4256 superbia
909 4189 965 4240 et
995 4185 1149 4240 dolo.
1182 4185 1304 4239 Viri
1336 4188 1647 4242 mendaces
1686 4204 1800 4242 non

154 4278 329 4328 erunt
347 4289 636 4329 memores
672 4272 831 4328 illius
855 4292 868 4342 ;
893 4279 951 4330 et
974 4274 1080 4329 viri
1102 4291 1334 4331 veraces
1354 4275 1724 4332 invenientur
1741 4277 1799 4331 in

155 4362 279 4428 illa,
314 4368 369 4417 et
386 4379 725 4418 successum
751 4362 1054 4419 habebunt
1075 4380 1263 4435 usque
1283 4365 1351 4419 ad
1376 4364 1798 4435 inspectionem

145 4452 273 4506 Dei.
308 4452 433 4507 Non
467 4458 555 4507 est
584 4452 849 4523 speciosa
880 4452 1009 4508 laus
1043 4454 1099 4507 in
1134 4470 1231 4509 ore
1262 4454 1583 4525 peccatoris
1610 4472 1624 4521 ;
1649 4472 1797 4526 quo-

144 4540 308 4595 niam
340 4558 374 4595 a
406 4545 517 4596 Deo
546 4540 808 4612 profecta
837 4546 927 4597 est
957 4542 1265 4613 sapientia.
1300 4542 1607 4614 Sapientia
1639 4545 1795 4600 enim

148 4628 245 4684 Dei
268 4630 483 4684 astabit
507 4628 635 4684 laus
660 4647 674 4697 ;
697 4634 753 4685 et
775 4630 833 4685 in
856 4647 955 4686 ore
978 4632 1132 4686 ﬁdeli
1158 4632 1506 4698 abundabit,
1538 4638 1594 4687 et
1616 4634 1798 4689 domi-

142 4723 318 4773 nator
348 4736 477 4774 eam
513 4717 597 4773 illi
630 4719 811 4774 dabit.
834 4719 957 4773 Non
988 4719 1226 4785 dixeris,
1252 4721 1358 4775 Per
1390 4726 1568 4777 Deum
1603 4722 1794 4786 abest;

144 4824 277 4880 quas
298 4807 452 4863 enim
479 4807 603 4864 odit
626 4823 699 4863 ne
721 4806 944 4863 feceris.
972 4808 1096 4864 Non
1123 4810 1305 4877 dicas,
1344 4810 1445 4866 Ille
1466 4826 1559 4866 me
1583 4811 1796 4883 impla-

208 4990 230 5053 '_
254 4987 338 5036 Sic
366 4986 562 5049 Regius
584 4986 935 5053 codcxjuxta
964 4987 1260 5053 Vulgatam.
1294 4989 1431 5039 Editi
1463 5004 1605 5050 vero,
1631 4992 1797 5053 abjice

136 5051 371 5099 animum
394 5053 566 5097 tuum:
601 5050 674 5098 uti
706 5052 864 5099 etiam
897 5049 1395 5101 habet'Bibliorum
1447 5054 1615 5103 codex
1670 5049 1794 5105 Cor-

140 5112 362 5163 beinsis.

203 5177 225 5210 ³
255 5176 325 5223 Ex
359 5175 577 5237 Vulgata
613 5176 664 5224 in
696 5176 908 5225 excusis
933 5179 1259 5237 expunctum
1292 5181 1371 5226 est
1400 5178 1552 5232 illud.
1582 5193 1648 5227 ne
1674 5194 1793 5228 con-

139 5252 316 5303 uersus
332 5242 429 5286 stet
450 5236 507 5303 in
531 5238 636 5286 loco
666 5244 752 5288 tuo
776 5255 794 5287 :
824 5238 967 5303 quod
992 5236 1051 5303 in
1085 5240 1352 5303 omnibus
1399 5242 1795 5303 exemplaribus

142 5301 312 5367 hujus
338 5300 513 5363 operis
545 5305 597 5349 et
628 5303 678 5349 in
718 5300 953 5367 antiquis
982 5301 1145 5367 Corb.
1167 5301 1299 5367 Bibl.
1331 5300 1627 5365 reperitur;
1658 5308 1793 5367 posi-

140 5370 267 5430 tum
291 5363 424 5430 forte
455 5378 644 5430 progeo
678 5365 819 5425 quod
854 5366 905 5413 in
938 5378 1111 5426 graeco
1134 5363 1345 5427 legitur,
1370 5363 1451 5414 me
1493 5363 1795 5430 anatrépsas

140 5442 193 5475 se
224 5428 301 5473 ste
326 5425 411 5488 cpi
441 5430 523 5474 ton
552 5428 701 5488 topon
724 5442 829 5475 sou.

177 5490 229 5598 l3
261 5488 359 5597 Slict
376 5490 533 5537 etiam
564 5488 689 5539 olim
724 5491 857 5540 Bibl.
888 5490 1041 5539 Corb.
1106 5490 1257 5537 Nunc
1314 5495 1493 5539 autem
1552 5493 1790 5554 Vulgata,

198 5565 266 5598 an
308 5565 333 5597 ε
364 5587 375 5598 .

139 5565 375 5615 pmnuet.

213 5615 234 5647 ⁸
266 5615 442 5672 Abest,
471 5625 581 5672 sua,
613 5627 643 5662 a
672 5615 833 5677 Regio
862 5616 1077 5665 codice:
1109 5616 1259 5664 abest
1288 5615 1467 5675 etiam,
1514 5630 1620 5674 suo,
1673 5623 1795 5681 post

142 5690 351 5736 vocem,
380 5690 546 5725 sensu.

1449 310 1551 370 DE
1593 309 2032 374 SCRIPTURA
2073 310 2352 373 SACBA.

3487 313 3606 376 958

1956 444 2141 498 navit:
2167 461 2279 501 non
2313 446 2468 502 enim
2488 446 2803 503 necessarii
2826 449 2967 502 sunt
2989 445 3072 501 illi
3094 424 3364 501 homines
3412 446 3597 517 impii.

1952 531 2135 588 Omne
2157 541 2663 591 exsecramentum
2689 536 2909 592 erroris
2928 535 3050 591 odit
3071 536 3242 601 Deus,
3268 539 3323 589 et
3346 552 3458 589 non
3491 535 3602 590 erit

1949 622 2201 678 amabile
2232 623 2577 680 timentibus
2609 624 2798 679 illum.
2840 630 2987 679 Deus
3006 626 3079 680 ab
3109 625 3274 679 initio
3297 624 3602 679 constituit

1949 709 2273 773 hominem.
2298 718 2353 767 et
2372 713 2609 784 reliquit
2633 714 2798 768 illum
2825 714 2883 767 in
2909 730 3086 769 manu
3114 712 3341 768 consilii
3367 713 3600 767 8111.Αά-

1940 798 2083 869 jecit
2118 804 2393 857 mandata
2422 807 2479 857 et
2511 807 2797 874 prmcepta
2826 820 2932 857 sua
2958 820 2970 857 :
3005 802 3053 857 si
3084 800 3337 856 volueris
3368 815 3601 856 servare

1949 889 2244 960 mandata,
2277 893 2704 947 conservabunt
2735 897 2810 956 te,
2843 896 2899 946 et
2930 890 2987 945 in
3022 894 3364 961 perpetuum
3425 890 3599 945 ﬁdem

1948 976 2222 1048 placitam
2253 980 2458 1035 facere.
2493 980 2779 1052 Apposuit
2809 980 2909 1035 tibi
2943 996 3155 1051 aquam
3189 985 3245 1034 et
3265 979 3461 1049 ignem
3489 1002 3502 1036 ;
3526 980 3598 1034 ad

1946 1069 2100 1137 quod
2120 1068 2275 1123 voles
2300 1071 2527 1143 porrige
2546 1088 2788 1126 manum
2812 1074 3146 1126 tuam.Ante
3171 1071 3465 1125 hominem
3481 1069 3599 1125 vita

1946 1160 2003 1209 et
2026 1158 2427 1222 mors,bonum
2453 1165 2510 1214 et
2534 1160 2753 1214 malum
2774 1179 2785 1226 ;
2803 1160 2957 1231 quod
2982 1159 3597 1230 placueritei,dabitur

1944 1244 2048 1299 illi.
2073 1246 2354 1309 Quoniam
2384 1248 2568 1303 multa
2596 1249 2887 1320 sapientia
2910 1248 3093 1317 Dei,et
3116 1248 3280 1304 fortis
3302 1248 3360 1302 in
3390 1252 3594 1318 poten-

1947 1334 2047 1401 tia,
2091 1335 2294 1391 videns
2353 1354 2558 1393 omnes
2617 1338 2743 1392 sine
2792 1336 3249 1393 intermissione.
3299 1335 3462 1391 Oculi
3492 1335 3591 1392 Dei

1942 1423 2013 1477 ad
2045 1423 2319 1480 timentes
2348 1442 2505 1497 eum,
2534 1430 2590 1482 et
2620 1427 2743 1498 ipse
2776 1429 3054 1498 agnoscet
3080 1441 3315 1481 omnem
3356 1440 3591 1495 operam

1941 1510 2220 1569 hominis.
2253 1515 2483 1570 Nemini
2517 1516 2820 1571 mandavit
2850 1514 3029 1586 impie
3060 1530 3229 1586 agere
3254 1532 3267 1581 ;
3293 1518 3349 1568 et
3371 1512 3595 1568 nemini

1941 1602 2102 1656 dedit
2158 1604 2417 1675 spatium
2478 1606 2778 1676 peccandi.
2839 1608 2964 1660 Non
3024 1603 3178 1658 enim
3231 1602 3596 1674 concupiscit

1941 1691 2384 1748 multitudinem
2416 1694 2667 1750 ﬁliorum
2700 1693 3027 1748 inﬁdelium
3064 1697 3121 1748 et
3150 1691 3472 1747 inutilium.

2011 1783 2172 1853 [κη]
2198 1784 2267 1837 Et
2294 1784 2728 1854 nejucunderis
2750 1784 2806 1837 in
2837 1782 2975 1838 ﬁliis
2998 1781 3217 1854 impiis,
3237 1782 3284 1837 si
3312 1780 3591 1852 multipli-

1939 1874 2182 1925 centur:
2219 1888 2331 1926 non
2355 1871 2665 1927 oblecteris
2686 1889 2863 1943 super
2884 1871 3116 1943 ipsos,si
3142 1886 3255 1925 non
3293 1874 3381 1925 est
3411 1870 3591 1925 timor

1939 1959 2036 2012 Dei
2061 1976 2195 2014 cum
2219 1960 2357 2016 illis.
2385 1961 2508 2015 Non
2538 1962 2741 2015 credas
2767 1961 2892 2014 vitae
2918 1960 3176 2027 illorum,
3210 1964 3267 2013 et
3300 1975 3369 2013 ne
3390 1974 3589 2029 respe-

1936 2049 2090 2104 xeris
2122 2049 2181 2103 in
2213 2048 2444 2105 labores
2475 2050 2730 2105 illorum.
2762 2049 2963 2105 Melior
2993 2053 3083 2103 est
3111 2048 3266 2103 enim
3316 2064 3471 2102 unus
3515 2047 3591 2101 ti-

1939 2153 2105 2193 mens
2150 2137 2358 2205 Deum,
2410 2154 2587 2209 quam
2639 2137 2799 2193 mille
2849 2137 3064 2192 ﬁlii:et
3094 2136 3235 2192 utile
3266 2136 3416 2191 mori
3465 2136 3593 2192 sine

1938 2224 2094 2292 ﬁliis,
2129 2243 2306 2297 quam
2340 2227 2671 2299 relinquere
2704 2227 2855 2282 ﬁlios
2889 2226 3122 2297 impios.
3156 2230 3364 2297 Etpost
3390 2225 3591 2293 viginti

1933 2322 1985 2368 et
2014 2331 2187 2369 unum
2214 2332 2442 2371 versus:
2471 2317 2593 2373 Non
2626 2316 2811 2381 dicas,
2842 2317 2886 2370 A
2916 2320 3028 2371 Deo
3060 2314 3389 2370 abscondar
3416 2319 3474 2369 et
3519 2329 3588 2369 ex

1935 2419 2170 2459 summo
2202 2406 2336 2476 quis
2370 2406 2481 2460 mei
2519 2406 2989 2461 memorabitur?

2005 2494 2073 2548 Et
2087 2492 2273 2564 paulo
2292 2499 2406 2565 post
2427 2494 2740 2565 [xvn.]Non
2766 2499 2905 2548 sunt
2924 2494 3213 2549 absconsa
3235 2494 3588 2548 testamenta

1934 2598 2035 2653 per
2056 2582 2427 2653 iniquitatem
2452 2582 2776 2651 illorum,et
2796 2600 2997 2638 omnes
3022 2582 3359 2652 iniquitates
3380 2598 3583 2637 eorum

1930 2669 1987 2723 in
2010 2676 2322 2742 conspectu
2347 2672 2467 2726 Dei.
2498 2672 2873 2743 Eleemosyna
2894 2672 2995 2725 viri
3023 2672 3189 2743 quasi
3213 2670 3583 2742 signaculum

1929 2774 2060 2813 cum
2086 2760 2296 2830 ipso,et
2316 2760 2559 2831 gratiam
2581 2760 2839 2814 hominis
2862 2761 3028 2831 quasi
3051 2759 3333 2831 pupillam
3355 2774 3586 2814 conser-

1927 2849 2122 2903 vabit:
2155 2853 2210 2902 et
2241 2854 2440 2919 postea
2465 2854 2751 2919 resurget,
2785 2855 2840 2902 et
2871 2849 3152 2903 retribuet
3181 2847 3300 2902 illis
3324 2848 3582 2902 retribu-

1925 2937 2145 2991 tionem
2180 2938 2496 3008 unicuique
2527 2938 2587 2991 in
2621 2942 2799 3008 caput
2830 2937 3089 3003 illorum,
3122 2941 3178 2991 et
3206 2941 3499 2991 convertet
3520 2937 3578 2990 in

1926 3026 2233 3081 interiores
2268 3032 2461 3097 partes
2488 3031 2675 3081 terrae.
2713 3026 3135 3091 Pmnitentibus
3166 3030 3360 3080 autem
3417 3025 3579 3080 dedit

1925 3114 2075 3169 viam
2092 3114 2358 3186 justitiaa,
2383 3120 2439 3170 et
2460 3115 2821 3170 conﬁrmavit
2843 3115 3183 3171 deﬁcientes
3201 3114 3577 3177 sustinere,et

1924 3203 2244 3259 destinavit
2264 3202 2379 3259 illis
2402 3208 2616 3259 sortem
2633 3203 3263 3259 veritatis.Convertere
3275 3204 3345 3257 ad
3365 3202 3572 3270 Deum,

1922 3296 1979 3346 et
2010 3290 2274 3363 relinque
2304 3296 2540 3363 peccata
2571 3296 2705 3346 tua:
2753 3306 2989 3362 precare
3036 3296 3172 3346 ante
3231 3289 3459 3356 faciem,
3509 3293 3568 3344 et

1922 3381 2125 3436 minue
2154 3381 2573 3437 oﬁ‘endiculum
2601 3386 2639 3436 ί.
2678 3382 2983 3435 Revertere
3005 3381 3075 3435 ad
3113 3385 3313 3447 Deum,
3344 3385 3399 3434 et
3415 3396 3571 3434 aver-

1922 3476 2041 3525 tere
2073 3472 2143 3525 ab
2177 3470 2469 3541 injustitia
2488 3476 2607 3535 tua,
2631 3476 2687 3525 et
2713 3468 2889 3524 nimis
2911 3470 3068 3523 odito
3086 3467 3569 3523 exsecrationem.

1920 3559 1985 3613 Et
2020 3568 2140 3631 post
2170 3575 2365 3615 nomen
2404 3575 2593 3615 versus
2622 3576 2634 3613 :
2666 3558 2850 3622 Quam
2908 3574 3123 3629 magna
3170 3556 3573 3613 misericordia

1920 3648 2042 3717 Dei,
2075 3653 2133 3704 et
2162 3648 2493 3720 propitiatio
2526 3647 2685 3703 illius
2715 3648 3192 3703 convertentibus
3224 3647 3294 3701 ad
3327 3662 3387 3701 se
3418 3646 3572 3701 !Nec

1918 3737 2074 3791 enim
2108 3737 2307 3792 omnia
2338 3742 2589 3808 possunt
2619 3754 2747 3792 esse
2780 3736 2838 3790 in
2873 3736 3250 3801 hominibus;
3293 3736 3571 3805 quoniam

1919 3843 2031 3881 non
2066 3832 2154 3881 est
2186 3826 2538 3882 immortalis
2571 3826 2725 3881 ﬁlius
2757 3825 3031 3881 hominis.

1989 3917 2053 3969 Et
2074 3919 2190 3987 post
2211 3917 2447 3986 triginta
2470 3931 2655 3970 versus
2683 3935 2700 3969 :
2737 3917 2942 3987 [xvm.]
2959 3915 3264 3971 Miseretur
3286 3913 3571 3983 excipien-

1915 4004 2063 4059 tium
2088 4006 2414 4061 doctrinam
2439 4005 3321 4076 miserationis,etquifestinant
3340 4003 3567 4074 injudi-

1913 4093 2019 4149 ciis
2039 4096 2187 4165 ejus.
2216 4093 2341 4159 Fili,
2371 4095 2427 4148 in
2450 4093 2618 4149 bonis
2644 4111 2756 4149 non
2782 4094 2883 4149 des
2908 4093 3228 4164 querelam,
3249 4098 3304 4147 et
3328 4093 3381 4147 iu
3407 4092 3567 4147 omni

1912 4184 2048 4238 dato
2069 4201 2181 4239 non
2217 4185 2319 4239 des
2344 4182 2644 4239 tristitiam
2667 4182 2825 4239 verbi
2867 4182 3025 4238 mali.
3071 4187 3273 4237 Nonne
3297 4182 3563 4237 ardorem

1911 4272 2277 4343 refrigerabit
2299 4272 2427 4328 ros?
2452 4272 2544 4327 Sic
2567 4277 2624 4327 et
2645 4272 2886 4327 verbum
2913 4271 3121 4328 melius
3136 4288 3310 4343 quam
3337 4272 3561 4325 datum.

1909 4365 2254 4417 Nonneecce
2274 4361 2515 4417 verbum
2531 4378 2709 4431 supra
2727 4362 2927 4416 datum
2944 4360 3250 4416 bonum?et
3274 4364 3522 4431 utraque
3541 4360 3562 4393 ²

1908 4466 2041 4505 cum
2060 4449 2880 4520 hominejustiﬁcato.Stultus
2894 4449 3559 4520 acriterimproperabit,

1906 4544 1963 4593 et
1992 4540 2168 4594 datus
2201 4538 2621 4610 indisciplinati
2656 4538 2954 4593 tabescere
2987 4539 3123 4593 facit
3152 4537 3375 4593 oculos.
3408 4540 3557 4592 Ante

1898 4629 2187 4699 judicium
2215 4628 2649 4700 parajustitiam
2667 4628 2858 4695 tibi,et
2873 4632 3183 4697 antequam
3203 4626 3462 4698 loquaris
3475 4627 3559 4681 di-

1906 4734 2021 4773 sce.
2058 4718 2123 4772 Et
2153 4722 2284 4772 ante
2317 4717 2655 4788 languorem
2688 4716 2899 4772 adhibe
2932 4715 3305 4781 medicinam,
3339 4722 3397 4770 et
3426 4722 3560 4771 ante

1897 4806 2189 4878 judicium
2214 4808 2510 4879 interroga
2531 4808 2784 4878 teipsum
2812 4824 2824 4873 ;
2849 4811 2905 4861 et
2928 4806 2983 4860 in
3009 4810 3322 4876 conspectu
3352 4804 3553 4860 Dciin-

1909 4895 2714 4967 veniespropitiationem.An
2736 4900 2788 4951 te
2810 4895 3147 4967 languorem
3184 4893 3433 4948 humilia
3476 4898 3552 4963 te,

1904 4991 1960 5040 et
1991 4985 2049 5039 in
2071 4991 2332 5056 tempore
2362 4985 2724 5041 inﬁrmitatis
2757 4985 2999 5040 ostende
3052 4983 3550 5041 conversationem

1905 5080 2086 5130 tuam.
2117 5075 2242 5129 Non
2265 5074 2608 5145 impediaris
2632 5090 2795 5130 orare
2816 5092 3075 5146 semper,
3097 5078 3153 5127 et
3173 5089 3286 5127 non
3306 5072 3557 5127 verearis

1906 5181 2094 5235 usque
2126 5165 2198 5219 ad
2236 5170 2479 5219 mortem
2509 5165 2821 5235 justiﬁcari
2850 5182 2862 5230 ;
2897 5164 3175 5235 quoniam
3209 5178 3427 5216 merces
3459 5161 3555 5217 Dei

1968 5371 2271 5419 lConsonat
2300 5384 2549 5430 graecum.
2571 5371 2634 5418 At
2666 5372 2888 5432 Vulgata
2920 5373 3149 5432 prmfert.
3180 5382 3391 5429 precare
3420 5371 3541 5417 ante

1902 5434 2091 5496 faciem
2130 5436 2347 5489 Domini,
2379 5436 2426 5481 et
2459 5435 2629 5480 minus
2657 5433 2967 5495 o/[endim/n
2989 5449 3006 5479 :
3038 5432 3232 5489 Regius
3265 5433 3380 5487 Ms.,
3426 5436 3546 5480 tmte

1902 5498 2089 5557 faciem
2120 5498 2247 5556 eius.
2285 5498 2337 5543 In
2372 5496 2715 5553 subsequent:
2751 5496 3011 5543 versiculo
3044 5496 3181 5543 idem
3214 5496 3378 5542 codex
3429 5510 3549 5543 cum

1903 5560 2234 5616 Carnutensi,
2270 5559 2418 5621 Refer
2449 5563 2494 5605 te
2519 5558 2590 5603 at!
2626 5558 2799 5605 vrum.
2836 5560 2991 5606 Favet
3020 5572 3179 5617 graec.
3210 5571 3453 5621 epanagc.

1966 5622 1987 5656 ³
2014 5624 2090 5671 Ita
2119 5623 2238 5669 Mss.
2272 5619 2518 5669 et'Corb.
2571 5620 2695 5669 Bibl.
2732 5622 2885 5684 juxta
2933 5633 3088 5680 arise.
3143 5621 3209 5669 At
3248 5619 3371 5669 editi
3428 5633 3547 5668 cum

1902 5684 2143 5745 Vulgata,
2179 5684 2272 5733 sed
2298 5688 2531 5746 utraque.
