4200 6378
536 368 655 429 975

536 500 663 571 ejus
683 517 698 567 ;
718 501 774 555 et
794 513 982 564 servo,
1007 498 1156 553 sicut
1176 497 1452 552 dominus
1467 496 1683 568 ejus.Si
1703 495 2189 567 patremfamilias

537 588 857 645 Beelzebud
875 590 1467 656 vocaverunt,quanto
1480 583 1658 655 magis
1672 584 2018 639 domesticos
2032 584 2191 655 ejus?

536 679 620 736 Ne
636 694 772 750 ergo
804 676 1121 731 timueritis
1152 691 1269 729 eos.
1303 674 1391 729 Nil
1423 674 1580 729 enim
1613 679 1880 745 opertum
1906 677 1995 728 est
2030 674 2186 745 quod

535 784 649 823 non
676 766 1045 831 revelabitur,
1071 763 1436 819 etoccultum
1464 763 1617 834 quod
1644 780 1757 817 non
1782 763 2186 825 scietur.Quod

532 857 662 912 dico
693 855 855 910 vobis
887 854 943 908 in
978 854 1258 913 tenebris.
1293 852 1465 906 dicite
1498 853 1555 906 in
1590 851 1811 906 lumine
1837 870 1850 911 ;
1876 856 1931 905 et
1953 853 2106 924 quod
2129 852 2185 906 in

533 963 672 1002 aure
695 943 933 1011 auditis,
954 942 1256 1015 praedicate
1278 957 1459 1013 super
1488 945 1658 995 tecta.
1695 943 1761 995 Et
1785 941 1962 996 nolite
1986 941 2189 995 timere

530 1051 628 1089 eos
651 1034 747 1105 qui
771 1032 1044 1088 occidunt
1066 1030 1567 1103 corpus,animam
1596 1034 1791 1085 autem
1809 1047 1923 1084 non
1942 1034 2191 1101 possunt

534 1123 834 1179 occidere:
870 1121 967 1175 sed
1003 1119 1202 1192 potius
1234 1135 1368 1174 eum
1402 1119 1623 1187 timete,
1648 1118 1743 1189 qui
1774 1122 1967 1189 potest
1985 1124 2041 1173 et
2064 1119 2188 1173 ani-

532 1227 689 1267 mam
712 1215 993 1281 etcorpus
1014 1208 1327 1280 perderein
1348 1207 1909 1280 gehennam.Nonne
1932 1209 2045 1263 duo
2061 1224 2189 1279 pas-

532 1320 690 1359 seres
720 1319 850 1358 asse
875 1304 1152 1367 veneunt,
1184 1304 1240 1355 et
1270 1316 1423 1354 unus
1457 1314 1524 1353 ex
1546 1297 1665 1354 illis
1691 1316 1805 1353 non
1822 1299 1991 1355 cadet
2013 1315 2190 1369 super

534 1397 745 1448 terram
772 1391 898 1447 sine
918 1390 1085 1445 Patre
1104 1394 1293 1444 vestro
1310 1386 1337 1442 ‘?
1359 1387 1547 1442 Vestri
1571 1390 1765 1441 autem
1792 1392 1848 1441 et
1868 1386 2061 1458 capilli
2088 1403 2187 1442 ca-

534 1481 672 1554 pitis
693 1496 897 1536 omnes
919 1478 1210 1533 numerati
1233 1476 1586 1533 sunt.Nolite
1603 1492 1738 1548 ergo
1754 1475 2185 1543 timere;multis

531 1570 869 1643 passeribus
895 1567 1163 1623 meliores
1179 1568 1317 1620 estis
1338 1565 1674 1621 vos.0mnis
1690 1582 1824 1636 ergo
1842 1566 1940 1637 qui
1957 1566 2187 1620 confite-

532 1658 692 1714 bitur
712 1673 803 1713 me
826 1673 1019 1711 coram
1047 1655 1408 1718 hominibus,
1429 1654 1815 1707 conﬁteboret
1832 1670 1935 1724 ego
1955 1669 2188 1707 eumce-

534 1764 657 1804 ram
682 1748 851 1802 Patre
875 1761 1002 1800 meo
1025 1744 1121 1816 qui
1148 1744 1205 1799 in
1230 1742 1389 1798 caelis
1412 1746 1519 1797 est.
1541 1741 1649 1806 Qui
1668 1748 1865 1797 autem
1890 1743 2190 1813 negaverit

536 1854 629 1893 me
643 1852 837 1893 coram
862 1832 1641 1904 hominibus,negaboetego
1656 1847 1788 1885 eum
1804 1847 1995 1885 coram
2020 1835 2187 1885 Patre

536 1943 664 1982 meo
697 1924 795 1996 qui
825 1924 884 1977 in
918 1921 1078 1977 cmlis
1108 1925 1216 1976 est.
1252 1920 1437 1976 Nolite
1465 1919 1735 1975 arbitrari
1770 1919 1907 1991 quia
1928 1920 2185 1974 venerim

539 2030 742 2087 pacem
776 2013 1003 2068 mittere
1036 2014 1090 2064 in
1124 2015 1337 2066 terram
1366 2027 1379 2065 :
1415 2026 1527 2064 non
1560 2008 1687 2063 veni
1709 2025 1907 2079 pacem
1935 2008 2184 2077 mittere,

540 2104 640 2159 sed
665 2099 1095 2174 gladium.Veni
1116 2099 1272 2153 enim
1298 2113 1567 2169 separare
1589 2096 1884 2152 hominem
1906 2097 2187 2151 adversus

537 2196 761 2265 patrem
793 2206 994 2256 suum,
1025 2192 1082 2243 et
1115 2187 1294 2242 filiam
1326 2187 1607 2241 adversus
1640 2189 1886 2240 matrem
1914 2201 2105 2253 suam,
2129 2189 2186 2240 et

533 2297 747 2336 nurum
768 2280 1045 2334 adversus
1068 2292 1299 2332 socrum
1335 2291 1504 2330 suam
1532 2292 1545 2343 ;
1572 2278 1627 2329 et
1648 2274 1871 2329 inimici
1904 2274 2181 2339 hominis,

532 2366 833 2425 domestici
865 2367 1013 2437 ejus.
1047 2364 1151 2429 Qui
1187 2368 1347 2419 amat
1378 2367 1604 2435 patrem
1636 2368 1738 2416 aut
1760 2367 2009 2417 matrem
2046 2362 2183 2434 plus

529 2471 707 2529 quam
730 2470 967 2523 me,non
990 2456 1079 2508 est
1102 2468 1190 2507 me
1213 2451 1447 2523 dignus:
1467 2455 1528 2505 et
1547 2450 1647 2521 qui
1673 2454 1831 2504 amat
1853 2449 2036 2504 filium
2082 2454 2183 2505 aut

529 2544 709 2599 ﬁliam
735 2557 913 2613 super
930 2558 1042 2607 me,
1067 2557 1180 2595 non
1198 2544 1285 2594 est
1309 2556 1401 2593 me
1422 2538 1733 2610 dignus.Et
1754 2538 1851 2609 qui
1882 2555 1993 2593 non
2029 2538 2182 2593 acci-

527 2634 615 2705 pit
635 2647 867 2689 crucem
890 2647 1057 2685 suam
1082 2634 1139 2683 et
1163 2628 1430 2700 sequitur
1452 2644 1566 2692 me,
1590 2644 1704 2682 non
1730 2624 1922 2682 estme
1944 2628 2179 2699 dignus.

529 2721 635 2786 Qui
659 2720 881 2776 invenit
901 2719 1157 2773 animam
1184 2718 1586 2789 suam,perdet
1607 2715 1854 2784 illam;et
1871 2716 1968 2787 qui
1984 2717 2181 2789 perdi-

530 2813 681 2869 derit
706 2811 964 2866 animam
997 2826 1164 2864 suam
1202 2812 1440 2880 propter
1471 2824 1583 2873 me,
1617 2807 1870 2862 inveniet
1893 2824 2039 2863 eam.
2073 2806 2180 2871 Qui

530 2901 737 2973 recipit
760 2917 882 2969 vos,
919 2915 1011 2954 me
1042 2897 1285 2969 recipit;
1321 2901 1377 2952 et
1408 2896 1507 2969 qui
1548 2912 1639 2951 me
1698 2897 1924 2969 recipit,
1976 2896 2183 2969 recipit

529 3008 660 3047 eum
692 2989 792 3061 qui
819 3005 911 3044 me
934 2986 1112 3043 misit.
1143 2986 1249 3050 Qui
1274 2985 1479 3058 recipit
1496 2985 1835 3057 prophetam
1861 2985 1918 3041 in
1944 2986 2180 3041 nomine

529 3079 851 3153 prephetze,
877 3076 1204 3133 mercedem
1232 3075 1523 3147 propheta
1544 3075 1812 3147 accipiet:
1842 3079 1898 3129 et
1920 3075 2014 3146 qui
2034 3075 2179 3130 reci-

530 3170 859 3242 pitjustum
884 3166 942 3221 in
963 3165 1379 3235 nominejusti,
1402 3164 1729 3219 mercedem
1748 3164 1894 3234 justi
1909 3164 2177 3235 accipiet.

528 3260 595 3314 Et
619 3257 974 3329 quicumque
995 3259 1197 3326 potum
1221 3253 1447 3308 dederit
1470 3252 1571 3308 uni
1612 3269 1680 3308 ex
1721 3252 1984 3308 minimis
2024 3252 2177 3320 istis,

532 3346 771 3403 calicem
797 3362 960 3416 aqua:
988 3343 1207 3415 frigidae
1231 3346 1459 3397 tantum
1512 3342 1573 3397 in
1606 3342 1843 3398 nomine
1874 3342 2176 3415 discipuli,

526 3451 697 3491 amen
718 3434 846 3489 dico
871 3431 1057 3501 vobis,
1081 3448 1195 3486 non
1224 3431 1427 3501 perdet
1450 3430 1774 3485 mercedem
1806 3448 1995 3486 suam.

596 3560 661 3613 Et
694 3559 857 3630 paulo
900 3561 1018 3629 post
1040 3556 1167 3626 [XL]
1190 3571 1203 3608 :
1228 3554 1329 3609 Cui
1365 3557 1561 3608 autem
1585 3553 1839 3610 similem
1874 3556 2175 3613 aestimabo

526 3648 956 3721 generationem
972 3642 1405 3700 istam?Similis
1427 3646 1516 3697 est
1541 3643 1738 3715 pueris
1752 3645 2095 3701 sedentibus
2113 3647 2171 3701 in

525 3737 670 3805 foro,
700 3736 794 3808 qui
829 3735 1150 3790 clamantes
1182 3730 1576 3802 coazqualibus
1596 3732 1819 3787 dicunt:
1843 3734 2174 3789 Cecinimus

525 3827 710 3893 vobis,
735 3829 924 3881 etnon
948 3821 1208 3887 saltatis;
1232 3819 1705 3889 lamentavimus,
1728 3824 1919 3877 etnon
1944 3822 2171 3893 planxi-

526 3916 655 3971 stis.
689 3914 861 3970 Venit
884 3912 1037 3968 enim
1070 3912 1327 3966 Joannes
1358 3925 1540 3980 neque
1574 3911 1957 3979 manducans,
1983 3929 2173 3978 neque

525 4005 768 4071 bibens;
794 4002 1088 4059 etdicunt:
1112 3999 1473 4055 Dmmonium
1489 4000 2050 4057 habet.VenitFilius
2067 4002 2171 4058 ho-

523 4094 703 4150 minis
725 4092 1110 4157 manducans,
1135 4093 1192 4144 et
1232 4089 1467 4144 bibens:
1493 4092 1551 4144 et
1572 4090 1773 4144 dicunt
1793 4107 1805 4144 :
1833 4090 1973 4145 Ecce
1995 4091 2169 4148 homo

516 4200 711 4250 vorax,
745 4187 801 4238 et
834 4184 1059 4252 potator
1084 4179 1223 4245 vini,
1251 4178 1698 4250 publicanorum
1724 4183 1782 4233 et
1802 4184 2168 4250 peccatorum

516 4274 834 4331 amicus.Et
855 4269 1179 4340 justiﬁcata
1204 4274 1292 4324 est
1309 4267 1598 4339 sapientia
1616 4284 1645 4322 a
1665 4267 1802 4322 filiis
1820 4269 2169 4342 suis.Etpost

509 4363 839 4435 paululum:
858 4358 1061 4414 Venite
1079 4358 1146 4413 ad
1176 4373 1500 4427 me,omncs
1527 4356 1627 4427 qui
1645 4357 2007 4423 laboratis,et
2026 4376 2167 4415 one-

515 4454 623 4509 rati
656 4452 796 4508 estis
827 4476 840 4517 ;
868 4452 923 4503 et
953 4464 1059 4519 ego
1091 4447 1344 4502 reliciam
1380 4462 1497 4501 vos.
1522 4446 1947 4518 Tollitejugum
1969 4465 2162 4504 meum

516 4558 695 4614 super
714 4556 834 4609 vos,
861 4543 918 4594 et
941 4537 1149 4593 discite
1177 4553 1208 4589 a
1231 4552 1324 4591 me
1344 4536 1484 4606 quia
1506 4536 1664 4591 mitis
1691 4553 1821 4591 sum
1847 4542 1903 4591 et
1923 4537 2167 4595 humilis

516 4631 769 4697 corde;et
784 4626 1087 4684 invenietis
1108 4625 1369 4697 requiem
1384 4624 1695 4679 animabus
1713 4626 2165 4699 vestris.Jugum

516 4718 673 4775 enim
706 4731 902 4771 meum
934 4730 1109 4769 suave
1138 4716 1246 4778 est,
1282 4716 1338 4767 et
1368 4728 1519 4767 onus
1552 4728 1747 4767 meum
1784 4713 1907 4770 leve
1937 4722 2043 4772 est.

588 4845 721 4899 Item
740 4845 855 4912 post
875 4839 1166 4911 paululum
1189 4839 1372 4909 [xu]:
1418 4837 1471 4891 Si
1519 4842 1712 4893 autem
1758 4839 1987 4896 sciretis
2025 4843 2161 4913 quid

515 4929 1091 5000 est,Miscric0rdiam
1114 4926 1323 4993 volo,ct
1345 4942 1454 4980 non
1474 4926 2161 5003 saeriticium,nunquam

514 5018 1019 5078 condemnassetis
1054 5018 1415 5070 innocentes.
1447 5018 1515 5071 Et
1539 5025 1665 5085 post
1692 5019 1981 5088 paululum
2008 5037 2021 5075 :
2055 5022 2161 5085 Qui

509 5128 625 5167 non
651 5114 741 5166 est
765 5123 1016 5176 mecum,
1040 5110 1240 5161 contra
1266 5121 1356 5159 me
1377 5109 1464 5159 est
1483 5122 1495 5172 ;
1517 5109 1574 5159 et
1595 5107 1694 5177 qui
1720 5124 1831 5162 non
1848 5117 2163 5183 congregat

509 5216 763 5267 mecum,
796 5197 1041 5270 spargit.
1062 5197 1195 5250 Ideo
1223 5196 1350 5249 dico
1372 5195 1556 5262 vobis,
1582 5213 1752 5251 omne
1780 5206 2081 5268 peccatum
2104 5208 2163 5257 et

506 5288 873 5360 blasphemia
906 5285 1238 5341 remittetur
1263 5283 1643 5339 hominibus:
1679 5287 1931 5357 Spiritus
1962 5295 2156 5345 autem

507 5377 873 5447 blasphemia
887 5393 999 5431 non
1017 5373 1807 5445 remittetiir.thuicumque
1823 5377 2161 5434 dixeritver-

509 5466 650 5521 bum
680 5469 881 5519 contra
908 5464 1119 5525 Filium
1143 5460 1424 5528 hominis,
1451 5461 1783 5519 remittetur
1805 5465 1853 5519 ei
1882 5483 1894 5520 :
1933 5466 2031 5537 qui
2057 5484 2159 5522 au-

512 5558 625 5609 tem
651 5554 1074 5609 dixeritcontra
1088 5550 1369 5623 Spiritum
1394 5556 1807 5623 sanctum,non
1832 5559 2162 5614 remittetur

514 5643 588 5711 ei,
613 5659 799 5713 neque
822 5642 882 5696 in
910 5641 1019 5696 hoc
1037 5639 1268 5709 sazculo,
1290 5657 1476 5712 neque
1505 5641 1563 5696 in
1589 5642 1806 5699 futuro.
1850 5647 1959 5700 Aut
1988 5646 2158 5704 facite

517 5733 780 5789 arborem
801 5732 1036 5799 bonam,
1071 5733 1128 5786 et
1146 5730 1402 5787 fructum
1425 5731 1554 5803 ejus
1581 5733 1797 5789 bonum
1823 5751 1837 5805 ;
1868 5739 1968 5791 aut
1988 5736 2157 5796 facite

1741 366 1804 425 S.
1854 364 2280 426 AUGUSTINI
2327 365 2747 428 SPECULUM

3827 366 3928 427 976

2295 496 2561 553 arborem
2597 497 2834 567 malam,
2867 502 2923 554 et
2952 499 3209 555 fructum
3241 500 3369 571 ejus
3396 498 3921 572 malum:siquidem

2293 602 2361 641 ex
2385 586 2578 641 fructu
2616 588 2791 642 arbor
2822 589 3217 660 cognoscitur.
3246 588 3561 661 Progenies
3584 588 3921 660 viperarum,

2293 675 2586 744 quomodo
2616 677 2861 747 potestis
2892 678 3045 732 bona
3073 676 3257 749 loqui,
3291 694 3424 733 cum
3473 677 3604 733 sitis
3644 676 3827 732 mali?
3854 678 3923 731 Ex

2293 764 2652 819 abundantia
2684 768 2839 819 enim
2874 766 3067 821 cordis
3099 782 3163 821 os
3192 765 3475 838 loquitur.
3509 766 3705 821 Bonus
3762 766 3924 821 homo

2295 853 2364 907 de
2394 853 2547 907 bono
2574 853 2851 909 thesauro
2884 854 3076 909 cordis
3105 853 3198 909 sui
3227 855 3444 926 profert
3473 854 3659 909 bona‘
3684 871 3697 922 ;
3726 858 3783 909 et
3810 870 3926 907 ma-

2293 941 2386 995 lus
2417 941 2591 996 homo
2623 943 2693 997 de
2725 941 2879 997 male
2911 943 3184 998 thesauro
3214 944 3431 1013 profert
3459 942 3632 999 mala.
3666 942 3804 998 Dico
3833 960 3926 997 au-

2292 1035 2409 1085 tem
2443 1031 2630 1100 vobis,
2664 1032 2941 1102 quoniam
2973 1048 3146 1088 omne
3189 1032 3429 1088 verbum
3482 1032 3733 1088 otiosum
3784 1032 3924 1104 quod

2294 1119 2473 1175 locuti
2500 1120 2718 1175 fuerint
2740 1120 3032 1188 homines,
3058 1122 3305 1178 reddent
3329 1121 3612 1177 rationem
3647 1122 3717 1177 de
3770 1136 3833 1177 eo
3872 1122 3928 1175 in

2293 1210 2385 1263 die
2406 1210 2642 1279 judicii.
2677 1213 2757 1264 Ex
2786 1209 2975 1265 verbis
3012 1210 3171 1265 enim
3201 1211 3319 1266 tuis
3342 1210 3772 1282 iustificaberis,
3794 1216 3846 1266 et
3868 1228 3930 1267 ex

2292 1298 2483 1353 verbis
2512 1298 2630 1353 tuis
2663 1299 3175 1356 condemnaberis.

2366 1391 2561 1457 Elpest
2580 1388 2927 1458 aliquantum
2948 1389 3117 1459 [xv.]:
3145 1389 3378 1455 Audite,
3398 1388 3789 1461 etintelligite.
3812 1389 3928 1443 Non

2293 1479 2444 1546 quod
2477 1477 2659 1531 intrat
2688 1478 2746 1531 in
2780 1494 2865 1542 os,
2900 1478 3243 1549 coinquinat
3272 1478 3606 1533 hominem:
3636 1479 3734 1534 sed
3784 1479 3929 1549 quod

2292 1565 2553 1635 procedit
2577 1582 2644 1619 ex
2663 1580 2780 1630 ore,
2809 1565 2916 1620 hoc
2956 1566 3300 1637 coinquinat
3327 1567 3645 1622 hominem.
3688 1569 3751 1621 Et
3775 1568 3930 1637 paulo

2288 1658 2448 1724 post:
2477 1654 2860 1724 Respondens
2893 1660 3085 1710 autem
3110 1656 3334 1725 Petrus,
3359 1656 3501 1711 dixit
3546 1657 3618 1711 ei.
3671 1656 3927 1711 Edissere

2293 1742 2463 1798 nobis
2494 1743 2826 1813 parabolam
2861 1744 3057 1799 istam.
3084 1750 3161 1799 At
3192 1745 3288 1800 ille
3320 1746 3482 1809 dixit,
3514 1744 3718 1800 Adhuc
3750 1750 3805 1800 et
3835 1762 3928 1800 vos

2294 1830 2421 1886 sine
2440 1831 2733 1887 intellectu
2759 1833 3073 1889 estis‘?Non
3094 1833 3417 1905 intelligitis
3431 1834 3567 1906 quia
3586 1851 3758 1890 omne
3779 1835 3927 1906 quod

2292 1919 2352 1975 in
2379 1937 2443 1975 os
2467 1921 2729 1983 intrat,in
2753 1927 3014 1976 ventrem
3038 1924 3217 1990 vadit,
3241 1930 3296 1978 et
3314 1925 3370 1979 in
3394 1940 3687 1979 secessum
3715 1924 3932 1979 emitti-

2292 2013 2391 2063 tur
2414 2025 2427 2063 :
2449 2025 2575 2080 quae
2599 2015 2791 2065 autem
2816 2013 3141 2082 procedunt
3162 2013 3231 2067 de
3254 2029 3371 2078 ore,
3398 2014 3468 2068 de
3491 2015 3661 2067 corde
3703 2020 3933 2080 exeunt,

2292 2102 2349 2151 et
2374 2114 2439 2152 ea
2463 2097 2805 2168 coinquinat
2827 2099 3124 2154 hominem
3153 2100 3180 2154 ?
3211 2103 3285 2156 De
3307 2102 3479 2157 corde
3519 2102 3672 2157 enim
3724 2108 3933 2158 exeunt

2290 2187 2671 2259 cogitationes
2699 2187 2886 2255 malae,
2946 2188 3282 2257 homicidia,
3340 2190 3649 2257 adulteria,
3695 2191 3936 2247 fornica-

2288 2276 2500 2342 tiones,
2524 2276 2854 2342 furta,falsa
2878 2278 3780 2349 testimonia,blasphcmia3.Haac
3800 2287 3932 2336 sunt

2290 2381 2415 2435 qua:
2446 2365 2827 2436 coinquinant
2849 2365 3181 2422 hominem:
3216 2384 3330 2422 non
3350 2367 3483 2425 lotis
3524 2374 3717 2425 autem
3752 2370 3935 2426 mani-

2288 2454 2401 2508 bus
2444 2454 2823 2521 manducare,
2859 2472 2971 2510 non
3006 2456 3347 2527 coinquinat
3376 2457 3693 2513 hominem.

2357 2543 2493 2597 Item
2512 2546 2636 2613 post
2657 2544 3017 2613 aliquantum
3036 2546 3307 2615 [xv1.]:Tu
3320 2562 3387 2601 ne
3408 2546 3737 2603 dixitJesus
3757 2548 3932 2605 disci-

2287 2630 2443 2701 pulis
2468 2631 2614 2700 suis,
2648 2632 2702 2685 Si
2752 2632 2885 2703 quis
2935 2633 3061 2689 vult
3102 2639 3233 2706 post
3271 2651 3363 2690 me
3398 2635 3612 2702 venire,
3664 2637 3931 2707 abneget,

2287 2718 2690 2790 semetipsum,
2744 2725 2800 2775 et
2848 2721 3015 2776 tollat
3060 2739 3292 2778 crucem
3336 2741 3525 2790 suam,
3558 2730 3615 2780 et
3655 2731 3935 2797 sequatur

2286 2824 2397 2863 me.
2424 2809 2531 2875 Qui
2555 2808 2709 2864 enim
2731 2809 2980 2865 voluerit
3002 2812 3258 2867 animam
3282 2830 3449 2868 suam
3476 2814 3695 2869 salvam
3723 2816 3931 2881 facere,

2287 2897 2489 2968 perdet
2518 2914 2646 2953 eam
2679 2916 2692 2955 :
2725 2899 2824 2970 qui
2867 2905 3063 2955 autem
3097 2901 3417 2972 perdiderit
3446 2903 3701 2958 animam
3761 2922 3931 2960 suam

2287 2992 2523 3057 propter
2554 3003 2664 3055 me,
2697 2988 2955 3043 inveniet
2983 3006 3134 3045 eam.
3168 2991 3315 3055 Quid
3348 2990 3503 3048 enim
3535 2993 3773 3064 prodest
3821 2994 3933 3050 ho-

2286 3076 2450 3146 mini,
2483 3076 2531 3130 si
2565 3078 2854 3131 mundum
2892 3078 3227 3134 universum
3263 3078 3539 3151 lucretur,
3566 3082 3775 3138 animm
3794 3099 3929 3138 vero

2285 3181 2402 3219 sum
2435 3165 2848 3221 detrimentum
2883 3168 3189 3238 patiatur?
3220 3174 3317 3224 aut
3349 3186 3524 3242 quam
3566 3172 3728 3227 dabit
3756 3172 3933 3227 homo

2283 3255 2804 3310 commutationem
2839 3273 2941 3327 pro
2984 3257 3180 3313 anima
3231 3259 3383 3314 sua?
3435 3259 3615 3316 Filius
3673 3261 3932 3317 hominis

2281 3347 2562 3399 venturus
2593 3348 2680 3399 est
2710 3344 2767 3399 in
2802 3345 2989 3417 gloria
3022 3347 3211 3402 Patris
3233 3348 3323 3403 sui
3347 3364 3479 3403 cum
3502 3349 3736 3421 Angelis
3774 3352 3925 3418 suis,

2281 3436 2339 3487 et
2368 3436 2506 3487 tunc
2540 3433 2739 3489 reddet
2768 3434 3089 3505 unicuique
3118 3436 3441 3491 secundum
3475 3453 3651 3509 opera
3670 3439 3820 3509 ejus.

2350 3521 2481 3576 Item
2501 3523 2813 3592 aliquando
2837 3530 2958 3593 post
2978 3524 3205 3595 [xvm.):
3231 3525 3413 3580 Amen
3436 3526 3565 3581 dico
3589 3528 3772 3596 vobis,
3808 3528 3921 3585 nisi

2280 3611 2542 3667 conversi
2571 3612 2886 3680 fueritis,et
2908 3613 3249 3668 efficiamini
3273 3614 3808 3687 sicutparvuli,non
3834 3619 3928 3673 in-

2278 3700 2511 3755 trabitis
2532 3699 2590 3754 in
2614 3717 2859 3772 regnum
2886 3700 3559 3774 cmlorquuicumque
3578 3722 3714 3778 ergo
3738 3706 3937 3762 humi-

2277 3787 2504 3844 liaverit
2526 3805 2588 3845 se
2610 3790 2757 3845 sicut
2780 3790 3056 3862 parvulus
3078 3790 3309 3858 iste,hic
3341 3798 3430 3847 est
3455 3794 3717 3864 majorin
3745 3812 3929 3869 regno

2277 3877 2653 3933 emiorumJit
2675 3881 2773 3951 qui
2797 3880 3122 3952 susceperit
3138 3898 3317 3937 unum
3343 3882 3651 3953 parvulum
3675 3884 3850 3941 talem
3870 3887 3930 3942 in

2278 3968 2515 4023 nomine
2536 3985 2684 4035 meo,
2711 3984 2802 4024 me
2824 3969 3205 4041 suscipit.Qui
3228 3975 3421 4026 autem
3446 3972 3933 4032 scandalizaverit

2277 4074 2458 4112 unum
2483 4059 2553 4113 de
2575 4058 2806 4130 pusillis
2828 4058 2978 4130 istis,
3001 4060 3099 4131 qui
3119 4060 3174 4113 in
3201 4076 3292 4115 me
3314 4061 3578 4125 credunt,
3601 4065 3837 4134 expedit
3871 4066 3925 4120 ei

2276 4150 2340 4201 ut
2359 4148 2755 4217 suspendatur
2771 4146 2923 4203 mola
2936 4149 3194 4203 asinaria
3214 4149 3273 4203 in
3292 4148 3440 4205 collo
3462 4151 3676 4220 ejus,et
3691 4152 3924 4209 demer-

2273 4241 2448 4309 gatur
2473 4236 2532 4291 in
2558 4237 2912 4308 profundum
2938 4238 3139 4293 maris.
3168 4242 3262 4293 Va:
3288 4240 3508 4295 mundo
3530 4257 3562 4295 a
3585 4242 3927 4300 scandatis?

2273 4326 2521 4381 Necesse
2540 4330 2628 4381 est
2647 4326 2801 4381 enim
2825 4330 2890 4381 ut
2917 4326 3154 4383 veniant
3178 4328 3452 4384 scandala
3476 4345 3489 4384 :
3514 4337 3921 4389 verumtamen

2272 4433 2352 4471 vae
2380 4415 2605 4471 homini
2628 4433 2728 4487 per
2743 4432 2915 4488 quem
2941 4417 3283 4473 scandalum
3305 4418 3480 4474 venit!
3501 4419 3554 4474 Si
3576 4426 3770 4477 autem
3796 4440 3926 4477 ma-

2273 4522 2385 4560 nus
2407 4510 2507 4560 tua
2530 4505 2616 4560 vel
2642 4522 2743 4577 pes
2768 4511 2905 4560 tuus
2931 4506 3289 4562 scandalizat
3307 4512 3384 4578 te,
3407 4509 3643 4566 abscide
3668 4527 3832 4578 eum,
3860 4517 3920 4568 et

2272 4595 2486 4666 projice
2504 4595 2605 4649 abs
2630 4598 2685 4649 te
2736 4599 2956 4649 Bonum
2982 4595 3196 4650 esttibi
3222 4597 3291 4651 ad
3315 4600 3490 4653 vitam
3514 4598 3737 4670 ingredi
3756 4602 3926 4657 dehi-

2271 4683 2386 4739 lem
2408 4683 2495 4739 vel
2516 4683 2787 4738 claudum
2808 4684 2828 4718 ²
2847 4700 3023 4754 quam
3056 4685 3203 4739 duas
3227 4702 3440 4742 manus
3458 4687 3545 4742 vel
3568 4689 3714 4744 duos
3737 4692 3923 4761 pedes

2270 4773 2583 4828 habentem
2607 4772 2753 4827 mitti
2778 4772 2835 4826 in
2862 4774 3052 4843 ignem
3075 4777 3459 4832 aeternumEt
3480 4777 3527 4832 si
3552 4776 3756 4833 oculus
3780 4784 3927 4837 tuus

2270 4861 2627 4917 scandalizat
2646 4866 2864 4931 te,erue
2881 4879 3038 4929 eum,
3062 4866 3119 4917 et
3140 4864 3355 4934 projice
3371 4865 3473 4920 abs
3496 4866 3806 4922 te.Bonum
3828 4873 3927 4925 est

2268 4951 2371 5005 tibi
2397 4967 2528 5005 cum
2560 4967 2674 5005 uno
2692 4948 2858 5005 oculo
2884 4950 2940 5004 in
2958 4951 3136 5006 vitam
3161 4951 3585 5025 intrare,quam
3603 4954 3750 5009 duos
3773 4972 3923 5011 ocu-

2268 5039 2356 5095 los
2377 5040 2686 5094 habentem
2706 5039 2858 5094 mitti
2877 5039 2935 5093 in
2954 5039 3280 5111 gehennam
3298 5041 3678 5114 ignis.Videte
3693 5061 3762 5100 ne
3780 5061 3926 5101 con-

2267 5129 2543 5184 temnatis
2572 5145 2755 5183 unum
2790 5146 2857 5183 ex
2884 5129 2976 5183 his
3004 5129 3274 5201 pusillis:
3308 5132 3439 5187 dico
3477 5138 3672 5189 autem
3720 5136 3921 5200 vobis,

2266 5219 2405 5289 quia
2423 5218 2627 5289 Angeli
2650 5235 2848 5273 eorum
2872 5219 2931 5273 in
2957 5218 3116 5274 cmlis
3129 5236 3359 5291 semper
3374 5222 3569 5277 vident
3584 5223 3788 5279 faciem
3819 5230 3922 5279 Pa-

2265 5307 2372 5364 tris
2392 5307 2627 5379 mei,qui
2642 5307 2696 5361 in
2713 5307 3343 5365 cmlisest.Venitenim
3360 5310 3536 5367 Filius
3551 5312 3811 5370 hominis
3826 5316 3921 5371 sal

2332 5498 2345 5531 ¹
2376 5497 2747 5561 Vulgatanon
2768 5494 2947 5561 habet,
2969 5494 3149 5561 ⁸εξονόίένιτ
3174 5497 3256 5544 sui
3275 5511 3294 5543 :
3322 5496 3441 5547 licet
3470 5512 3675 5561 grzecus
3732 5504 3920 5551 textus

2265 5560 2418 5615 ferat,
2474 5560 2546 5607 lés
2597 5558 2823 5624 [car/liae
2882 5557 3061 5606 addito
3120 5559 3175 5607 in
3234 5557 3552 5624 quibusdam
3630 5564 3917 5615 codicibus

2265 5624 2438 5679 autat},
2471 5624 2546 5671 uti
2580 5621 2719 5683 apud
2757 5621 3214 5684 Chrysostomum.
3249 5621 3265 5624 “
3714 5678 3719 5681 ι

2328 5688 2349 5720 ²
2375 5686 2433 5735 lu
2465 5682 3113 5752 editisomissum_fuerat,
3134 5682 3514 5752 vechlaudum;
3540 5688 3682 5752 quod
3714 5690 3805 5741 hic
3853 5692 3916 5741 in

2266 5749 2389 5800 Mss.
2424 5750 2498 5799 uti
2532 5752 2584 5799 et
2612 5749 2667 5798 in
2698 5748 2860 5798 sacris
2890 5745 3018 5797 Bibl.
3049 5747 3333 5811 reperitur.
