4200 6338
257 286 375 344 985

258 415 369 484 los,
401 433 591 488 neque
621 418 797 474 arbor
826 419 983 475 mala
1030 420 1252 478 faciens
1300 424 1578 491 fructum,
1612 425 1834 479 bonum
1870 426 1910 476 ί.

260 506 636 578 Unaquaeque
656 508 831 563 arbor
852 509 922 564 de
946 510 1138 565 fructu
1163 528 1271 567 suo
1289 514 1683 584 cognoscitur.
1709 513 1910 582 Neque

253 594 412 649 enim
447 597 517 649 de
550 596 738 667 spinis
763 597 1045 669 colligunt
1070 600 1437 674 ﬁcus,neque
1461 603 1531 657 de
1554 603 1700 657 rubo
1719 602 1912 656 vinde-

254 683 449 739 miant
484 701 646 739 uvas.
679 685 876 741 Bonus
905 687 1081 742 homo
1126 690 1197 744 de
1228 690 1378 745 bono
1408 692 1685 746 thesauro
1716 690 1911 744 cordis

252 772 349 828 sui
374 772 591 840 profert
608 773 858 842 bonum;
883 782 940 831 et
959 778 1151 833 malus
1174 778 1347 834 homo
1371 781 1440 835 de
1464 779 1615 836 male
1637 781 1910 835 thesauro

256 862 483 932 profert
515 862 758 919 malum.
802 868 879 919 Ex
908 865 1274 923 abundantia
1302 870 1494 924 cordis
1530 887 1594 924 os
1624 868 1906 939 loquitur.

258 950 408 1016 Quid
462 957 657 1007 autem
692 954 914 1008 vocatis
949 972 1059 1023 me,
1095 956 1357 1023 Domine,
1392 959 1668 1024 Domine;
1703 962 1761 1013 et
1791 973 1907 1011 non

252 1039 451 1095 facitis
482 1057 610 1111 quae
642 1042 770 1097 dico
791 1044 818 1097 ?
848 1043 1055 1101 Omnis
1090 1045 1190 1116 qui
1222 1048 1379 1101 venit
1407 1048 1479 1103 ad
1515 1064 1627 1117 me,
1659 1052 1716 1103 et
1744 1046 1909 1102 audit

254 1145 563 1185 sermones
593 1147 775 1198 meos,
810 1137 868 1186 et
896 1134 1031 1188 facit
1053 1151 1172 1205 eos,
1193 1137 1499 1191 ostendam
1529 1136 1692 1192 vobis
1712 1137 1803 1191 cui
1829 1135 1908 1190 si-

260 1217 420 1272 milis
452 1218 549 1274 sit.
582 1219 805 1276 Similis
836 1227 926 1277 est
956 1222 1177 1278 homini
1202 1224 1515 1280 aedificanti
1537 1223 1910 1295 domum,qui

250 1308 471 1361 foditin
496 1307 976 1380 altum,etposuit
992 1312 1443 1369 fundamentum
1464 1331 1639 1385 supra
1661 1318 1907 1385 petram.

260 1396 650 1452 Inundatione
680 1403 879 1454 autem
914 1400 1323 1467 facta,illisum
1350 1408 1440 1457 est
1464 1404 1682 1458 ﬂumen
1708 1401 1907 1457 domui

267 1483 375 1551 illi,
409 1489 467 1539 et
496 1502 609 1539 non
642 1488 832 1558 potuit
863 1505 991 1543 eam
1025 1506 1292 1558 movere;
1327 1492 1573 1547 fundata
1600 1492 1757 1547 enim
1784 1494 1911 1546 erat

254 1590 438 1645 super
467 1580 714 1645 petram.
751 1577 860 1643 Qui
891 1583 1088 1633 autem
1122 1580 1368 1650 audit,et
1396 1598 1510 1636 non
1537 1580 1911 1647 facit,similis

256 1669 349 1717 est
380 1662 603 1717 homini
636 1664 948 1721 aedificanti
1000 1668 1242 1724 domum
1286 1686 1457 1725 suam
1488 1686 1667 1741 supra
1694 1675 1907 1724 terram

255 1751 386 1806 sine
413 1753 794 1808 fundamento
821 1772 833 1810 :
854 1754 913 1809 in
938 1772 1116 1827 quam
1139 1758 1329 1814 illisus
1352 1765 1440 1813 est
1462 1760 1757 1826 fluvius,et
1778 1775 1908 1814 con-

259 1838 427 1895 tinuo
451 1841 743 1909 cecidit,et
765 1844 918 1898 facta
940 1851 1029 1899 est
1060 1847 1230 1902 ruina
1258 1850 1469 1903 domus
1495 1848 1653 1903 illius
1675 1865 1906 1917 magna.

325 1930 389 1983 Et
416 1934 534 1999 post
573 1932 926 2002 aliquantum
955 1935 1095 2005 [vnn]
1121 1953 1133 1990 :
1178 1936 1281 1991 Cui
1312 1952 1449 2008 ergo
1471 1937 1693 1991 similes
1716 1937 1907 1991 dicam

256 2017 528 2074 homines
559 2022 957 2091 generationis
1000 2024 1179 2095 hujus
1202 2026 1229 2079 ?
1258 2031 1315 2079 et
1345 2027 1437 2081 cui
1470 2026 1695 2081 similes
1724 2025 1909 2080 sunt?

250 2105 489 2161 Similes
522 2114 659 2163 sunt
693 2110 889 2179 pueris
922 2112 1341 2169 sedentibusin
1377 2116 1521 2181 foro,
1545 2113 1909 2186 etloquenti-

252 2195 369 2249 bus
400 2196 472 2250 ad
525 2195 799 2266 invicem,
833 2204 889 2253 et
931 2199 1302 2257 dicentibus:
1338 2204 1713 2258 Cantavimus
1744 2203 1908 2257 vobis

252 2282 423 2338 tibiis
447 2285 488 2350 ³,
513 2289 570 2339 et
600 2302 714 2341 non
748 2287 1048 2353 saltastis;
1082 2288 1557 2358 lamentavimus,
1576 2298 1631 2347 et
1655 2310 1767 2347 non
1792 2291 1911 2363 plo-

261 2372 463 2427 rastis.
488 2372 658 2429 Venit
687 2375 842 2430 enim
876 2375 1131 2433 Joannes
1164 2380 1428 2450 Baptista
1454 2397 1638 2449 neque
1663 2381 1908 2435 mandu~

252 2477 401 2516 cans
422 2479 854 2534 panem,neque
871 2465 1076 2521 bibens
1095 2467 1291 2524 vinum
1318 2485 1330 2535 ;
1357 2474 1412 2523 et
1433 2469 1658 2524 dicitis:
1684 2468 1910 2523 Daemo-

259 2550 428 2604 nium
462 2550 656 2605 habet.
688 2551 862 2608 Venit
909 2553 1092 2609 Filius
1125 2555 1384 2612 hominis
1433 2558 1821 2625 manducans,
1854 2562 1912 2613 et

255 2639 468 2694 bibens
496 2665 510 2706 ;
543 2645 598 2695 et
629 2640 860 2696 dicitis:
884 2646 1028 2698 Ecce
1059 2644 1230 2700 homo
1260 2646 1583 2713 devorator,
1616 2651 1673 2701 et
1701 2648 1911 2701 bibens

253 2726 718 2797 vinum,amicus
741 2729 1188 2799 publicanorum
1211 2739 1268 2789 et
1300 2736 1911 2806 peccatorum.Etjus-

252 2815 477 2871 tilicata
503 2822 593 2872 est
622 2819 914 2888 sapientia
946 2820 1018 2876 ab
1050 2822 1327 2878 omnibus
1359 2824 1497 2880 filiis
1527 2826 1673 2881 suis.

326 2907 458 2960 Item
484 2910 601 2975 post
630 2908 987 2979 aliquantum
1008 2910 1177 2982 [vm.]
1201 2929 1214 2967 :
1249 2913 1348 2967 Est
1377 2917 1573 2969 autem
1608 2914 1728 2969 haec
1752 2932 1915 2983 para-

255 2994 394 3049 bola
425 3013 437 3049 :
472 2996 683 3051 Semen
710 3002 800 3052 est
820 3000 1060 3054 verbum
1080 3000 1203 3055 Dei.
1226 3002 1333 3065 Qui
1357 3009 1550 3057 autem
1571 3020 1739 3058 secus
1759 3004 1911 3058 viam

256 3088 423 3152 sunt,
458 3084 497 3137 ii
527 3089 667 3139 sunt
692 3085 793 3156 qui
816 3087 1104 3143 audiunt:
1142 3089 1350 3145 deinde
1378 3090 1534 3146 venit
1563 3092 1835 3147 diabolus
1857 3096 1915 3147 et

259 3172 418 3226 tollit
446 3173 687 3229 verbum
720 3176 792 3229 de
839 3178 1010 3233 corde
1055 3193 1281 3245 eorum,
1314 3196 1387 3235 ne
1417 3182 1718 3236 credentes
1767 3180 1913 3236 salvi

261 3260 432 3316 ﬁant.
466 3261 609 3317 Nam
658 3263 758 3334 qui
808 3281 989 3336 supra
1032 3270 1388 3340 petram,qui
1430 3287 1563 3324 cum
1599 3270 1913 3340 audierint,

260 3366 399 3404 cum
431 3352 645 3421 gaudio
677 3354 1014 3425 suscipiunt
1041 3357 1281 3412 verbum
1309 3375 1321 3425 ;
1357 3363 1415 3413 et
1445 3358 1503 3413 hi
1538 3359 1765 3415 radices
1798 3376 1913 3415 non

262 3438 507 3507 habent,
539 3440 708 3510 quia3
730 3444 801 3497 ad
828 3449 1060 3515 tempus
1083 3447 1415 3515 credunt,et
1433 3448 1491 3502 in
1519 3454 1777 3520 tempore
1797 3455 1918 3504 ten-

261 3528 508 3584 tationis
539 3532 835 3585 recedunt.
873 3532 1034 3596 Quod
1068 3540 1262 3590 autem
1286 3536 1343 3590 in
1388 3537 1591 3609 spinas
1614 3537 1842 3604 cecidit,
1876 3537 1915 3592 ii

266 3622 411 3671 sunt
433 3616 532 3689 qui
556 3619 887 3690 audierunt,
923 3627 981 3677 et
1012 3640 1046 3678 a
1076 3623 1577 3681 sollicitudinibus
1610 3630 1667 3681 et
1695 3626 1916 3682 divitiis

267 3709 329 3762 et
357 3705 753 3778 voluptatibus
783 3711 911 3765 vitae
933 3717 1141 3769 euntes
1169 3715 1612 3783 suﬂ‘ocantur,et
1633 3732 1747 3771 non
1770 3717 1916 3770 refe-

265 3800 411 3851 runt
432 3796 709 3853 fructum.
740 3799 901 3862 Quod
927 3806 1125 3857 autem
1148 3801 1208 3857 in
1231 3804 1445 3859 bonam
1472 3802 1756 3872 terram,ii
1778 3807 1918 3859 sunt

262 3883 366 3955 qui
389 3884 447 3939 in
470 3886 641 3942 corde
668 3888 818 3943 bono
845 3894 902 3944 et
922 3891 1143 3962 Optimo
1176 3892 1484 3948 audientes
1511 3893 1755 3949 verbum
1779 3893 1914 3949 reti-

259 3976 488 4040 nent,et
516 3974 771 4030 fructum
796 3978 1048 4034 afferunt
1080 3978 1140 4035 in
1173 3981 1474 4052 patientia.
1499 3982 1681 4038 Nemo
1713 3988 1911 4038 autem

256 4060 562 4118 lucernam
595 4066 943 4135 accendens,
977 4068 1165 4140 operit
1206 4086 1338 4126 eam
1380 4088 1533 4140 vase,
1567 4076 1671 4126 aut
1702 4072 1913 4127 subtus

249 4149 475 4206 lectum
502 4155 668 4223 ponit
696 4171 709 4222 ;
742 4156 842 4210 sed
873 4173 1053 4227 supra
1074 4158 1493 4214 candelabrum
1519 4159 1702 4231 ponit,
1737 4164 1801 4216 ut
1822 4160 1911 4216 in-

251 4244 480 4295 trantes
499 4243 735 4298 videant
750 4243 970 4301 lumen.
1000 4245 1124 4303 Non
1143 4248 1299 4303 enim
1329 4252 1418 4305 est
1433 4248 1727 4305 occultum
1750 4252 1908 4322 quod

254 4344 376 4383 non
410 4331 841 4401 manifestetur,
870 4351 973 4390 nec
1022 4336 1434 4393 absconditum
1466 4339 1622 4410 quod
1664 4356 1779 4395 non
1810 4356 1911 4395 co-

254 4424 602 4489 gnoscatur,
622 4427 680 4475 et
700 4420 757 4475 in
782 4421 977 4493 palam
996 4424 1211 4481 veniat.
1237 4426 1435 4483 Videte
1456 4442 1594 4500 ergo
1618 4430 1912 4500 quomodo

253 4507 509 4563 audistis
532 4510 573 4564 ‘.
598 4509 706 4576 Qui
726 4511 881 4567 enim
904 4512 1078 4568 habet
1098 4514 1430 4571 dabiturilli
1448 4532 1459 4571 :
1480 4522 1536 4573 et
1552 4516 1912 4591 quicumque

258 4612 376 4651 non
402 4596 781 4668 habet,etiam
805 4602 958 4671 quod
984 4607 1153 4675 putat
1172 4620 1234 4659 se
1256 4603 1493 4672 habere,
1512 4606 1809 4663 auferetur
1837 4608 1910 4664 ab

257 4685 381 4741 illo.

330 4777 392 4829 El
405 4781 533 4847 post
550 4779 904 4850 aliquanlum
922 4781 1046 4852 [ne]
1071 4799 1083 4837 :
1103 4782 1446 4841 Convocatis
1473 4791 1668 4842 autem
1691 4787 1910 4845 duode-

250 4864 369 4920 cim
386 4867 865 4937 Apostolis,dedit
880 4869 997 4926 illis
1010 4872 1289 4930 virtutem
1303 4879 1360 4931 et
1372 4881 1720 4948 potestatem
1735 4895 1913 4950 super

249 4954 455 5010 omnia.
485 4956 795 5028 daemonia,
815 4964 871 5014 et
894 4962 959 5015 ut
987 4960 1306 5034 languores
1324 4970 1616 5022 curarent.
1650 4968 1719 5022 Et
1751 4968 1912 5023 misit

247 5043 387 5099 illos
415 5046 729 5115 pradieare
758 5065 1003 5121 regnum
1039 5052 1159 5117 Dei,
1186 5058 1244 5108 et
1264 5070 1471 5111 sanare
1513 5055 1802 5113 inﬁrmos.
1844 5058 1913 5113 Et

252 5133 335 5189 ait
358 5134 429 5189 ad
451 5134 585 5191 illos
600 5152 613 5192 :
630 5136 789 5192 Nihil
805 5138 1062 5195 tuleritis
1076 5141 1135 5198 in
1149 5141 1458 5215 via,neque
1474 5144 1701 5217 virgam
1723 5163 1912 5219 neque

318 5312 338 5349 ί
365 5313 559 5381 Regius
589 5316 783 5381 codex,
812 5319 1014 5381 fructus
1051 5318 1222 5371 bonos.

318 5384 341 5418 ε
369 5378 440 5451 19.
461 5382 632 5451 ιῇᾳβίο.
655 5378 935 5451 Madeest
983 5384 1085 5438 hic.
1116 5385 1294 5435 tibiis:
1338 5400 1514 5451 neque
1561 5386 1781 5437 additur
1809 5389 1911 5440 ista

250 5455 359 5495 vox
385 5440 580 5514 Matth.
616 5445 691 5503 11,
715 5457 764 5514 v.
798 5447 853 5494 17
880 5458 893 5505 ;
931 5459 1054 5514 eum
1076 5452 1283 5514 _ta_men
1312 5440 1567 5512 gracum,
1598 5452 1907 5514 euldramen,

251 5507 415 5577 quod.
429 5505 667 5577 verbum
688 5511 914 5577 utroque
936 5505 1341 5577 loeobabetur;
1346 5526 1457 5562 non
1486 5505 1562 5565 sit
1581 5505 1907 5576 simpliciter,

251 5569 545 5627 cecinimus,
578 5569 692 5629 sed,
720 5569 997 5620 cecihimus
1031 5572 1187 5622 tibiis.

319 5636 341 5699 ι
368 5635 432 5699 in
454 5631 637 5699 sacris
656 5633 848 5690 Bibliis,
880 5634 970 5699 qui
997 5635 1072 5684 ad
1098 5640 1313 5699 tempus.

317 5692 599 5766 {Vulgata
624 5694 681 5745 in
735 5692 962 5766 excusis,
1021 5692 1270 5752 audiaiis.
1330 5702 1391 5753 in
1439 5700 1675 5765 antiquis
1729 5704 1908 5754 autem

252 5757 414 5817 Corb.
442 5754 650 5822 Bibliis,
680 5757 898 5813 auditis.

1513 293 1613 351 DE
1658 289 2100 353 SCRIPTURA
2147 288 2428 349 SACRA.

3558 283 3676 345 986

2026 437 2252 492 peram,
2269 436 2460 492 neque
2480 436 2716 493 panem,
2738 435 2926 490 neque
2947 417 3279 490 pecuniam,
3305 430 3492 487 neque
3523 416 3672 471 duas

2024 510 2255 565 tunicas
2287 510 2570 567 habeatis.
2602 509 2745 564 Etin
2766 522 3202 580 quamcumque
3225 507 3465 561 domum
3488 506 3670 560 intra-

2025 599 2332 665 veritis,ihi
2367 604 2682 666 manete,et
2712 598 2846 652 inde
2872 615 2940 653 ue
2961 597 3198 652 exeatis.
3224 597 3293 651 Et
3314 595 3671 666 quicumque

2026 706 2140 742 non
2164 688 2490 759 receperint
2517 705 2637 754 vos,
2672 694 2950 742 exeuntes
2974 687 3043 741 de
3068 685 3331 741 civitates
3354 683 3473 750 illa,
3494 683 3669 739 etiam

2024 775 2318 848 pulverem
2346 778 2557 847 pedum
2578 781 2903 832 vestrorum
2923 775 3175 830 exeutite
3192 774 3249 828 in
3268 770 3669 829 testimonium

2023 882 2199 936 super
2229 864 2383 920 illos.
2403 871 2545 922 [lem
2566 873 2685 936 post
2703 866 3089 936 aliquantum:
3122 863 3359 918 Dicebat
3382 866 3578 917 autem
3596 861 3668 915 ad

2024 971 2265 1009 omnes:
2298 956 2354 1007 Si
2388 955 2522 1025 quis
2545 954 2666 1008 vult
2700 964 2829 1024 post
2861 971 2950 1008 me
2980 952 3192 1020 venire,
3210 953 3459 1022 abneget
3480 965 3668 1005 seme-

2021 1044 2328 1113 tipsum,et
2351 1043 2757 1098 tollatcrucem
2790 1060 2958 1097 suam
2983 1041 3278 1113 quotidie‘
3304 1046 3361 1095 et
3388 1042 3672 1110 sequatur

2025 1148 2137 1187 me.
2162 1132 2270 1197 Qui
2290 1132 2447 1186 enim
2472 1130 2720 1185 voluerit
2749 1130 3007 1185 animam
3030 1146 3197 1185 suam
3218 1127 3434 1183 salvam
3459 1128 3666 1193 facere,

2023 1221 2224 1291 perdet
2272 1219 2453 1274 illam.
2508 1219 2653 1273 Nam
2715 1218 2813 1288 qui
2848 1218 3166 1289 perdiderit
3208 1216 3463 1272 animam
3499 1231 3666 1270 suam

2022 1313 2263 1379 propter
2293 1308 2633 1375 me,salvam
2661 1307 2836 1363 l'aeiet
2866 1306 3053 1361 illam.
3084 1304 3231 1371 Quid
3254 1305 3412 1360 enim
3443 1301 3672 1375 prolicit

2022 1397 2213 1465 homo,
2263 1396 2312 1452 si
2362 1396 2622 1452 lucretur
2656 1396 2992 1451 universum
3038 1395 3348 1461 mundum,
3380 1409 3444 1447 se
3474 1396 3668 1447 autem

2021 1486 2215 1557 ipsum
2249 1486 2475 1557 perdat,
2504 1490 2561 1540 et
2603 1484 3018 1540 detrimentum
3045 1483 3139 1538 sui
3173 1483 3309 1537 (lat2
3332 1482 3359 1536 ?
3397 1481 3542 1537 Nam
3567 1479 3668 1551 qui

2021 1592 2114 1631 me
2144 1576 2445 1630 erubuerit
2476 1580 2532 1630 et
2556 1591 2717 1630 meos
2748 1589 3069 1641 sermones,
3093 1572 3250 1626 hunc
3274 1569 3453 1625 Filius
3477 1569 3667 1625 homi-

2022 1664 2114 1718 nis
2132 1665 2596 1731 erubescet,cum
2615 1663 2836 1717 venerit
2851 1662 2908 1715 in
2925 1661 3229 1731 majestate
3249 1663 3441 1726 sua,et
3458 1657 3665 1728 Patris,

2019 1758 2075 1807 et
2099 1758 2436 1807 sanctorum
2474 1750 2840 1823 Angelorum.
2880 1754 2943 1805 Et
2971 1751 3082 1804 alio
3116 1749 3260 1803 loco:
3296 1747 3665 1802 Intravitau-

2018 1846 2137 1897 tem
2190 1841 2462 1912 cogitatio
2508 1840 2563 1893 in
2607 1857 2725 1907 eos,
2760 1839 2893 1910 quis
2923 1855 3122 1893 eorum
3158 1837 3345 1907 major
3392 1838 3566 1891 esset.
3599 1836 3666 1890 At

2016 1931 2187 1985 Jesus
2206 1932 2407 1984 videns
2432 1929 2813 2000 cogitationes
2845 1929 3038 1984 cordis
3069 1928 3324 1992 illorum,
3345 1924 3666 1996 apprehen-

2017 2020 2164 2075 dens
2188 2036 2433 2090 puerum
2457 2019 2664 2073 statuit
2693 2035 2827 2073 eum
2861 2034 3031 2073 secus
3057 2034 3139 2082 se,
3163 2022 3220 2071 et
3237 2015 3317 2071 ait
3341 2014 3493 2070 illis:
3526 2014 3665 2079 Qui-

2019 2124 2270 2180 cumque
2297 2108 2626 2179 susceperit
2656 2124 2905 2179 puerum
2938 2107 3113 2161 istum
3148 2106 3206 2159 in
3246 2106 3482 2160 nomine
3513 2119 3663 2171 meo,

2020 2213 2111 2252 me
2142 2196 2384 2267 recipit;
2436 2202 2491 2252 et
2541 2196 2899 2268 quicumque
2948 2213 3039 2251 me
3098 2196 3399 2266 receperit,
3464 2191 3668 2263 recipit

2018 2302 2153 2341 eum
2193 2285 2290 2354 qui
2318 2302 2411 2340 me
2443 2285 2781 2341 misit.Nam
2807 2285 2905 2355 qui
2940 2284 3132 2339 minor
3162 2287 3251 2337 est
3282 2283 3434 2337 inter
3465 2298 3667 2337 omnes

2018 2392 2138 2441 vos,
2179 2374 2270 2430 hic
2306 2376 2495 2443 major
2545 2380 2654 2430 est.
2688 2377 2753 2430 Et
2779 2378 2898 2445 post
2929 2375 3312 2444 aliquantum:
3344 2371 3442 2425 Ait
3472 2377 3666 2426 autem

2018 2464 2089 2518 ad
2118 2463 2393 2532 alterum,
2424 2472 2674 2534 Sequere
2697 2480 2809 2518 me.
2844 2462 2947 2517 Ille
2975 2468 3172 2517 autem
3206 2461 3378 2516 dixit:
3399 2459 3665 2523 Domine,

1994 2554 2290 2625 permitte
2312 2553 2455 2607 mihi
2472 2554 2723 2623 primum
2749 2552 2913 2620 ire,et
2934 2550 3184 2623 sepelire
3206 2560 3427 2622 patrem
3451 2565 3664 2604 meum.

2021 2642 2287 2712 Dixitque
2316 2641 2368 2696 ei
2398 2642 2567 2696 Jesus
2597 2657 2610 2694 :
2657 2641 2792 2695 Sine
2840 2646 2904 2695 ut
2944 2639 3158 2695 mortui
3191 2638 3477 2711 sepeliant
3509 2654 3665 2692 mor-

2017 2734 2151 2785 tuos
2181 2746 2358 2796 suos;
2402 2733 2464 2783 tu
2498 2735 2695 2784 autem
2735 2729 2901 2795 vade,
2946 2727 3235 2783 annuntia
3264 2743 3511 2798 regnum
3544 2724 3664 2781 Dei.

2018 2825 2086 2874 Et
2106 2822 2189 2874 ait
2218 2819 2403 2875 alter:
2436 2823 2660 2892 Sequar
2692 2827 2766 2890 te,
2800 2820 3084 2887 Domine;
3119 2820 3220 2873 sed
3244 2818 3502 2889 primum
3535 2832 3667 2887 per-

2019 2910 2186 2964 mitte
2215 2909 2358 2963 mihi
2407 2909 2747 2964 renuntiare
2799 2909 2873 2964 iis
2919 2908 3019 2980 qui
3042 2910 3062 2943 ³
3089 2907 3248 2962 domi
3280 2911 3434 2962 sunt.
3465 2905 3562 2958 Ait
3592 2905 3663 2958 ad

2018 2997 2186 3053 illum
2215 3001 2389 3053 Jesus
2423 3012 2437 3053 :
2483 2997 2663 3053 Nemo
2696 2998 2936 3054 mittens
2968 3012 3209 3051 manum
3240 3011 3408 3050 suam
3442 2994 3501 3047 in
3533 3010 3665 3048 ara-

2023 3094 2202 3157 trum,
2233 3093 2291 3142 et
2320 3086 2639 3159 respiciens
2663 3094 2835 3157 retro,
2868 3092 3043 3158 aptus
3066 3090 3155 3141 est
3186 3101 3362 3156 regno
3394 3082 3519 3139 Dei.

2089 3179 2155 3232 Et
2181 3180 2301 3247 post
2322 3175 2628 3248 paululum
2658 3176 2761 3247 [x.]
2791 3194 2804 3231 :
2854 3181 2997 3232 Ecce
3028 3192 3134 3247 ego
3176 3175 3346 3229 mitto
3377 3190 3476 3228 vos
3508 3170 3664 3227 sicut

2021 3282 2206 3336 agnos
2237 3265 2390 3320 inter
2417 3265 2607 3337 lupos.
2643 3264 2831 3320 Nolite
2864 3270 3094 3337 portare
3122 3262 3446 3328 sacculum,
3479 3275 3668 3331 neque

2023 3371 2242 3422 peram,
2277 3370 2467 3426 neque
2514 3353 2932 3419 calceamenta,
2964 3358 3021 3409 et
3052 3352 3343 3408 neminem
3372 3367 3475 3422 per
3512 3350 3665 3404 viam

2021 3444 2438 3511 salutaveritis,
2471 3447 2536 3498 In
2561 3460 2993 3514 quamcumque
3017 3444 3255 3499 domum
3288 3438 3670 3505 intraveritis,

2022 3535 2275 3607 primum
2326 3534 2522 3605 dicite,
2574 3533 2686 3588 Pax
2737 3533 2874 3589 huic
2907 3534 3146 3589 domui:
3180 3538 3238 3589 et
3279 3533 3330 3588 si
3371 3531 3452 3587 ibi
3493 3530 3671 3585 fuerit

2022 3623 2178 3678 ﬁlius
2212 3624 2395 3695 pacis,
2428 3623 2753 3694 requiescet
2801 3640 2978 3695 super
3035 3622 3202 3677 illum
3262 3639 3372 3694 pax
3428 3625 3663 3680 vestra:

2020 3713 2112 3768 sin
2142 3717 2362 3779 autem,
2383 3713 2453 3767 ad
2476 3728 2578 3767 vos
2596 3717 2932 3768 revertetur.
2958 3713 3021 3767 In
3040 3713 3241 3768 eadem
3275 3717 3468 3766 autem
3492 3710 3665 3765 domo

2021 3808 2255 3857 manete
2284 3802 2522 3858 edentes
2557 3806 2614 3856 et
2667 3802 2935 3857 bibentes
2965 3819 3095 3873 quae
3137 3802 3293 3873 apud
3320 3799 3451 3855 illos
3482 3803 3621 3854 sunt
3650 3816 3662 3865 ;

2019 3891 2234 3962 dignus
2260 3890 2416 3945 enim
2473 3894 2564 3946 est
2619 3891 2923 3962 operarius
2978 3892 3242 3947 mercede
3299 3907 3425 3945 sua.
3476 3887 3664 3944 Nolite

2017 3979 2269 4035 transire
2315 3980 2386 4033 de
2432 3980 2605 4035 domo
2650 3980 2708 4034 in
2742 3981 3001 4035 domum.
3038 3981 3107 4036 Et
3137 3982 3193 4035 in
3227 3994 3663 4050 quamcumque

2018 4069 2308 4124 civitatem
2339 4067 2717 4135 intraveritis,
2751 4074 2809 4124 et
2853 4071 3224 4141 susceperint
3254 4086 3375 4136 vos,
3411 4067 3660 4123 mandu-

2017 4162 2140 4214 cate
2171 4174 2553 4229 quaecumque
2581 4165 2959 4229 apponuntur
3004 4158 3202 4225 vobis;
3234 4163 3293 4214 et
3344 4162 3541 4212 curate
3572 4156 3661 4211 in-

2016 4248 2218 4303 firmos
2258 4246 2356 4318 qui
2389 4247 2447 4301 in
2494 4246 2594 4301 illa
2623 4254 2786 4313 sunt,
2818 4253 2875 4302 et
2916 4247 3093 4303 dicite
3123 4248 3281 4303 illis:
3333 4246 3661 4319 Appropin-

2016 4338 2220 4409 quavit
2247 4338 2307 4392 in
2338 4353 2439 4393 vos
2470 4352 2713 4407 regnum
2746 4337 2866 4393 Dei.
2902 4339 2964 4392 In
2997 4353 3433 4409 quamcumque
3463 4335 3660 4390 civita-

2014 4434 2131 4484 tem
2163 4428 2539 4496 intraveritis,
2573 4436 2631 4484 et
2660 4445 2773 4483 non
2808 4429 3130 4500 receperint
3149 4446 3272 4499 vos,
3304 4430 3579 4484 exeuntes
3603 4426 3661 4481 in

2015 4517 2238 4590 plateas
2291 4518 2418 4588 ejus
2465 4518 2675 4573 dicite:
2727 4518 2912 4573 Etiam
2956 4518 3252 4590 pulverem
3285 4518 3385 4591 qui
3417 4516 3665 4572 adhaesit

2015 4607 2187 4664 nobis
2218 4607 2288 4662 de
2316 4596 2551 4663 civitate
2581 4612 2796 4678 vestra,
2829 4608 3187 4679 extergimus
3208 4606 3268 4662 in
3299 4624 3399 4663 vos
3424 4624 3437 4675 ;
3462 4612 3659 4662 tamen

2015 4696 2124 4751 hoc
2154 4696 2386 4763 scitote,
2418 4695 2558 4767 quia
2588 4696 3082 4767 appropinquavit
3103 4713 3342 4765 regnum
3373 4696 3496 4751 Dei.
3521 4695 3659 4750 Dico

2013 4785 2200 4855 vobis,
2235 4785 2371 4857 quia
2401 4784 2671 4841 Sodomis
2712 4784 2772 4840 in
2792 4785 2883 4839 die
2904 4785 3001 4839 illa
3019 4785 3325 4840 remissius
3353 4787 3463 4840 erit
3484 4801 3659 4854 quam

2015 4873 2098 4929 illi
2132 4874 2370 4929 civitati.
2403 4876 2468 4929 Et
2497 4882 2616 4946 post
2652 4874 2945 4945 paululum
2970 4892 2982 4930 :
3008 4874 3422 4929 Verumtamen
3457 4874 3515 4928 in
3549 4874 3657 4929 hoc

2015 4963 2195 5019 nolite
2225 4965 2497 5033 gaudere,
2532 4963 2671 5034 quia
2718 4964 2966 5035 spiritus
3013 4963 3176 5019 vobis
3223 4962 3656 5034 subjiciuntur:

2015 5052 2264 5124 gaudete
2295 5057 2516 5122 autem,
2549 5052 2704 5123 quod
2756 5051 2996 5107 nomina
3040 5062 3230 5108 vestra
3270 5052 3490 5122 scripta
3520 5054 3663 5107 sunt

2016 5142 2076 5197 in
2107 5140 2290 5197 cmlis.
2321 5142 2389 5196 El
2417 5150 2538 5211 post
2566 5142 2863 5212 paululum
2895 5158 2908 5197 :
2963 5143 3105 5197 Ecce
3135 5143 3376 5212 quidam
3409 5140 3660 5212 legispe-

2016 5230 2163 5287 ritus
2194 5230 2470 5302 surrexit,
2504 5235 2737 5286 tentans
2768 5230 2957 5299 illum,
2990 5236 3046 5286 et
3096 5232 3334 5286 dicens:
3367 5230 3659 5300 Magister,

2014 5320 2156 5393 quid
2212 5319 2475 5375 faciendo
2510 5320 2687 5375 vitam
2718 5326 2992 5376 aeternam
3037 5320 3349 5392 pessidebo
3385 5321 3407 5375 Ρ
3456 5324 3530 5374 At
3561 5318 3660 5375 ille

2013 5410 2157 5466 dixit
2203 5410 2275 5465 ad
2323 5425 2457 5465 eum
2496 5424 2509 5464 :
2542 5408 2605 5463 In
2652 5414 2796 5480 Lege
2839 5409 2980 5480 quid
3013 5409 3299 5482 scriptum
3330 5413 3420 5465 est
3447 5409 3475 5463 ‘l
3513 5427 3660 5481 quo-

2076 5520 2093 5582 !
2126 5517 2185 5582 in
2212 5516 2342 5582 ‘Mss.
2377 5515 2538 5582 Regio
2560 5518 2622 5582 et
2650 5515 2965 5566 Carnutensi
2996 5530 3104 5566 non
3149 5517 3381 5579 additur,
3414 5516 3663 5582 quotidie.

2074 5581 2097 5614 ⁸
2127 5578 2370 5639 Vulgata,
2401 5579 2583 5639 faciat.

2075 5642 2097 5677 ³
2127 5641 2209 5705 Sic
2238 5638 2407 5690 etiam
2432 5641 2487 5705 in
2515 5639 2691 5705 _Corb.
2713 5638 2924 5705 _Bibliis
2964 5641 3194 5705 habebat
3250 5642 3505 5705 Vulgata;
3538 5641 3664 5691 licet

2012 5704 2234 5754 nuncin
2267 5703 2478 5753 excusis
2506 5702 2661 5772 (erat,
2703 5701 2785 5753 Im
2813 5717 2924 5769 qua
2969 5704 3115 5758 domi
3138 5708 3258 5756 sunt
3274 5719 3297 5772 ;
3342 5701 3536 5757 neutro
3565 5718 3659 5771 ge-

2009 5780 2158 5831 nere,
2191 5779 2304 5818 non
2332 5765 2650 5818 masculino.
