4200 6352
152 360 289 419 1013

150 490 764 569 erroris.Ren_ovamini
798 496 993 548 autem
1029 493 1240 565 spiritu
1276 492 1490 548 mentis
1514 493 1799 559 vestrmet

148 581 360 636 induite
390 599 603 638 novum
623 582 1051 655 hominem,qui
1082 584 1405 639 secundum
1432 584 1615 639 Deum
1636 596 1794 637 crea-

153 676 240 726 tus
254 676 339 725 est
367 670 426 726 in
439 672 680 743 justitia
695 676 751 727 et
766 672 1076 729 sanctitate
1090 672 1621 744 veritatis.Propter
1640 671 1791 742 quod

145 761 489 831 deponentes
518 762 913 832 mendacium,
938 761 1248 834 loquimini
1280 762 1579 819 veritatem
1609 778 1791 816 unus-

145 849 385 921 quisque
407 866 544 905 cum
568 851 830 922 proximo
853 868 983 918 suo;
1012 852 1285 922 quoniam
1307 868 1515 907 sumus
1545 850 1788 905 invicem

144 939 415 995 membra.
452 940 867 1007 Irascimini,et
897 940 1074 996 nolite
1107 940 1466 1013 peccare.Sol
1503 957 1613 995 non
1637 939 1784 995 occi-

141 1027 235 1082 dat
265 1045 440 1099 super
472 1028 840 1085 iracundiam
874 1036 1145 1085 vestram.
1188 1030 1376 1086 Nolite
1408 1030 1597 1085 locum
1650 1029 1786 1084 dare

144 1116 390 1172 diabolo.
427 1118 534 1183 Qui
569 1118 1023 1190 furabatur,jam
1058 1136 1171 1174 non
1194 1120 1438 1184 furetur;
1474 1118 1660 1189 magis
1682 1135 1784 1173 au-

140 1208 251 1260 tem
282 1207 810 1279 laboretoperando
827 1208 1103 1265 manibus
1120 1210 1244 1265 suis
1262 1209 1416 1280 quod
1433 1209 1649 1265 bonum
1674 1221 1780 1275 est,

136 1298 197 1349 ut
226 1294 433 1349 habeat
461 1297 614 1351 unde
635 1296 853 1352 tribuat
875 1297 1281 1354 necessitatem
1307 1296 1781 1369 patienti.0mnis

135 1398 321 1439 sermo
348 1383 540 1441 malus
560 1402 628 1441 ex
648 1403 745 1441 ore
766 1392 957 1443 vestro
982 1404 1095 1442 non
1114 1391 1389 1459 procedat
1414 1406 1425 1454 ;
1454 1388 1552 1442 sed
1573 1388 1619 1442 si
1646 1387 1778 1458 quis

136 1473 318 1528 bonus
352 1475 421 1528 ad
447 1475 890 1531 azdificationem
915 1478 1370 1548 opportunitatis
1395 1480 1507 1542 ‘,ut
1528 1478 1625 1531 det
1646 1494 1775 1547 gra-

130 1562 269 1617 tiam
289 1564 686 1620 audientibus.
704 1565 770 1619 Et
788 1565 965 1620 nolite
983 1567 1328 1622 contristare
1342 1566 1616 1636 Spiritum
1644 1582 1776 1621 san-

132 1656 284 1706 ctum
323 1652 504 1718 Dei,in
538 1670 651 1725 quo
686 1653 897 1725 signati
932 1655 1073 1710 estis
1096 1656 1153 1710 in
1188 1656 1281 1710 die
1312 1654 1769 1725 redemptionis’.

133 1740 331 1796 Omnis
361 1742 710 1809 amaritudo,
745 1749 802 1799 et
833 1744 937 1813 ira,
971 1751 1028 1799 et
1054 1745 1401 1816 indignatio,
1434 1750 1489 1799 et
1527 1742 1770 1809 clamor,

126 1834 183 1885 et
214 1830 576 1902 blasphemia
608 1832 849 1888 tollatur
878 1852 910 1888 a
940 1834 1125 1897 vobis,
1159 1851 1293 1889 cum
1335 1837 1490 1888 omni
1520 1833 1766 1887 malitia.

122 1921 316 1974 Estote
333 1924 528 1975 autem
563 1920 808 1978 invicem
823 1922 1521 1994 benigni,misericordes,
1546 1922 1765 1976 donan-

120 2012 209 2063 tes
238 2008 667 2077 invicem,sicut
697 2014 754 2065 et
786 2010 939 2067 Deus
970 2010 1026 2065 in
1055 2011 1284 2067 Christo
1314 2012 1548 2067 donavit
1578 2010 1760 2065 vobis.

196 2098 291 2168 [v.j
323 2098 514 2154 Estote
546 2115 683 2171 ergo
708 2100 1031 2155 imitatores
1069 2102 1184 2167 Dei,
1219 2102 1372 2156 sicut
1404 2100 1503 2154 filii
1539 2101 1761 2155 charis-

115 2186 251 2241 simi
278 2212 289 2253 ;
323 2190 375 2241 et
416 2188 714 2243 ambulate
748 2189 805 2243 in
840 2188 1171 2256 dilectione,
1202 2190 1354 2245 sicut
1384 2195 1439 2244 et
1468 2189 1757 2246 Christus-

109 2275 310 2331 dilexit
331 2282 521 2345 nos,et
538 2278 782 2333 tradidit
801 2279 1180 2350 semetipsum
1210 2295 1313 2350 pro
1336 2279 1501 2335 nobis
1521 2281 1763 2336 oblatio-

110 2381 245 2419 nem
276 2368 331 2419 et
353 2365 603 2421 hostiam
632 2371 741 2421 Deo
763 2367 822 2423 in
845 2368 1080 2423 odorem
1097 2368 1757 2425 suavitatis.Fornicatio

109 2458 394 2522 autem,et
416 2455 611 2511 omnis
640 2456 1539 2526 immunditia,autavaritia,nec
1563 2459 1755 2514 nomi-

110 2548 283 2597 netur
312 2543 368 2597 in
402 2545 586 2615 vobis,
620 2546 771 2600 sicut
802 2548 965 2601 decet
994 2554 1265 2603 sanctos:
1302 2553 1403 2603 aut
1433 2549 1753 2620 turpitudo,

108 2637 211 2686 aut
240 2633 704 2705 stultiloquium,
738 2640 839 2690 aut
867 2636 1193 2692 scurrilitas
1226 2655 1352 2709 qua:
1384 2639 1455 2693 ad
1493 2655 1614 2693 rem
1640 2656 1752 2693 non

106 2722 355 2792 pertinet
390 2748 402 2789 ;
435 2724 534 2778 sed
570 2724 754 2794 magis
783 2726 1106 2795 gratiarum
1139 2726 1433 2782 actio.lloc
1464 2728 1619 2783 enim
1644 2727 1753 2783 sci-

108 2816 231 2866 tote
265 2811 675 2883 intelligentes,
709 2815 860 2885 quod
897 2816 1089 2869 omnis
1122 2816 1455 2881 fornicator,
1515 2823 1615 2871 aut
1646 2817 1755 2871 im-

110 2902 394 2968 mundus,
429 2909 530 2956 aut
560 2919 795 2969 avarus,
828 2905 982 2975 quod
1016 2910 1104 2959 est
1154 2904 1446 2960 idolorum
1480 2906 1751 2976 servitus,

106 3006 224 3044 non
257 2989 431 3045 habet
464 2991 862 3047 haereditatem
896 2994 955 3047 in
988 3010 1161 3062 regno
1191 2994 1401 3049 Christi
1431 3000 1489 3050 et
1524 2995 1753 3050 Dei.Ne-

103 3096 203 3134 mo
235 3094 333 3134 vos
364 3082 605 3135 seducet
626 3081 900 3137 inanibus
930 3083 1157 3139 verbis:
1185 3088 1419 3155 propter
1448 3084 1567 3139 haec
1598 3085 1753 3141 enim

102 3169 266 3222 venit
325 3168 408 3224 ira
461 3170 555 3225 Dei
615 3170 673 3224 in
715 3171 866 3227 filios
927 3172 1287 3231 diffidentia.
1346 3174 1531 3231 Nolite
1605 3175 1753 3230 effici

100 3258 419 3330 participes
477 3275 700 3315 eorum.
763 3262 951 3316 Eratis
1009 3262 1165 3317 enim
1217 3263 1533 3334 aliquando
1596 3269 1756 3320 tene-

101 3348 261 3415 bras;
297 3365 453 3403 nunc
484 3354 681 3404 autem
706 3348 804 3405 lux
830 3350 888 3405 in
912 3351 1195 3408 Domino:
1232 3358 1293 3407 ut
1327 3353 1426 3407 filii
1451 3353 1597 3409 lucis
1630 3372 1752 3410 am-

98 3436 303 3491 bulate
336 3438 583 3507 (fructus
616 3439 769 3493 enim
808 3440 954 3494 lueis
987 3446 1075 3495 est
1106 3441 1161 3495 in
1222 3442 1381 3497 omni
1413 3444 1669 3498 bonitate
1699 3448 1755 3499 et

89 3524 333 3595 justitia
362 3530 418 3581 et
446 3528 730 3596 veritate),
766 3530 1083 3600 probantes
1114 3531 1253 3602 quid
1288 3531 1367 3587 sit
1417 3531 1750 3603 beneplaci-

97 3618 230 3669 tum
266 3619 400 3671 Deo.
434 3617 501 3671 Et
527 3616 703 3673 nolite
734 3619 1168 3675 communicare
1215 3622 1490 3691 operibus
1532 3622 1747 3677 infruc-

93 3705 289 3759 tuosis
323 3706 695 3762 tenebrarum
734 3726 745 3763 :
784 3708 971 3780 magis
1002 3714 1196 3765 autem
1239 3711 1590 3782 redarguite.
1615 3715 1748 3776 Quae

84 3793 250 3848 enim
282 3793 340 3848 in
376 3795 603 3851 occulto
634 3797 783 3851 fiunt
814 3798 886 3852 ab
917 3798 1084 3869 ipsis,
1117 3802 1287 3867 turpe
1335 3805 1422 3854 est
1452 3805 1507 3855 et
1534 3802 1745 3856 dicere.

85 3883 517 3939 Omniaautem
552 3903 680 3955 qua:
712 3887 1748 3959 arguuntur,aluminemanifestan-

82 3976 209 4027 tur.
246 3974 431 4029 Omne
463 3974 618 4029 enim
682 3977 833 4047 quod
897 3977 1325 4044 manifestatur,
1387 3977 1583 4034 lumen
1635 3986 1742 4036 est.

82 4068 341 4134 Propter
372 4064 525 4134 quod
562 4064 742 4119 dicit:
774 4068 957 4137 Surge
989 4066 1087 4137 qui
1113 4067 1418 4131 dormis,et
1446 4084 1691 4140 exsurge
1714 4089 1745 4124 a

88 4152 373 4217 mortuis,
406 4157 462 4207 et
486 4152 845 4209 illuminabit
874 4155 976 4209 tibi
1009 4154 1275 4210 Christus
1305 4157 1344 4210 ³.
1382 4156 1578 4213 Videte
1636 4158 1744 4212 ita-

81 4259 231 4314 que,
270 4242 498 4311 fratres,
533 4246 827 4315 quomodo
858 4250 1026 4301 caute
1051 4245 1387 4314 ambuletis,
1430 4264 1542 4301 non
1576 4249 1740 4319 quasi

74 4331 465 4402 insipientes,
514 4333 611 4388 sed
651 4338 713 4388 ut
760 4334 1052 4405 sapientes
1085 4335 1439 4391 redimentes
1468 4341 1737 4408 tempus;

78 4420 375 4493 quoniam
410 4422 535 4477 dies
558 4421 695 4477 mali
730 4429 887 4478 sunt.
923 4424 1228 4496 Propterea
1259 4424 1438 4481 nolite
1466 4426 1585 4481 ﬁeri
1632 4427 1740 4481 im-

70 4511 434 4583 prudentes,
472 4513 571 4567 sed
608 4512 999 4585 intelligentes
1031 4532 1156 4586 quae
1190 4516 1265 4568 sit
1294 4514 1563 4571 voluntas
1614 4517 1735 4571 Dei.

74 4601 152 4656 Et
187 4598 375 4655 nolite
406 4600 679 4656 inebriari
708 4602 862 4667 vino,
915 4603 972 4659 in
1024 4619 1139 4674 quo
1197 4608 1284 4658 est
1325 4603 1553 4661 luxuria
1589 4624 1600 4661 :
1635 4607 1734 4661 sed

66 4687 420 4760 implemini
452 4690 667 4761 Spiritu
693 4696 895 4747 sancto
924 4691 1272 4764 ‘,loquentes
1303 4694 1740 4768 vobismetipsis

64 4778 133 4832 in
172 4776 430 4849 psalmis
459 4783 517 4834 et
546 4779 781 4851 hymnis
804 4785 857 4835 et
888 4782 1130 4836 canticis
1163 4782 1736 4854 spiritualibus,can-

139 4897 154 4926 ¹
192 4892 523 4958 νυιωψα
547 4895 935 4958 aediﬁcationem
954 4896 1170 4958 ﬁdei.At
1191 4899 1397 4948 codices
1427 4914 1615 4950 omnes
1637 4902 1738 4950 bu-

56 4956 161 5020 jus
196 4957 498 5025 SpeCIIIi,Itd_
524 4956 913 5025 aedificationem
933 4956 1352 5025 opportunitatis;
1379 4962 1531 5025 juxta
1555 4966 1739 5014 Hiero-

60 5032 329 5085 nymum,
364 5022 451 5081 qui
486 5021 629 5085 hunc
655 5022 706 5069 iu
738 5022 910 5071 locum
938 5021 1005 5070 id'
1026 5024 1275 5073 observat
1304 5040 1321 5073 :
1358 5021 1393 5071 «τ’
1414 5026 1515 5075 Pro
1548 5042 1630 5085 co,
1666 5030 1739 5077 ait

67 5104 92 5124 υ
132 5081 293 5153 quod
326 5096 423 5153 nos
454 5084 728 5153 posuimus
758 5085 829 5132 ad
872 5086 1265 5153 aediﬁcationem
1315 5081 1735 5153 Opportunitalis,

67 5165 95 5187 ι(
134 5146 367 5211 hpqest
395 5148 536 5209 quod
575 5148 768 5196 dicitur
797 5146 1088 5208 grmce,tdis
1116 5149 1333 5211 chr-eius,
1358 5152 1410 5198 in
1444 5151 1623 5201 latinis
1655 5146 1736 5202 co;

70 5226 95 5249 ιι
132 5206 963 5278 dicibusproptereuphoniam
998 5212 1220 5261 mutavit
1250 5206 1529 5275 interpres,
1564 5222 1616 5264 et
1650 5231 1736 5278 po-

68 5290 93 5313 u
132 5271 375 5335 suithavl
404 5271 797 5334 aediﬁcationem
828 5272 968 5335 ﬁdei.
1008 5294 1029 5314 υ

133 5336 157 5367 ²
194 5332 444 5402 Yulgata,
478 5332 528 5383 in
563 5336 697 5384 diem
748 5332 1115 5399 redemptionis
1146 5350 1157 5383 :
1190 5337 1509 5399 suﬂrngante
1542 5352 1732 5402 graeco,

58 5394 146 5443 eis
180 5397 433 5446 emeram.

136 5459 160 5527 ξ
189 5460 351 5527 l_.oco,
374 5459 497 5527 Alibi,
531 5460 971 5527 in__V‘u|gata_est,
1002 5462 1094 5527 te:
1125 5460 1245 5527 licet
1293 5476 1461 5527 graece
1512 5464 1732 5527 legatur,

55 5520 381 5589 ςρίρὴαωεὶ
406 5522 486 5573 soi
512 5536 541 5571 ο
570 5520 1099 5589 Xristdqjtlugesccl;
1132 5526 1243 5573 sive
1275 5526 1347 5573 uti
1382 5520 1736 5589 Hieronymus

62 5583 493 5646 interpretatur,
527 5588 724 5633 orietur
752 5584 852 5635 tibi
886 5586 1133 5633 Christus.

130 5648 154 5713 ξ
183 5646 285 5713 δερ
317 5648 473 5695 etiam
502 5648 727 5713 ,Vulgata
754 5649 803 5696 in
837 5649 1063 5697 exe-usis.
1096 5652 1161 5697 At
1208 5649 1263 5713 in
1314 5650 1549 5713 antiquis
1580 5653 1735 5701 Corb.

62 5708 417 5778 Bibliisnou
449 5708 681 5772 additur,
712 5714 932 5778 sancto;
968 5714 1109 5774 quod
1143 5712 1339 5775 pariter
1379 5708 1738 5778 llierouymus

56 5786 258 5834 graeco
290 5773 562 5825 inhaerens
592 5775 963 5837 praetermittit.

1405 362 1507 421 DE
1553 357 1989 420 SCRIPTURA
2035 359 2307 418 SACRA.

3406 364 3562 425 1014

1915 493 2108 547 tantes
2142 496 2198 547 et
2230 492 2545 564 psallentes
2585 495 2641 549 in
2702 495 2978 551 cordibus
3027 496 3235 553 vestris
3287 498 3556 569 Domino,

1907 581 2122 650 gratias
2150 587 2390 653 agentes
2414 600 2647 655 semper
2676 602 2778 656 pro
2807 586 3082 642 omnibus
3113 588 3169 641 in
3199 590 3432 644 nomine
3452 590 3557 644 Do-

1906 670 2048 723 mini
2086 672 2267 726 nostri
2298 671 2437 727 Jesu
2469 672 2703 741 Christi,
2742 676 2853 729 Deo
2887 680 2945 729 et
2974 676 3152 744 Patri,
3204 677 3452 746 subjecti
3476 679 3557 733 in-

1902 758 2087 813 vicem
2120 760 2177 813 in
2210 761 2419 815 timore
2451 761 2688 817 Christi.
2722 763 2997 820 Mulieres
3026 765 3164 819 viris
3196 766 3321 820 suis
3352 768 3555 822 subdi-

1901 850 1969 901 ιω
2002 847 2142 916 sint,
2176 848 2327 904 sicut
2358 850 2602 905 Domino
2629 868 2639 905 :
2677 852 2955 922 quoniam
2989 853 3075 907 vir
3096 858 3272 925 caput
3304 860 3393 910 est
3424 873 3553 911 mu-

1900 936 2082 1003 lieris,
2115 940 2269 993 sicut
2298 940 2564 995 Christus
2595 946 2771 1013 caput
2800 947 2890 997 est
2932 942 3215 1010 Ecclesiae,
3270 945 3395 1015 ipse
3424 945 3551 1001 Sal-

1894 1031 2057 1081 vator
2087 1032 2346 1100 corporis
2377 1030 2503 1100 ejus
2541 1030 2693 1085 ‘.Sed
2734 1032 2887 1086 sicut
2910 1032 3163 1088 Ecclesia
3182 1034 3438 1103 subjecta
3458 1040 3548 1091 est

1895 1115 2143 1181 Christo,
2178 1117 2256 1172 ita
2287 1124 2343 1173 et
2373 1119 2648 1174 mulieres
2680 1120 2819 1175 viris
2847 1121 2972 1176 suis
3004 1121 3061 1176 in
3094 1122 3542 1191 omnibus.Viri,

1894 1204 2119 1277 diligite
2134 1224 2342 1263 uxores
2358 1214 2598 1278 vestras,
2615 1210 2767 1264 sicut
2780 1216 2833 1264 et
2849 1210 3114 1267 Christus
3132 1210 3335 1267 dilexit
3351 1213 3539 1268 Eccle-

1893 1295 2063 1362 siam,
2090 1302 2146 1350 et
2176 1298 2435 1367 seipsum
2468 1298 2709 1353 tradidit
2745 1316 2845 1371 pro
2877 1304 2964 1367 e'a,
2998 1300 3243 1355 atillam
3275 1302 3539 1357 sanctiﬁ-

1891 1389 2066 1448 caret,
2127 1386 2423 1440 mundana
2452 1385 2678 1443 lavacro
2711 1404 2876 1459 aquae
2912 1388 2969 1443 in
3005 1390 3180 1445 verbo
3212 1392 3233 1425 ²
3266 1408 3278 1445 :
3314 1394 3379 1445 ut
3420 1391 3538 1446 exi-

1889 1472 2051 1527 baret
2082 1474 2205 1544 ipse
2236 1475 2345 1529 sibi
2377 1475 2690 1545 gloriosam
2728 1477 3189 1547 Ecclesiam,non
3224 1479 3535 1535 habentem

1888 1563 2180 1617 maculam
2216 1568 2315 1617 aut
2344 1570 2681 1636 rugam,aut
2699 1566 2921 1637 aliquid
2940 1568 3363 1636 ejusmodi;sed
3384 1570 3538 1625 utsit

1883 1652 2825 1708 sanctaetimmaculataJtaetviri
2842 1655 3311 1727 debentdiligcre
3327 1674 3535 1713 uxores

1882 1755 2041 1807 suas,
2074 1746 2133 1794 nt
2168 1757 2408 1813 corpora
2464 1759 2593 1796 sua.
2626 1743 2731 1807 Qui
2790 1760 2958 1798 suam
3017 1760 3254 1800 uxorem
3314 1746 3526 1818 diligit,

1881 1828 2139 1900 seipsum
2158 1830 2558 1902 diligit.Nemo
2573 1849 2832 1903 unquam
2849 1850 3081 1888 carnem
3098 1851 3265 1889 suam
3280 1836 3411 1890 odio
3425 1836 3523 1891 ha-

1880 1919 2033 1987 buit;
2059 1920 2158 1973 sed
2185 1920 2370 1975 nutrit
2391 1925 2447 1975 et
2472 1922 2619 1976 fovet
2639 1922 2951 1990 eam,sicut
2968 1929 3024 1979 et
3044 1924 3311 1980 Christus
3334 1925 3520 1982 Eccle-

1877 2006 2023 2061 siam
2061 2026 2072 2061 :
2110 2008 2245 2079 quia
2281 2011 2543 2064 membra
2575 2027 2782 2067 sumus
2806 2012 3065 2083 corporis
3097 2014 3329 2085 ejus,de
3347 2031 3521 2070 carne

1873 2098 2000 2166 ejus
2028 2103 2083 2152 et
2113 2098 2183 2153 de
2214 2099 2447 2153 ossibus
2473 2100 2868 2172 ejus.Propter
2894 2100 3002 2156 hoc
3024 2102 3314 2174 relinquet
3338 2103 3514 2159 homo

1872 2198 2093 2256 patrem
2128 2192 2185 2242 et
2213 2191 2458 2242 matrem
2493 2205 2686 2255 suam,
2719 2189 3035 2245 adhaerebit
3067 2193 3228 2246 uxori
3261 2210 3381 2248 suae
3409 2218 3422 2260 ;
3456 2198 3511 2248 et

1868 2280 2041 2330 erunt
2070 2277 2183 2331 duo
2215 2276 2273 2331 in
2291 2292 2467 2333 carne
2488 2279 3074 2334 una.Sacramentum
3104 2280 3211 2335 hoc
3234 2298 3512 2353 magnum

1869 2369 1958 2420 est
1993 2382 2005 2421 :
2040 2381 2143 2437 ego
2177 2371 2372 2421 autem
2406 2368 2533 2421 dico
2555 2366 2612 2420 in
2647 2367 2877 2424 Christo
2909 2374 2965 2424 et
3009 2369 3065 2423 in
3102 2369 3373 2425 Ecclesia.
3406 2371 3514 2426 Ve-

1869 2460 2198 2509 rumtamen
2217 2460 2271 2509 et
2294 2473 2395 2510 vos
2414 2454 2650 2526 singuli,
2671 2458 3083 2529 unusquisque
3096 2475 3331 2516 uxorem
3348 2478 3513 2515 suam

1868 2544 2021 2599 sicut
2046 2545 2307 2616 seipsum
2340 2544 2545 2617 diligat
2580 2562 2591 2600 :
2630 2562 2771 2601 uxor
2802 2552 2997 2602 autem
3054 2549 3259 2603 timeat
3306 2551 3513 2605 virum.

1939 2637 2061 2703 [v1.]
2092 2633 2239 2702 Filii,
2274 2634 2502 2689 obedite
2535 2636 2881 2706 parentibus
2912 2637 3123 2692 vestris
3156 2638 3212 2691 in
3250 2639 3514 2693 Domino.

1866 2722 1984 2777 Hoc
2015 2723 2169 2777 enim
2198 2724 2428 2793 justum
2453 2728 2560 2778 est.
2598 2724 2824 2779 Honora
2856 2729 3077 2797 patrem
3111 2731 3279 2782 tuum
3312 2734 3365 2781 et
3399 2745 3517 2783 ma-

1865 2810 2198 2880 trem,quod
2231 2811 2605 2882 estprimum
2633 2812 2975 2867 mandatum
3008 2812 3063 2867 in
3100 2814 3509 2885 promissione,

1868 2904 1933 2954 ut
1961 2900 2108 2955 bene
2140 2901 2217 2957 sit
2248 2901 2375 2967 tibi,
2409 2905 2465 2954 et
2494 2900 2576 2955 sis
2606 2900 2903 2970 longmvus
2936 2917 3114 2972 super
3149 2906 3386 2958 terram.
3425 2910 3508 2971 Et,

1865 2988 2267 3061 patres,nolite
2290 2990 2359 3043 ad
2384 2989 2745 3044 iracundiam
2773 3005 3082 3061 provocare
3099 2990 3245 3045 tilios
3263 2996 3506 3057 vestros,

1866 3078 1963 3133 sed
1999 3079 2239 3133 educate
2272 3094 2368 3132 eos
2398 3077 2457 3131 in
2482 3078 2793 3149 disciplina
2814 3083 2871 3133 et
2891 3080 3251 3150 correptione
3274 3080 3505 3136 Domini

1865 3167 2283 3234 Servi,obedite
2304 3167 2558 3223 dominis
2582 3168 2914 3223 carnalibus
2936 3185 3064 3223 cum
3089 3169 3299 3225 timore
3315 3175 3371 3225 et
3395 3176 3506 3226 tre-

1867 3272 2049 3321 more,
2080 3257 2137 3311 in
2174 3256 2548 3327 simplicitate
2580 3258 2769 3312 cordis
2802 3258 2999 3325 vestri,
3046 3258 3199 3313 sicut
3238 3259 3504 3315 Christo:

1866 3363 1981 3402 non
2014 3347 2082 3401 ad
2106 3346 2338 3401 oculum
2360 3346 2871 3418 servientes,qnasi
2900 3346 3239 3403 hominibus
3273 3349 3510 3421 placen-

1862 3440 1949 3491 tes
1984 3455 1996 3503 ;
2029 3436 2128 3491 sed
2160 3440 2225 3490 ut
2256 3436 2400 3491 servi
2436 3436 2671 3499 Christi,
2708 3437 2982 3491 facientes
3017 3436 3372 3493 voluntatem
3408 3439 3504 3493 Dei

1861 3542 1928 3580 ex
1954 3527 2308 3595 animo,cum
2336 3528 2485 3580 bona
2517 3524 2811 3581 voluntate
2833 3526 3153 3581 servientes
3176 3533 3239 3581 ut
3262 3527 3507 3584 Domino

1860 3620 1917 3669 et
1947 3632 2060 3670 non
2094 3615 2429 3670 hominibus
2465 3631 2476 3669 :
2509 3615 2760 3670 scientes
2783 3615 3057 3686 quoniam
3094 3617 3506 3688 unusquisque

1859 3705 2269 3775 quodcumque
2301 3704 2498 3759 fecerit
2530 3704 2887 3769 bonum,hoc
2910 3704 3150 3776 recipiet
3172 3722 3203 3759 a
3234 3705 3501 3777 Domino,

1858 3794 1978 3849 sive
2010 3811 2236 3860 servus,
2268 3795 2387 3848 sive
2417 3793 2579 3848 liber.
2620 3796 2689 3849 Et
2718 3810 2837 3859 vos,
2864 3794 3314 3861 domini,eadem
3336 3795 3503 3851 facite

1856 3882 2365 3949 illis,remittentes
2402 3884 2624 3949 minas;
2658 3884 2905 3938 scientes
2937 3883 3074 3954 quia
3102 3888 3157 3937 et
3189 3882 3421 3938 illorum
3447 3888 3503 3939 et

1856 3977 2047 4027 vester
2074 3972 2355 4027 Dominus
2378 3976 2463 4027 est
2484 3972 2540 4026 in
2566 3972 2811 4037 crelis,et
2834 3988 3216 4043 personarum
3242 3974 3500 4045 acceptio

1858 4079 1970 4116 non
2004 4066 2092 4116 est
2120 4062 2273 4133 apud
2306 4077 2460 4116 eum.
2509 4062 2581 4116 De
2613 4062 3500 4131 caetero,fratres,confortamini

1855 4151 1911 4206 in
1947 4150 2213 4217 Domino,
2242 4156 2297 4204 et
2328 4150 2383 4204 in
2418 4149 2673 4221 potentia
2708 4150 2941 4204 virtutis
2972 4150 3117 4218 ejus.
3154 4150 3379 4206 lndnite
3401 4168 3500 4206 vos

1851 4245 2210 4296 armaturam
2248 4239 2365 4307 Dei,
2401 4244 2464 4295 ut
2496 4240 2730 4312 possitis
2763 4245 2917 4295 stare
2949 4241 3225 4295 adversus
3256 4240 3501 4296 insidias

1853 4330 2069 4387 diaboli
2108 4348 2118 4385 ;
2153 4331 2415 4401 quianon
2432 4336 2519 4385 est
2542 4330 2710 4384 nobis
2724 4329 3052 4385 colluctatio
3076 4330 3354 4385 adversus
3375 4346 3500 4383 car-

1852 4438 1981 4476 nem
2016 4426 2071 4475 et
2097 4420 2444 4491 sanguinem
2474 4437 2487 4487 ;
2516 4420 2613 4473 sed
2640 4420 2922 4474 adversus
2948 4419 3241 4491 principes
3266 4424 3323 4475 et
3341 4424 3497 4491 pote-

1848 4511 2342 4575 states,adversus
2368 4509 2566 4564 mundi
2594 4510 3245 4576 rectores,tenebrarnm
3264 4508 3496 4579 harum,

1848 4605 2050 4657 contra
2080 4599 2411 4671 spiritualia
2436 4597 2711 4667 nequitiae
2741 4598 2797 4650 in
2823 4596 3496 4669 cmlestibus.Propterea

1848 4690 2092 4762 accipite
2123 4694 2482 4744 armaturam
2519 4686 2634 4755 Dei,
2661 4692 2723 4740 ut
2756 4686 2993 4757 possitis
3019 4688 3288 4741 resistere
3322 4688 3377 4742 in
3402 4688 3495 4743 die

1852 4779 2023 4849 mala,
2056 4784 2111 4833 et
2136 4780 2192 4833 in
2221 4778 2495 4834 omnibus
2531 4777 2761 4849 perfecti
2796 4781 2969 4830 stare.
3005 4776 3161 4830 State
3194 4794 3329 4849 ergo
3360 4794 3491 4832 suc-

1850 4870 2019 4923 cincti
2063 4869 2296 4923 lumbos
2328 4873 2548 4922 vestros
2578 4867 2630 4919 in
2666 4864 2921 4930 veritate,
2955 4870 3010 4919 et
3034 4866 3217 4920 induti
3252 4866 3490 4922 loricam

1840 4960 2169 5028 justitiawt
2200 4958 2435 5013 calceati
2471 4957 2642 5027 pedes
2664 4956 2721 5009 in
2748 4955 3167 5026 praeparatione
3200 4956 3491 5029 Evangelii

1851 5048 2009 5120 pacis
2044 5066 2055 5103 :
2089 5048 2145 5102 in
2180 5048 2456 5102 omnibus
2488 5049 2786 5100 sumentes
2819 5047 3049 5097 scutum
3098 5043 3254 5111 fidei,
3290 5044 3348 5098 in
3378 5061 3493 5116 quo

1850 5136 2088 5209 possitis
2113 5137 2309 5191 omnia
2333 5136 2439 5191 tela
2466 5132 2805 5203 nequissimi
2828 5132 2991 5205 ignea
3011 5131 3378 5203 exstinguere
3406 5151 3417 5199 ;
3440 5138 3496 5189 et

1849 5225 2070 5299 galean
2098 5225 2305 5281 salutis
2336 5223 2637 5289 assumitc,
2660 5227 2716 5275 et
2745 5220 3003 5292 gladium
3043 5220 3306 5291 spiritus,
3338 5222 3493 5291 quod

1850 5321 1939 5370 est
1964 5317 2203 5370 verbum
2244 5316 2359 5377 Dei,
2397 5332 2496 5384 per
2524 5329 2754 5367 omnem
2789 5309 3109 5363 orationem
3146 5315 3201 5363 et
3227 5311 3495 5365 obsecra-

1850 5407 2067 5460 tionem
2104 5412 2337 5459 orantcs
2366 5403 2522 5457 omni
2556 5409 2818 5472 tempore
2848 5401 2903 5453 in
2937 5398 3169 5469 spiritu,
3203 5404 3260 5453 et
3290 5399 3346 5453 in
3371 5400 3498 5471 ipso

1915 5532 1929 5564 ί
1969 5531 2284 5583 Pronumeu,
2316 5532 2442 5589 ejus,
2476 5529 2626 5575 abest
2656 5541 2681 5573 a
2717 5524 2835 5571 Mss.
2865 5522 3023 5583 hujus
3054 5523 3282 5586 Speculi,
3315 5538 3413 5575 nec
3443 5527 3497 5575 in

1847 5606 2021 5656 graeco
2058 5594 2338 5653 reperitur,
2369 5590 2631 5656 necapud
2668 5589 3109 5656 Hieronymum.“

1912 5655 1932 5688 ³
1962 5655 2045 5703 Sic
2074 5648 2233 5703 etiam
2268 5648 2405 5716 apud
2442 5648 2956 5716 Hieronymumnon
2990 5648 3167 5697 addita
3202 5650 3495 5716 vocemitgr:

1850 5730 1967 5779 qum
1999 5719 2212 5780 quidem
2246 5712 2362 5779 vox,
2398 5720 2532 5779 post,
2563 5716 2614 5763 in
2644 5712 2810 5773 i-erbu,
2856 5714 3061 5771 legatur
3115 5727 3257 5762 nunc
3286 5714 3341 5762 in
3373 5713 3494 5762 vul-

1848 5784 1989 5841 gata,
2022 5794 2130 5831 non
2164 5786 2339 5831 autem
2373 5783 2426 5829 in
2455 5784 2605 5828 textu
2636 5790 2828 5841 graeco.
