4200 6332
542 262 687 320 1031

541 393 783 458 stitiam,
808 391 978 447 beati.
1006 391 1300 446 Timorem
1324 396 1517 445 autem
1536 407 1737 445 eorum
1762 406 1831 443 ne
1856 387 2190 453 timueritis,

545 488 736 538 utnon
750 485 925 536 contu
937 480 1523 537 rbemini.Dominum
1539 486 1731 533 autem
1748 478 2045 532 Christum
2062 493 2190 531 san-

544 570 789 626 ctiﬁcata
811 571 867 625 in
893 571 1166 625 cordibus
1183 568 1414 633 vestris,
1428 568 1608 637 parati
1630 584 1861 639 semper
1881 568 1950 621 ad
1967 566 2190 620 satisfa-

542 662 796 716 ctionem
821 660 978 715 omni
996 659 1255 730 poscenti
1273 675 1373 712 vos
1388 660 1667 711 rationem
1684 658 1755 711 de
1777 673 1999 727 ea,qua3
2022 658 2081 709 in
2099 670 2188 709 vo-

538 750 629 804 bis
644 749 993 820 est,spe:sed
1011 764 1077 802 cu
1090 764 1143 800 m
1164 747 1449 801 modestia
1462 751 1516 800 et
1529 744 2187 809 timore,conscientiam

537 837 818 893 habentes
842 840 1147 900 bonam,ut
1171 836 1225 890 in
1252 852 1317 889 eo
1339 838 1489 906 quod
1518 835 1835 889 detrahunt
1856 834 2188 901 vobis,con-

536 926 860 980 fundantur
880 924 979 996 qui
1003 923 1441 979 calumniantur
1461 929 1713 978 vestram
1732 922 2016 977 bonamin
2032 920 2189 975 Chri-

532 1019 621 1069 sto
654 1014 1174 1069 conversationem.
1204 1012 1411 1067 Melius
1434 1017 1523 1066 est
1548 1012 1702 1065 enim
1734 1010 2183 1077 benel‘acientes,

528 1104 577 1157 si
612 1104 748 1157 velit
780 1104 877 1158 Dei
910 1102 1204 1169 voluntas,
1238 1101 1375 1172 pati,
1410 1118 1587 1171 quam
1621 1101 2076 1154 malet‘aeientes.

599 1195 664 1247 Et
683 1197 805 1263 post
825 1194 1047 1262 aliqua:
1072 1208 1252 1245 versus
1280 1190 1397 1259 [1v.]
1426 1206 1438 1243 :
1462 1190 1693 1243 Christo
1728 1189 1906 1258 igitur
1927 1204 2099 1258 passo
2125 1187 2182 1240 in

532 1286 797 1344 carne,et
818 1296 919 1335 vos
948 1281 1153 1334 eadem
1176 1279 1525 1348 cogitatione
1546 1277 1856 1332 armamini
1884 1292 1896 1331 :
1924 1278 2062 1347 quia
2084 1275 2182 1347 qui

530 1387 742 1442 passus
759 1370 921 1425 estin
942 1385 1135 1434 carne,
1158 1368 1331 1423 desiit
1361 1386 1392 1422 a
1417 1370 1688 1438 peccatis,
1717 1369 1913 1436 utjam
1944 1383 2054 1420 non
2076 1366 2181 1420 ho-

531 1460 758 1513 minum
783 1457 1113 1520 desideriis,
1135 1457 1233 1510 sed
1254 1455 1540 1510 voluntati
1569 1456 1685 1524 Dei,
1712 1456 1864 1526 quod
1890 1454 2180 1525 reliquum

527 1552 617 1605 est
638 1548 696 1601 in
724 1563 898 1602 carne
921 1547 1073 1600 vivat
1087 1545 1624 1615 temporisSufticit
1647 1545 1799 1598 enim
1825 1545 2181 1614 praeteritum

522 1641 757 1708 tempus
773 1637 843 1691 ad
866 1636 1225 1690 voluntatem
1242 1635 1503 1706 gentium
1530 1633 2181 1697 consummandam,his

522 1726 617 1797 qui
637 1726 1085 1781 ambulaverunt
1102 1725 1158 1777 in
1182 1723 1453 1790 luxuriis,
1478 1724 1803 1787 desideriis.
1822 1722 2178 1786 vinolentiis,

519 1814 1073 1881 comessationibus,
1090 1813 1512 1885 potationibus,
1533 1813 1917 1868 ebrietatibus
1946 1816 2049 1879 ‘,et
2072 1811 2180 1871 illi.

521 1906 653 1961 citis
677 1904 966 1958 idolorum
990 1903 1265 1958 cultibus.
1294 1904 1354 1956 Et
1370 1906 1482 1970 post
1505 1902 1723 1972 aliquos
1752 1919 1963 1958 vermes:
1986 1904 2180 1958 Estote

522 1995 721 2065 itaque
769 1996 1105 2066 prudentes,
1137 1998 1193 2046 et
1243 1992 1478 2062 vigilate
1508 1992 1564 2044 in
1614 1992 1996 2046 orationibus.
2031 1996 2177 2048 Ante

522 2084 718 2139 omnia
748 2088 1015 2137 mutuam
1045 2082 1103 2135 in
1138 2082 1574 2151 vobismetipsis
1611 2080 1954 2136 charitatem
1989 2082 2178 2136 conti-

522 2189 701 2228 nuam
734 2172 1017 2227 habentes
1044 2189 1055 2225 :
1082 2172 1217 2241 quia
1246 2170 1499 2225 charilas
1522 2172 1710 2241 operit
1734 2171 2176 2226 multitudinem

520 2266 917 2333 peccatorum.
972 2258 1298 2330 Hospitales
1347 2258 1615 2323 invicem,
1663 2259 1790 2313 sine
1841 2275 2177 2314 murmura-

524 2352 704 2405 tione.
740 2348 1159 2419 Unusquisque
1190 2350 1341 2403 sicut
1367 2348 1589 2417 accepit
1620 2348 1891 2417 gratiam,
1924 2349 1979 2403 in
2031 2348 2177 2403 alte—

523 2443 753 2492 rutrum
788 2437 946 2491 illam
986 2436 1495 2499 administrantes,
1521 2436 1674 2490 sicut
1706 2436 1837 2489 boni
1868 2437 2174 2508 dispensa-

523 2531 679 2581 tores
730 2525 1111 2580 multil‘ormis
1166 2526 1363 2594 gratiae
1416 2525 1533 2578 Dei.
1590 2526 1646 2577 Si
1710 2526 1842 2595 quis
1893 2524 2173 2595 loquitur,

524 2614 693 2686 quasi
736 2630 1035 2669 sermones
1090 2614 1226 2677 Dei;
1280 2615 1325 2667 si
1360 2614 1493 2684 quis
1543 2614 1857 2679 ministrat,
1893 2620 2172 2685 tanquam

523 2720 592 2759 ex
621 2704 835 2757 virtute
868 2721 1039 2771 quam
1078 2703 1453 2757 administrat
1484 2703 1633 2756 Deus
1670 2720 1680 2755 :
1719 2710 1777 2756 ut
1814 2704 1867 2755 in
1902 2706 2176 2759 omnibus

525 2793 942 2848 bonoriticetur
971 2793 1144 2857 Deus,
1168 2810 1267 2863 per
1294 2794 1491 2847 Jesum
1526 2793 1818 2847 Christum
1837 2794 2170 2860 Dominum,

521 2883 614 2937 cui
649 2887 737 2937 est
775 2880 962 2952 gloria
994 2888 1048 2935 et
1099 2882 1408 2951 imperium
1464 2882 1519 2935 in
1555 2884 1768 2935 saecula
1801 2882 2171 2937 saeculorum.

518 2972 885 3039 Charissimi,
921 2970 1097 3024 nolite
1154 2972 1509 3041 peregrinari
1535 2972 1554 3003 ²
1602 2973 1656 3023 in
1695 2972 1935 3037 fervore,
1970 2973 2069 3043 qui
2102 2974 2172 3026 ad

518 3062 905 3115 tentationem
938 3059 1100 3115 vobis
1136 3061 1195 3113 fit
1225 3076 1237 3125 ;
1292 3059 1466 3114 nolite
1502 3076 1706 3130 pavere
1734 3061 1900 3129 quasi
1949 3060 2170 3131 aliquid

522 3150 654 3205 novi
684 3149 849 3204 vobis
898 3148 1193 3219 contingat
1231 3164 1243 3201 :
1279 3150 1375 3202 sed
1428 3151 1928 3204 communicantes
1960 3150 2168 3206 Christi

522 3238 1263 3310 passionibusgaudete,ut
1295 3238 1425 3291 etin
1455 3238 1797 3292 revelatione
1828 3240 2021 3309 glorim
2044 3241 2173 3310 ejus

523 3328 827 3397 gaudeatis
858 3326 1240 3380 exsultantes.
1275 3327 1334 3380 Si
1383 3328 1810 3396 exprobramini
1846 3329 1901 3381 in
1937 3330 2172 3383 nomine

522 3415 757 3480 Christi,
794 3416 946 3468 beati
980 3415 1144 3467 eritis
1168 3417 1188 3447 ³
1223 3432 1235 3469 :
1272 3415 1549 3484 quoniam
1586 3417 1735 3485 quod
1772 3422 1859 3470 est
1912 3418 2169 3484 honoris,

524 3504 743 3574 gloriae,
779 3509 836 3557 et
868 3503 1098 3555 virtutis
1134 3504 1248 3568 Dei,
1284 3509 1341 3557 et
1372 3504 1468 3573 qui
1505 3508 1593 3555 est
1625 3506 1749 3573 ejus
1783 3507 2046 3575 spiritus,
2070 3524 2170 3562 su-

521 3609 626 3663 per
657 3610 754 3647 vos
787 3592 1129 3662 requiescet.
1166 3592 1346 3647 Nemo
1377 3599 1572 3647 autem
1629 3600 1883 3648 vestrum
1920 3597 2173 3666 patiatur

517 3682 686 3753 quasi
703 3682 1127 3746 homicida,aut
1144 3683 1363 3747 t'ur,aut
1382 3681 1831 3747 maledicus,aut
1847 3684 2168 3739 alienorum

518 3773 823 3842 appetitor.
860 3772 913 3825 Si
950 3776 1143 3825 autem
1180 3775 1240 3825 ut
1273 3770 1655 3835 christianus,
1682 3789 1789 3826 non
1826 3776 2167 3829 erubescat:

519 3859 807 3932 glorificet
854 3864 1049 3914 autem
1091 3861 1266 3914 Deum
1320 3863 1374 3913 in
1425 3861 1537 3914 isto
1571 3862 1839 3928 nomine;
1890 3864 2169 3933 quoniam

520 3954 757 4020 tempus
791 3954 879 4003 est
910 3953 972 4002 ut
1021 3949 1266 4019 incipiat
1290 3950 1582 4019 judicium
1617 3951 1686 4005 de
1716 3952 1931 4006 domo‘
1957 3952 2077 4006 Dei.
2112 3952 2171 4007 Si

521 4042 716 4093 autem
750 4038 1005 4108 primum
1042 4055 1072 4091 a
1106 4038 1287 4105 vobis,
1322 4040 1454 4109 quis
1505 4040 1639 4094 linis
1689 4057 1889 4095 eorum
1925 4041 2023 4111 qui
2057 4059 2170 4095 non

520 4127 769 4182 credunt
799 4125 899 4181 Dei
936 4127 1285 4198 Evangetio‘l
1314 4134 1371 4182 et
1403 4128 1450 4182 si
1476 4130 1679 4198 justus
1713 4129 1801 4183 vix
1832 4131 2171 4198 salvabitur,

516 4214 738 4287 impius
770 4220 826 4269 et
856 4222 1128 4287 peccator
1161 4217 1259 4271 ubi
1316 4217 1651 4287 parebunt?
1685 4223 1885 4287 Itaque
1917 4223 1973 4273 et
2004 4219 2040 4273 ii
2073 4218 2173 4290 qui

512 4306 823 4377 patiuntur
856 4307 1183 4360 secundum
1212 4305 1570 4361 voluntatem
1603 4308 1719 4373 Dei,
1742 4307 1896 4362 ﬁdeli
1921 4310 2173 4364 Creatori

513 4396 928 4449 commendent
962 4395 1191 4450 animas
1218 4412 1355 4450 suas
1388 4395 1443 4449 in
1477 4396 1818 4451 benefactis.

587 4484 688 4555 [νη]
722 4484 993 4539 Seniores
1025 4502 1160 4555 ergo
1181 4485 1279 4555 qui
1313 4485 1369 4539 in
1390 4485 1553 4540 vobis
1585 4490 1744 4551 sunt,
1773 4487 2012 4542 obsecro
2035 4505 2172 4543 con-

517 4572 715 4628 senior
731 4578 787 4627 et
804 4574 970 4628 testis
989 4574 1200 4630 Christi
1222 4574 1583 4645 passionum,
1609 4577 1709 4645 qui
1742 4580 1797 4629 et
1818 4578 1944 4646 ejus
1969 4594 2094 4648 quae
2114 4578 2171 4633 in

518 4662 715 4716 futuro
751 4662 1057 4717 revelanda
1088 4668 1176 4718 est
1208 4663 1402 4733 gloriaa
1435 4664 1917 4733 communicator,
1954 4667 2174 4737 pascite

519 4751 619 4821 qui
655 4752 708 4806 in
738 4752 898 4806 vobis
920 4758 1257 4822 estgregem
1285 4755 1400 4811 Dei.
1425 4755 1789 4823 providentes
1816 4772 1927 4810 non
1956 4763 2172 4825 coacte,

520 4840 621 4894 sed
656 4847 980 4911 spontanee
1008 4843 1332 4895 secundum
1370 4841 1584 4897 Deum:
1610 4846 2172 4915 nequeturpislucri

520 4930 837 4999 gratia,sed
866 4930 1407 5002 voluntarie;neque
1430 4936 1493 4985 ut
1515 4932 1885 4989 dominantes
1902 4936 1955 4988 in
1981 4934 2173 5001 cleris,

521 5019 623 5074 sed
659 5019 857 5073 forma:
895 5019 1026 5074 facti
1051 5019 1244 5090 gregis
1263 5038 1328 5075 ex
1347 5021 1563 5077 animo.
1592 5022 1815 5077 Etcum
1841 5025 2176 5095 apparuerit

530 5117 931 5227 B{ﬂii-adundat
960 5132 1081 5177 vox,
1113 5116 1465 5176 ebrietatibus,
1486 5132 1585 5167 nec
1616 5123 1695 5167 est
1724 5121 1777 5167 in
1800 5121 2176 5172 sincieroribus

574 5194 585 5227 1
649 5194 730 5227 iis.

574 5194 765 5289 “iis.
797 5256 914 5305 pro,
945 5245 1103 5291 nolite
1136 5243 1479 5305 peregrinari,
1515 5244 1730 5302 habent,
1765 5245 1919 5295 nolite
1948 5249 2131 5296 mirari
2162 5264 2175 5297 :

530 5305 814 5372 quodnon
846 5306 1024 5354 minus
1055 5306 1281 5372 quadrat
1330 5307 1672 5372 adgraacum,
1707 5310 1788 5355 me
1827 5311 2176 5372 xenidzesthe,

530 5366 579 5413 id
612 5371 711 5423 est,
730 5380 797 5416 ne
832 5366 1276 5417 commov'eamini
1303 5374 1360 5417 ut
1385 5366 1449 5419 ﬁt
1472 5384 1523 5418 re
1550 5384 1690 5419 nova
1720 5378 1768 5420 et
1798 5372 2025 5421 insolita.
2048 5366 2173 5423 Nam

530 5434 580 5476 et
611 5430 768 5504 paulo
799 5436 932 5504 post,
965 5433 1019 5478 ds
1041 5433 1229 5504 senon,
1263 5433 1419 5504 vertit
1448 5434 1727 5504 interpres,
1760 5436 1907 5504 quasi
1925 5435 2057 5504 _novz'
2077 5436 2172 5484 ali-

532 5494 693 5561 quid;
721 5494 915 5561 quibus
946 5495 1120 5561 verbis
1149 5496 1291 5556 quod
1318 5495 1402 5544 hic
1420 5494 1777 5558 praemittitur,
1802 5496 1960 5545 nolite
1974 5513 2175 5561 pavere,

530 5554 681 5601 abest
712 5567 740 5602 a
772 5558 933 5603 sacris
966 5556 1165 5604 Bibliis.

586 5618 606 5683 ἓ
638 5618 830 5683 llegius
861 5620 1026 5666 codex
1058 5634 1233 5677 graeco
1286 5622 1629 5668 consentiens
1679 5634 1785 5683 non
1821 5622 1984 5683 addit,
2018 5624 2175 5673 eritis.

588 5681 607 5713 δ
641 5680 883 5743 Vulgata,
916 5697 945 5728 α
979 5686 1146 5729 domo.
1178 5685 1363 5741 tinem,
1397 5698 1493 5745 apo
1524 5696 1608 5731 lou
1641 5682 1810 5732 oilcou.

1729 257 1790 315 S.
1840 252 2264 316 AUGUSTINI
2312 252 2755 316 SPECULUM.

3808 254 3944 315 1032

2306 386 2575 457 princeps
2628 393 2954 459 pastorum,
3016 387 3346 460 percipietis
3406 387 3943 443 immarceseibilem

2302 476 2497 546 gloriae
2520 494 2815 533 coronam.
2836 478 3140 545 Similiter,
3161 477 3579 543 adolescentes,
3614 477 3839 533 subditi
3861 492 3943 530 es-

2301 570 2417 619 tote
2442 566 2791 622 senioribus.
2815 568 3030 621 Omnes
3054 573 3248 621 autem
3273 567 3519 621 invicem
3553 564 3941 620 humilitatem

2300 652 2633 721 insinuata;
2687 656 2826 727 quia
2857 660 3005 710 Deus
3050 656 3319 726 superbis
3350 654 3589 720 resistit,
3623 654 3941 710 humilibus

2301 748 2495 798 autem
2530 745 2627 799 dat
2646 744 2918 815 gratiam.
2946 744 3349 799 Humiliamini
3383 744 3561 816 igitur
3590 743 3700 798 sub
3729 744 3940 815 potenti

2302 849 2477 887 manu
2514 835 2631 901 Dei,
2670 840 2733 888 ut
2778 851 2877 888 vos
2908 833 3118 888 exaltet
3171 834 3224 887 in
3258 838 3518 904 tempore
3571 832 3940 887 visitationis.

2298 920 2545 977 Omnem
2564 921 3020 978 sollicitudinem
3042 930 3292 977 vestram
3313 921 3681 992 projicientes
3702 921 3760 975 in
3780 937 3939 985 eum;

2299 1011 2578 1079 quoniam
2612 1010 2723 1083 ipsi
2755 1028 2895 1065 cura
2919 1016 3006 1065 est
3038 1011 3108 1065 de
3138 1010 3317 1064 vobis.
3356 1011 3543 1065 Sobrii
3568 1014 3778 1074 estote,
3811 1009 3941 1080 vigi-

2298 1099 2412 1153 late
2446 1117 2458 1154 :
2493 1100 2631 1170 quia
2679 1100 3053 1155 adversarius
3099 1105 3287 1155 vester
3333 1100 3623 1166 diabolus,
3662 1104 3943 1169 tanquam

2296 1187 2383 1241 leo
2416 1190 2653 1259 rugiens
2684 1189 2891 1242 circuit
2924 1204 3191 1259 quaerens
3222 1205 3396 1258 quem
3428 1189 3681 1243 devoret.
3717 1187 3824 1242 Cui
3857 1203 3942 1241 re-

2296 1275 2486 1331 sistite
2517 1278 2693 1332 tortes
2733 1278 2791 1332 in
2840 1278 2973 1344 fide,
3007 1276 3259 1332 scientes
3307 1278 3572 1331 eamdem
3610 1277 3942 1346 passionem

2293 1365 2368 1431 ei,
2401 1382 2527 1436 quas
2554 1366 2611 1421 in
2637 1367 2857 1421 mundo
2875 1373 2981 1433 est,
3001 1372 3205 1421 vestrm
3238 1365 3588 1421 fraternitati
3620 1366 3770 1420 ﬁeri.
3796 1370 3942 1419 Dens

2294 1459 2488 1509 autem
2524 1456 2717 1511 omnis
2765 1455 2988 1527 gratiis,
3022 1456 3121 1527 qui
3167 1456 3391 1510 vocavit
3442 1471 3547 1510 nos
3576 1454 3635 1509 in
3666 1459 3940 1509 inteream

2294 1560 2461 1597 suam
2514 1544 2759 1614 gloriam
2815 1544 2875 1599 in
2922 1544 3150 1599 Christo
3181 1544 3341 1611 Jesu,
3378 1544 3671 1598 modicum
3716 1558 3940 1613 passos,

2294 1631 2417 1703 ipse
2450 1633 2725 1704 perficiet,
2761 1634 3154 1703 confirmabit,
3175 1633 3587 1704 soladibitque.
3613 1632 3731 1703 Ipsi
3756 1631 3941 1703 gloria

2291 1726 2348 1774 et
2378 1722 2691 1792 imperium
2725 1723 2780 1777 in
2816 1722 3028 1778 saecula
3058 1721 3427 1778 seculorum.
3461 1724 3667 1776 Amen.

2693 1838 2781 1893 DE
2822 1838 3170 1894 EPISTULA
3210 1838 3258 1893 ΙΙ
3299 1836 3531 1893 PETRI.

2364 1944 2530 2016 [Cap.
2560 1947 2623 2017 1.]
2650 1946 2754 2000 Per
2768 1962 2938 2017 quem
2958 1949 2969 1980 ¹
2999 1946 3254 2000 maxima
3277 1944 3444 2000 nobis
3462 1950 3519 2000 et
3540 1943 3796 2017 pretiosa
3816 1962 3941 2017 pro-

2294 2034 2474 2088 missa
2492 2035 2745 2101 donavit,
2764 2041 2827 2089 ut
2850 2051 2953 2106 per
2976 2036 3095 2090 haec
3112 2034 3448 2089 efﬁciamini
3472 2034 3679 2089 divina:
3702 2051 3940 2090 consor-

2291 2127 2378 2177 tes
2411 2128 2651 2189 naturte,
2672 2124 2961 2196 fugientes
2992 2126 3120 2194 ejus
3151 2125 3353 2194 quaain
3378 2125 3595 2179 mundo
3617 2129 3706 2179 est
3725 2141 3943 2179 concu-

2291 2211 2586 2283 piscentiae
2619 2213 3066 2283 corruptionem.
3096 2213 3211 2269 Vos
3242 2218 3438 2268 autem
3471 2230 3669 2268 curam
3705 2229 3938 2268 omnem

2290 2301 2737 2371 subinferentes,
2761 2302 3089 2357 ministrate
3109 2302 3165 2356 in
3192 2302 3305 2358 fide
3330 2306 3521 2358 vestra
3544 2302 3852 2371 virtutem;
3880 2301 3938 2356 in

2288 2388 2500 2446 virtute
2532 2396 2753 2457 autem,
2777 2391 3079 2447 scientiam
3113 2409 3125 2459 ;
3154 2390 3213 2445 in
3248 2391 3491 2446 scientia
3512 2396 3727 2461 autem,
3754 2392 3938 2447 absti-

2290 2480 2580 2547 nentiam;
2616 2481 2671 2534 in
2706 2480 3063 2535 abstinentia
3094 2486 3311 2548 autem,
3332 2481 3673 2552 patientiam
3704 2498 3716 2547 ;
3753 2481 3811 2534 in
3836 2497 3937 2552 pa-

2288 2568 2491 2623 tientia
2512 2569 3002 2639 autem,pietatem
3026 2594 3039 2637 ;
3061 2568 3119 2623 in
3140 2570 3352 2640 pietate
3374 2568 3936 2637 autem,i‘raternita-

2286 2657 2361 2712 tis
2375 2674 2629 2713 amorem
2642 2659 2675 2722 ;i
2688 2676 2719 2713 n
2738 2675 2932 2713 amore
2947 2663 3138 2714 autem
3158 2658 3933 2725 fraternitatis,charitatem.

2287 2745 2414 2801 Haec
2429 2747 2584 2801 enim
2608 2747 2771 2803 vobis
2788 2764 2919 2802 cum
2935 2748 3129 2803 adsint
3149 2748 3239 2803 2et
3260 2752 3676 2818 superent,non
3698 2763 3937 2812 vacuos,

2286 2852 2391 2889 nec
2408 2836 2533 2890 sine
2558 2837 2747 2891 fructu
2770 2854 2869 2893 vos
2894 2838 3253 2892 constituent
3274 2839 3328 2891 in
3349 2836 3573 2891 Domini
3602 2835 3937 2891 nostriJesu

2284 2924 2495 2979 Christi
2520 2926 2851 2997 cognitione
2873 2926 2913 2979 ³.
2938 2926 3038 2981 Cui
3073 2926 3230 2980 enim
3255 2942 3365 2979 non
3397 2931 3603 2997 praesto
3627 2924 3936 2988 sunthaec,

2284 3029 2472 3069 caacus
2504 3018 2610 3083 est,
2654 3020 2711 3069 et
2742 3031 2920 3071 manu
2974 3019 3226 3082 tentans,
3259 3013 3609 3069 oblivionem
3643 3013 3939 3085 accipiens

2285 3102 2650 3174 purgationis
2681 3108 2937 3158 veterum
2964 3120 3204 3159 suorum
3230 3101 3596 3158 delictorum.
3631 3103 3934 3174 Quaprop-

2282 3195 2387 3260 ter,
2423 3192 2650 3259 fratres,
2685 3193 2873 3265 magis
2904 3192 3169 3263 satagite,
3196 3197 3259 3247 ut
3292 3208 3392 3263 per
3422 3192 3573 3247 bona
3602 3208 3780 3263 opera
3812 3208 3933 3246 cera

2282 3284 2400 3333 tam
2450 3285 2700 3335 vestram
2750 3282 3114 3336 vocationem
3166 3285 3221 3335 et
3276 3280 3618 3336 electionem
3680 3279 3934 3335 faciatis.

2283 3368 2411 3424 Haec
2442 3369 2598 3424 enim
2630 3370 2911 3426 facientes
2944 3387 3055 3425 non
3092 3369 3409 3441 peceabitis
3438 3369 3777 3441 aliquando.

2353 3460 2419 3513 Et
2444 3468 2563 3529 post
2603 3458 2904 3530 paululum
2948 3460 3057 3529 [11.]
3104 3477 3116 3515 :
3162 3458 3325 3515 Sicut
3371 3464 3427 3514 et
3466 3458 3525 3512 in
3560 3458 3724 3512 vobis
3762 3462 3942 3513 erunt

2283 3548 2549 3618 magistri
2601 3549 2934 3617 mendaces,
2986 3548 3081 3617 qui
3133 3548 3506 3602 introducent
3560 3551 3745 3601 sectas
3801 3564 3937 3617 per-

2282 3635 2544 3700 ditionis,
2595 3642 2649 3692 et
2702 3655 2834 3691 cum
2869 3637 2967 3709 qui
3020 3638 3163 3692 emit
3194 3654 3312 3701 eos,
3356 3636 3538 3691 Deum
3582 3636 3939 3706 negabunt‘,

2281 3727 2743 3796 superducentes
2773 3727 2884 3781 sibi
2927 3728 3173 3781 celerem
3214 3726 3618 3798 perditionem.
3654 3724 3719 3778 Et
3765 3724 3942 3778 multi

2282 3819 2603 3885 sequentur
2641 3832 2843 3871 eorum
2888 3815 3170 3882 luxurias,
3225 3832 3325 3887 per
3360 3830 3507 3887 quos
3552 3813 3640 3868 via
3679 3812 3943 3867 veritatis

2284 3902 2808 3975 blasphemabitur,
2842 3910 2897 3959 et
2921 3904 3229 3960 inavaritia
3267 3903 3415 3958 fictis
3454 3901 3643 3957 verbis
3676 3901 3746 3955 de
3778 3901 3943 3955 vobis

2283 3994 2760 4063 negotiabantur.
2787 3993 3459 4063 Quibusjudiciumjam
3494 3989 3630 4045 olim
3665 4006 3781 4044 non
3817 4006 3943 4044 ces-

2281 4085 2392 4148 sat,
2427 4086 2484 4137 et
2514 4082 2760 4153 perditio
2792 4099 2994 4138 eorum
3039 4100 3150 4138 non
3189 4081 3486 4136 dormitat.
3517 4081 3582 4133 Et
3613 4079 3723 4133 alio
3774 4078 3892 4134 loro
3924 4096 3943 4133 :

2280 4168 2448 4224 Novit
2498 4170 2779 4225 Dominus
2813 4170 2940 4241 pios
2974 4171 3044 4225 de
3073 4169 3395 4225 tentatione
3423 4168 3664 4240 eripere,
3700 4166 3943 4237 iniquos

2280 4274 2412 4314 vero
2446 4258 2504 4312 in
2546 4259 2701 4314 diem
2728 4260 2935 4329 judicii
2986 4274 3281 4315 reservare
3330 4257 3700 4313 cruciandos.
3749 4255 3942 4327 Magis

2282 4353 2478 4403 autem
2511 4364 2611 4403 eos
2661 4349 2760 4419 qui
2794 4354 2926 4420 post
2949 4366 3182 4405 carnem
3218 4348 3275 4402 in
3306 4344 3784 4416 concupiscentia
3832 4344 3942 4398 im-

2284 4436 3513 4507 munditiasambulant,dominationemque
3529 4438 3939 4490 contemnunt:

2282 4526 2555 4591 audaces,
2607 4524 2717 4581 sibi
2778 4526 3093 4598 placentes,
3151 4530 3342 4582 sectas
3387 4541 3501 4579 non
3561 4526 3792 4578 metunt
3844 4522 3941 4577 in-

2284 4615 2588 4670 troducere
2636 4616 2679 4683 ⁵,
2757 4615 3257 4687 blasphemantes.
3342 4613 3445 4669 Ubi
3518 4611 3709 4684 angeli
3768 4612 3942 4667 forti-

2354 4751 2366 4782 ¹
2399 4748 2485 4797 Sic
2515 4748 2641 4797 editi
2666 4748 2822 4811 juxta
2853 4749 3129 4811 Vulgatam
3164 4763 3176 4798 :
3211 4762 3329 4811 quia
3377 4750 3557 4796 tamen
3586 4745 3641 4811 in
3670 4743 3834 4811 C9rb._
3862 4744 3942 4792 Bi-

2283 4808 2686 4876 bliisghabebat;
2726 4827 2839 4876 per,
2864 4808 3035 4875 quam.
3070 4813 3128 4860 Et
3162 4808 3243 4860 ita'
3282 4811 3557 4876 speculum
3609 4808 3663 4876 in
3694 4808 3943 4856 Gembla-

2284 4874 2429 4923 censi
2478 4875 2658 4922 codice
2692 4874 2787 4923 :at
2830 4874 2882 4922 in
2934 4876 3114 4937 Regio,
3159 4889 3252 4937 per
3300 4887 3409 4936 qua
3452 4886 3464 4930 ἱ
3504 4874 3658 4937 Ιὲιιιδ
3702 4884 3943 4933 graecum

2286 4937 2424 5009 afen.
2466 4950 2478 4983 :
2524 4950 2830 5009 quanquam
2850 4936 2979 5009 ΔΙιοᾳ
3010 4933 3193 5009 'possit
3219 4933 3320 5009 _ad'
3348 4933 3710 4997 praecedentes
3756 4947 3935 4989 voces,

2284 4998 2453 5062 gloria
2486 5003 2534 5046 et
2570 4998 2757 5047 virtute
2784 5000 2971 5047 referri
2996 5016 3008 5055 ;
3043 5004 3095 5047 et
3120 5002 3275 5053 verti,
3301 5012 3393 5061 per
3420 5008 3564 5059 quas.

2302 5125 2310 5128 Α
2348 5064 2368 5095 ί
2400 5062 2553 5128 Editi,
2583 5063 2629 5128 si
2662 5061 2913 5128 vobjscufn
2951 5062 3138 5128 adsint.
3187 5062 3274 5128 Sic
3314 5062 3482 5128 etiam
3522 5057 3939 5128 n_uneyulgata.

2288 5125 2352 5171 At
2382 5124 2657 5186 particula,
2709 5122 2772 5183 si,
2825 5125 3008 5173 aberat
3053 5125 3119 5173 ab
3168 5125 3403 5187 antiquis
3447 5122 3605 5187 Corb.
3640 5118 3768 5187 Pibl.
3802 5118 3856 5167 et
3887 5124 3941 5167 et

2285 5182 2447 5254 Regio
2478 5187 2574 5254 Ms.
2608 5182 2836 5254 speculi,
2861 5200 3034 5254 neque
3065 5182 3367 5254 necessaria
3388 5188 3483 5239 est,
3510 5182 3810 5254 dummodo
3830 5195 3940 5254 non

2284 5248 2614 5312 conjunctim
2644 5248 2866 5311 legatur,
2912 5248 3190 5301 vobiscum.
3240 5252 3298 5298 In
3344 5260 3515 5312 graeco
3560 5248 3633 5293 sic
3664 5249 3762 5305 est,
3794 5249 3940 5293 ιυιιια

2282 5311 2583 5375 ραν-Ίιιιηιίη
2618 5312 2987 5367 lmparchunla.
3353 5311 3356 5312 ⁷
3910 5369 3921 5379 .

2295 5436 2325 5444 __
2347 5375 2367 5408 ⁸
2398 5374 2591 5437 Regius
2619 5375 2786 5425 codex
2818 5381 2872 5424 et
2896 5374 3050 5423 Corb.
3082 5373 3269 5434 Biblia,
3300 5374 3510 5423 favente
3540 5382 3734 5437 graeco,
3767 5383 3938 5431 cogas~

2286 5437 2512 5547 “orandi.
2546 5500 2628 5547 Er.
2663 5504 2717 5563 et
2745 5499 2852 5547 duo
2872 5500 3008 5563 Mss.
3034 5499 3190 5563 juxta
3217 5497 3752 5563 Vulgatam._ﬂ€9""?-

2351 5564 2371 5596 ⁸
2399 5562 2594 5625 Regius
2615 5562 2778 5611 codex
2797 5562 3012 5610 etCorb.
3034 5555 3205 5610 Biblia
3222 5555 3700 5625 protintroducére,
3716 5555 3933 5612 habent,

2285 5626 2457 5691 facere
2486 5624 2503 5672 ξ
2542 5626 2933 5691 ξεᾱηῐιερὶιομω
2965 5627 3186 5691 verbum
3215 5624 3521 5691 expressum
3554 5624 3634 5670 est
3662 5633 3725 5691 ex
3760 5632 3935 5691 greco

2288 5690 2450 5747 texta,
2482 5688 2575 5751 qui
2603 5686 2680 5737 nil
2723 5687 2865 5738 aliud
2895 5688 3135 5737 continet
3180 5686 3358 5749 quain,
3390 5688 3553 5736 doxas
3594 5697 3659 5731 ou
3690 5686 3934 5732 tremoim'
