4200 6360
565 378 719 439 1039

565 512 665 563 Est
685 512 987 577 peccatum
1014 508 1086 563 ad
1104 510 1352 564 mortem
1383 524 1395 575 ;
1431 523 1542 561 non
1566 522 1669 578 pro
1690 503 1791 560 illo
1810 505 1939 560 dico
1963 508 2029 559 ut
2059 506 2222 574 roget

567 597 967 666 quis‘.0mnis
981 597 1268 669 iniquitas
1287 600 1591 668 peccatum
1609 600 1783 663 est,et
1803 599 1892 649 est
1916 598 2219 665 peccatum

571 702 685 742 non
718 687 788 742 ad
822 692 1068 743 mortem
1090 688 1129 740 ³.
1154 685 1383 741 Scimus
1407 685 1684 757 quoniam
1709 684 1900 740 omnis
1923 683 2022 754 qui
2047 686 2220 737 natus

570 780 660 831 est
688 792 754 832 ex
782 777 911 843 Deo,
950 792 1063 832 non
1096 780 1331 848 peccat;
1368 775 1465 830 sed
1501 774 1797 846 generatio
1849 772 1949 827 Dei
1981 788 2218 827 conser-

568 868 666 919 vat
696 880 849 929 eum,
882 869 940 920 et
968 864 1265 935 malignus
1296 879 1411 918 non
1444 862 1633 934 tangit
1657 878 1813 917 eum.
1848 863 1910 916 Et
1941 862 2051 916 alio
2076 861 2218 915 loco:

568 953 779 1023 Filioli,
813 954 1109 1009 custodite
1140 970 1242 1008 vos
1277 970 1308 1007 a
1338 950 1691 1007 simulacris.

945 1069 1036 1125 DE
1079 1067 1421 1124 EPISTULA
1448 1066 1743 1122 JOANNIS
1773 1066 1842 1122 II.

643 1176 769 1231 Non
793 1180 1071 1246 tanquam
1098 1176 1443 1230 mandatum
1466 1190 1680 1229 novum
1704 1173 1969 1228 scribens
1985 1171 2088 1225 tibi
2122 1172 2221 1225 sed

571 1265 722 1337 quod
741 1264 1059 1319 habuimus
1080 1264 1426 1329 abinitio,ut
1443 1263 1760 1335 diligamus
1779 1262 2225 1317 alterutrum.Et

573 1353 691 1410 haec
712 1358 801 1409 est
820 1353 1173 1420 cbaritas,ut
1194 1351 1568 1408 ambulemus
1595 1352 1923 1407 secundum
1950 1351 2227 1407 mandata

574 1444 725 1515 ejus.
744 1442 861 1499 Hoc
880 1443 1223 1499 mandatum
1244 1446 1354 1508 est,
1379 1442 1955 1512 utquemadmodum
1974 1440 2223 1495 audistis

574 1533 646 1589 ab
670 1531 924 1602 initio,in
948 1547 1014 1586 eo
1036 1530 1446 1587 ambuletis.Et
1460 1538 1579 1601 post
1592 1546 1797 1602 paucos
1815 1528 2224 1586 versus-Omnis

573 1622 675 1694 qui
708 1622 944 1691 recedit,
976 1624 1033 1676 et
1064 1637 1179 1675 non
1211 1623 1515 1691 permanet
1546 1620 1604 1673 in
1663 1620 1933 1674 doctrina
1987 1618 2221 1685 Christi,

575 1712 761 1767 Deum
788 1726 901 1766 non
925 1709 1137 1765 habet:
1163 1710 1261 1780 qui
1286 1713 1587 1781 permanet
1608 1706 1667 1762 in
1714 1708 2003 1779 doctrina,
2036 1708 2130 1763 hic
2168 1712 2226 1763 et

575 1800 787 1855 Filium
821 1802 877 1854 et
910 1799 1133 1854 Patrem
1165 1797 1363 1853 habet.
1401 1798 1460 1852 Si
1494 1797 1627 1868 quis
1658 1799 1817 1853 venit
1866 1798 1937 1853 ad
1995 1814 2116 1865 vos,
2175 1801 2230 1853 et

577 1889 731 1946 hanc
760 1888 1085 1945 doctrinam
1118 1903 1235 1943 non
1267 1887 1453 1958 affert,
1488 1886 1666 1942 nolite
1696 1887 1951 1959 recipere
1976 1904 2111 1942 eum
2167 1886 2228 1941 in

575 1979 841 2045 domum,
873 1993 978 2033 nec
1009 1982 1125 2032 Ave
1156 1977 1209 2033 ei
1240 1975 1524 2031 dixeritis.
1567 1975 1675 2039 Qui
1733 1976 1888 2031 enim
1947 1976 2089 2032 dicit
2143 1974 2229 2031 illi

577 2073 715 2139 Ave,
746 2066 1147 2123 communicat
1179 2065 1455 2137 operibus
1487 2065 1617 2135 ejus
1646 2064 1942 2137 malignis.

886 2254 902 2270 ο
934 2182 1028 2237 DE
1057 2180 1402 2237 EPISTOLA
1430 2180 1728 2236 JOANNIS
1772 2182 1870 2236 ΙΙΙ.

651 2287 1282 2358 Cbarissimeﬁdeliter
1303 2287 1447 2342 facis
1471 2288 1753 2358 quidquid
1768 2288 2099 2360 operarisin
2123 2291 2231 2344 fra-

577 2378 906 2445 tres,ethoc
927 2378 987 2432 in
1012 2378 1373 2450 peregrinos,
1408 2377 1509 2447 qui
1531 2377 1937 2432 testimonium
1962 2379 2231 2434 reddide-

572 2472 714 2525 runt
734 2467 1005 2523 charitati
1026 2471 1138 2521 tua;
1163 2467 1220 2521 in
1245 2471 1565 2537 conspectu
1586 2465 2036 2538 Ecclesimzquod
2062 2468 2232 2523 bene-

568 2559 751 2614 facies
774 2558 1073 2612 deducens
1096 2556 1117 2590 ³
1144 2557 1319 2627 digne
1343 2556 1597 2610 Deo.Pro
1622 2556 1856 2610 nomine
1902 2558 2056 2611 enim
2101 2558 2229 2628 ejus

567 2646 809 2721 profecti
843 2648 1003 2715 sunt,
1032 2644 1178 2699 nihil
1203 2644 1557 2715 accipientes
1581 2661 1612 2699 a
1640 2643 2073 2701 Gentibus.Nos
2096 2664 2227 2718 ergo

567 2737 854 2791 debemus
879 2734 1181 2804 suscipere
1200 2733 1568 2803 hujusmodi,
1596 2738 1659 2789 ut
1714 2739 2118 2806 coeperatores
2150 2736 2228 2792 si-

568 2841 703 2880 mus
724 2822 1074 2879 veritatis.Et
1088 2823 1518 2894 postpaululum
1538 2839 1549 2876 :
1566 2822 2069 2890 Charissime,noli
2095 2826 2231 2881 imi-

568 2912 687 2969 tari
719 2910 964 2980 malum,
1006 2911 1109 2967 sed
1136 2912 1293 2982 quod
1326 2912 1545 2966 bonum
1581 2916 1690 2967 est.
1724 2913 1829 2976 Qui
1867 2915 2011 2969 bene
2073 2915 2231 2987 facit,

577 3018 647 3059 ex
675 3002 791 3059 Deo
822 3004 933 3063 est,
967 2999 1067 3072 qui
1119 3000 1271 3055 male
1303 3000 1459 3067 facit,
1492 3018 1607 3056 non
1636 3001 1783 3056 vidit
1818 3004 2015 3058 Deum.

844 3124 938 3181 DE
975 3125 1317 3181 EPISTOLA
1346 3124 1545 3181 JUDzE
1586 3127 1954 3184 APOSTOLI.

652 3230 1130 3289 Subintroierunt
1158 3232 1316 3287 enim
1348 3232 1589 3303 quidam
1635 3221 1929 3301 homines,
1964 3236 2064 3307 qui
2096 3235 2236 3292 olim

582 3320 1060 3395 praescriptisunt
1082 3320 1141 3376 in
1158 3320 2031 3393 hocjudicium,impii,Domini
2051 3326 2238 3381 nostri

584 3410 832 3483 gratiam
847 3410 1333 3465 transferentesin
1349 3410 1727 3478 luxuriam,et
1752 3411 1945 3468 solum
1968 3413 2239 3470 domina-

583 3551 844 3620 nousimé
868 3551 991 3620 pro;
1022 3551 1295 3620 thanaton.
1319 3553 1638 3620 At_Vulgata
1672 3554 1832 3603 habet
1862 3568 2024 3614 nunc,
2080 3560 2239 3620 petat,

584 3618 634 3664 et
664 3612 880 3680 derigitur
927 3616 999 3680 ei
1027 3614 1428 3680 citqpeqcanti,
1482 3612 1619 3680 etc;
1654 3630 1961 3680 quanquam
1994 3612 2046 3666 in
2080 3612 2241 3669 'auti;

586 3676 707 3741 quis
737 3676 892 3725 Corb.
926 3676 1109 3726 Bibliis
1138 3676 1358 3735 ferebat,
1390 3682 1437 3725 et
1460 3678 1603 3726 dabit
1622 3676 1841 3727 ei'vitam
1862 3681 2112 3743 peccanti,
2141 3689 2237 3733 etc.

654 3742 671 3775 ί
704 3739 763 3788 In
795 3739 918 3787 Mss.
952 3752 1063 3788 non
1092 3740 1325 3791 additur.
1357 3742 1470 3791 ouis
1493 3756 1511 3791 :
1540 3756 1637 3789 nec
1668 3748 1749 3791 est
1779 3744 1829 3789 in
1862 3758 2053 3791 graeco.

729 3752 763 3788 n
795 3752 918 3787 mss.
952 3752 1063 3788 non
1092 3752 1325 3799 auditur,
1357 3754 1511 3799 quis;
1540 3756 1637 3789 nec
1668 3752 1749 3791 est
1779 3756 1829 3789 iu
1862 3758 2053 3799 graeco.

654 3754 671 3775 ι
705 3754 763 3788 In
795 3754 918 3787 mss.
952 3754 1063 3788 non
1092 3754 1325 3799 acuitur,
1357 3754 1511 3803 quis;
1540 3756 1637 3789 nec
1668 3754 1749 3791 est
1779 3756 1829 3789 in
1862 3758 2053 3804 graeco.

651 3803 673 3837 ³
694 3802 786 3875 Si_e_
807 3802 1019 3875 Speculi
1053 3803 1279 3875 codices,
1313 3808 1539 3875 excepto
1573 3806 1735 3875 Regio
1770 3807 1865 3875 Ms.
1896 3807 1987 3875 qui
2043 3808 2243 3869 pariter

590 3878 712 3930 cum
746 3864 968 3927 Vulgata
996 3867 1148 3930 caret
1174 3865 1261 3913 hic
1290 3864 1541 3928 negativa
1576 3864 1871 3930 particula;
1904 3864 2019 3918 hinc
2045 3864 2243 3919 'tamen

590 3927 647 3976 in
677 3940 851 3995 graeco
880 3930 1028 3995 textu
1064 3927 1309 3985 habetur,
1338 3927 1390 3977 et
1419 3930 1472 3977 in
1504 3927 1649 3980 hunc
1679 3927 1892 3981 sensum
1927 3932 2074 3981 ducit
2104 3934 2242 3995 glos-

592 4002 653 4039 sa
680 3988 971 4038 ordinaria.

657 4050 685 4120 _’_
712 4052 841 4120 Huic
868 4050 1082 4100 lectioni
1100 4050 1377 4120 aspulatu‘r
1408 4066 1582 4120 graeca
1612 4055 1893 4120 scriptura.
1909 4056 1991 4120 ‘At
2020 4056 2245 4120 Vulgata

593 4111 761 4181 latina
782 4114 889 4181 _i_n_
929 4111 1189 4181 excussis:
1218 4111 1455 4181 praefert,
1518 4111 1841 4179 bene/heims
1883 4111 2153 4181 deducas;
2189 4122 2244 4167 in

590 4174 747 4226 Corb.
780 4175 933 4237 Bibl.,
970 4174 1282 4227 beneaciens
1310 4177 1585 4227 deducens.

1122 376 1565 439 ADMONITIO
1611 377 1688 436 IN
1733 374 2014 437 LIBROS
2062 373 2160 431 DE
2205 369 2613 431 CONSENSU
2661 370 3409 434 EVANGELISTARUM.

3820 374 3980 433 i0t0

2329 504 2513 555 torem
2528 502 2583 552 et
2596 499 2910 555 Dominum
2926 506 3192 557 nostrum
3211 502 3242 557 J
3250 518 3416 558 esum
3434 502 3733 560 Christum
3756 520 3979 577 negan-

2330 594 2439 644 tes.
2465 592 2535 643 Et
2556 590 2720 660 paulo
2741 600 2857 662 post
2881 608 2899 645 .·
2924 592 2989 646 Hi
3030 597 3169 647 sunt
3215 593 3273 648 in
3310 593 3501 665 epulis
3547 596 3672 650 suis
3714 595 3979 662 maculae,

2332 678 2706 734 convivantes
2739 680 2864 735 sine
2897 680 3126 749 timore,
3162 684 3513 755 semetipsos
3563 690 3886 757 pascentes.
3919 686 3985 741 Et

2329 769 2441 824 alio
2472 768 2619 823 loco:
2657 768 2723 823 Hi
2758 774 2897 824 sunt
2929 776 3391 828 murmuratores
3425 774 3749 844 querulosi,
3779 792 3984 831 secun-

2332 858 2470 912 dum
2495 858 2787 913 desideria
2808 875 2916 913 sua
2934 860 3388 929 ambulantes;ot
3417 879 3481 917 os
3502 880 3703 918 eorum
3723 863 3984 935 loquitur

2331 946 2757 1016 blasphemiam
2782 949 2822 1015 ί,
2845 948 3130 1005 mirantes
3154 967 3433 1022 personas
3472 957 3733 1023 quaestus
3780 969 3979 1008 causa.

2330 1036 2447 1091 Vos
2478 1040 2695 1102 autem,
2727 1036 3079 1109 charissimi,
3115 1055 3398 1096 memores
3432 1046 3613 1097 estote
3671 1042 3982 1098 verborum

2332 1144 2455 1196 quae
2489 1126 2767 1196 praedicta
2797 1132 2935 1183 sunt
2964 1130 3035 1183 ab
3068 1130 3360 1201 Apostolis
3392 1130 3623 1186 Domini
3656 1134 3838 1188 nostri
3885 1136 3983 1188 Je-

2334 1232 2401 1269 su
2435 1214 2671 1281 Christi,
2700 1216 2795 1285 qui
2828 1217 3099 1272 dicebant
3130 1218 3318 1284 vobis,
3350 1220 3629 1286 quoniam
3680 1222 3738 1276 in
3791 1221 3984 1278 novis-

2336 1304 2483 1358 simc
2514 1308 2773 1375 tempore
2805 1308 3038 1361 venient
3066 1306 3359 1378 illusores,
3390 1310 3715 1366 secundum
3750 1312 3983 1367 deside-

2336 1393 2421 1448 ria
2454 1410 2561 1448 sua
2592 1394 2959 1452 ambulantes
2991 1396 3046 1450 in
3082 1397 3381 1469 impietate
3402 1400 3443 1453 ¹.
3478 1399 3546 1455 Ηί
3576 1405 3715 1456 sunt
3743 1402 3843 1473 qui
3892 1418 3988 1457 se-

2337 1487 2582 1554 gregant
2613 1485 2983 1557 semetipsos,
3017 1486 3599 1560 animales,spiritum
3623 1506 3739 1547 non
3756 1490 3988 1546 baben-

2336 1575 2443 1625 tes.
2476 1570 2591 1627 Vos
2623 1574 3183 1641 autem,cbarissimi
3208 1577 3738 1649 supermdificantes
3758 1596 3991 1636 vosme-

2336 1659 2521 1731 tipsos
2553 1662 2935 1719 sanctissima:
2966 1669 3167 1721 vestrae
3201 1666 3355 1736 ﬁdei,
3405 1667 3462 1721 ln
3522 1668 3737 1739 Spiritu
3783 1672 3991 1725 sancto

2340 1754 2597 1820 orantes,
2634 1751 2790 1821 ipsos
2820 1769 2918 1808 vos
2948 1752 3007 1808 in
3027 1752 3337 1810 dilectione
3363 1755 3457 1810 Dei
3482 1760 3729 1822 servate,
3749 1772 3989 1829 exspec-

2338 1842 2529 1893 tante
2554 1839 3010 1897 misericordiam
3044 1843 3275 1899 Domini
3308 1845 3492 1899 nostri
3522 1845 3660 1902 Jesu
3683 1845 3989 1918 Cbristi,in

2338 1929 2515 1985 vitam
2550 1935 2847 1988 aeternam.
2880 1934 2949 1988 Et
2980 1934 3087 1991 hos
3118 1936 3357 2007 quidem
3386 1938 3613 2010 arguite
3647 1938 3988 2009 judicatos;

2338 2017 2473 2073 illos
2504 2036 2633 2074 vero
2666 2020 2882 2077 salvate
2913 2023 2983 2079 de
3040 2024 3173 2096 igne
3228 2025 3548 2097 rapientes:
3607 2026 3736 2083 aliis
3789 2031 3988 2085 autem

2342 2109 2704 2165 miseremini
2736 2111 2793 2166 in
2828 2112 3057 2182 timore,
3092 2114 3355 2171 odientes
3386 2120 3444 2171 et
3472 2132 3621 2189 eam,
3646 2134 3991 2189 qumcarna-

2341 2198 2413 2253 lis
2445 2204 2550 2266 est,
2588 2200 2940 2256 maculatam
2973 2202 3256 2259 tunicam.

2573 2324 2666 2379 DE
2696 2325 2907 2381 LIBRO
2936 2328 3411 2385 APOCALYPSIS
3439 2330 3753 2387 JOANNIS.

2414 2430 2740 2501 [Cap.n.]Si
2761 2431 3027 2505 homines,
3054 2438 3166 2490 imo
3184 2439 3316 2507 quia
3336 2438 3578 2493 homines
3598 2438 3992 2506 intelliguntur

2340 2523 2703 2586 moneri,cum
2731 2524 2927 2591 Angeli
2946 2522 3253 2591 monentur,
3264 2528 3321 2581 in
3337 2529 3590 2583 omnibus
3611 2527 3813 2583 eisdem
3831 2542 3985 2599 prx-

2340 2613 2508 2679 ceptis
2528 2610 2788 2665 discimus
2798 2614 2964 2681 falsos
2982 2616 3185 2684 fratres
3193 2632 3290 2687 per
3305 2618 3625 2685 patientiam
3637 2618 3989 2674 sustinendos

2334 2704 2571 2769 prapter
2592 2716 2787 2755 nomen
2814 2702 2925 2767 Dei,
2950 2711 2997 2757 et
3015 2720 3113 2774 per
3130 2706 3281 2775 pwni
3287 2708 3519 2761 tentiam
3536 2705 3603 2761 ad
3619 2707 3803 2778 prima
3821 2722 3984 2778 opera

2342 2790 2483 2843 bona
2512 2788 2872 2856 redeundum,
2910 2800 2959 2847 et
2988 2809 3155 2863 usque
3181 2794 3253 2850 ad
3310 2804 3537 2851 mortem
3583 2798 3985 2867 persecutiones

2337 2894 2437 2949 pro
2468 2878 2570 2946 ﬁde
2599 2880 2933 2947 tolerandas,
2965 2889 3017 2937 at
3046 2884 3106 2936 in
3134 2882 3400 2939 charitate
3427 2885 3772 2941 serviendum
3795 2887 3837 2939 ³.

2418 2968 2581 3021 Circa
2611 2975 2801 3023 autem
2814 2971 2979 3039 ﬁnem
3011 2971 3163 3037 libri,
3194 2990 3315 3027 cum
3345 2973 3409 3029 de
3436 2978 3631 3030 sancta
3659 2976 3883 3030 civitate
3909 2976 3983 3031 lo-

2346 3060 2603 3126 queretur
2623 3057 2785 3127 [xx1.]
2808 3075 2821 3112 :
2846 3058 2966 3113 Non
2995 3059 3239 3116 intrabit
3262 3078 3275 3115 :
3308 3061 3509 3133 inquit,
3530 3063 3588 3118 in
3611 3079 3738 3119 eam
3762 3062 3983 3134 aliquid

2346 3145 2818 3216 coinquinatum,
2850 3153 2905 3203 et
2936 3148 3155 3207 faciens
3180 3151 3677 3209 abominationem
3709 3158 3767 3208 et
3824 3168 3987 3208 men-

2349 3234 2602 3290 dacium.

2421 3326 2486 3379 Et
2508 3327 2865 3399 atibi[xxn.l:
2898 3330 3051 3385 Beati
3075 3332 3173 3401 qui
3191 3331 3387 3388 lavant
3407 3333 3591 3390 stolas
3613 3350 3751 3390 suas
3773 3334 3830 3388 in
3852 3350 3993 3389 san-

2351 3416 2528 3487 guine
2558 3419 2727 3489 Agni,
2760 3425 2823 3474 ut
2853 3420 2929 3475 sit
2960 3425 3216 3493 potestas
3246 3439 3447 3479 eorum
3476 3424 3536 3480 in
3568 3424 3723 3496 ligno
3755 3425 3902 3495 vitae,
3936 3428 3994 3479 et

2350 3505 2534 3576 portis
2560 3506 2776 3563 intrent
2796 3508 3107 3565 civitatem.
3138 3511 3300 3567 Foris
3321 3529 3516 3581 canes,
3544 3518 3601 3569 et
3645 3514 3905 3578 veneﬁci,
3938 3516 3996 3568 et
4076 3568 4085 3587 Α

2352 3590 2655 3665 impudici,
2690 3602 2747 3651 et
2777 3596 3103 3666 homicida,
3136 3604 3192 3655 et
3220 3599 3393 3655 idolis
3425 3603 3759 3668 servientes,
3792 3606 3849 3657 et
3876 3617 3997 3656 om-
4084 3610 4085 3647 ἀ

2353 3682 2445 3737 nis
2476 3685 2576 3754 qui
2610 3690 2767 3740 amat
2796 3692 2851 3741 et
2882 3688 3019 3741 facit
3049 3690 3442 3746 mendacium.
3476 3692 3594 3763 Ego
3643 3692 3815 3747 Jesus
3862 3690 3995 3745 misi

2352 3775 2627 3845 angelum
2663 3793 2858 3831 meum
2891 3778 3191 3833 testificari
3224 3779 3345 3835 haec
3376 3782 3567 3837 vobis.

2421 3927 3060 4010 :IVu'lgata‘in‘excqsis,
3117 3928 3359 4010 (eleuatur
3414 3930 3781 4010 superbanin
3838 3933 3990 3983 Corb.

2354 3989 2505 4057 Bibl._,
2537 3989 2777 4057 loquitur,
2792 3990 3120 4057 superbiam:
3153 3989 3329 4057 Graece
3360 3989 3616 4054 estflalei
3660 3996 3964 4057 haperogca.

2417 4056 2436 4086 ²
2455 4052 2617 4121 ΑΟΟΓῘ).
2650 4052 2960 4121 Βὶὺιὶερςρτο
2990 4056 3043 4102 in
3074 4056 3357 4121 impietate,
3387 4052 3602 4121 habent,
3637 4052 3961 4121 impietatem
3986 4073 3999 4117 ;

2349 4113 2503 4183 justo
2532 4130 2785 4183 graecum,
2811 4113 2961 4183 Nunc
2978 4113 3158 4183 tamen
3178 4113 3393 4183 vulgata
3412 4113 3603 4178 fert,in
3622 4113 3996 4183 impietatibus.

2418 4179 2437 4211 ³
2464 4178 2660 4240 Regius
2693 4179 2873 4237 codex,
2908 4181 3229 4243 favendum.

1935 4442 2650 4542 ADMONITIO

1518 4606 1590 4659 IN
1631 4604 1833 4661 LIBRO
1876 4604 1962 4660 DE
2003 4604 2366 4662 CONSENSU
2408 4604 3079 4663 EVANGELISTARUM.

672 4738 789 4797 Hoc
819 4740 876 4795 in
902 4753 1072 4812 cpere
1101 4738 1159 4795 S.
1193 4739 1539 4809 Augustinus
1565 4738 1933 4809 Evangelium
1957 4757 1991 4794 a
2021 4741 2371 4811 Pagauorum
2396 4741 2701 4796 calumniis
2732 4740 3154 4796 defendendum
3182 4740 3438 4811 suscipit.
3472 4740 3535 4795 Et
3557 4741 3786 4812 quidem
3809 4743 3999 4799 statim

590 4834 664 4891 ab
692 4832 813 4904 ipsa
836 4830 1289 4901 promulgatione
1324 4828 1563 4885 multum
1596 4831 1745 4899 apud
1767 4831 2006 4900 populos
2036 4847 2237 4886 omnes
2268 4832 2617 4887 auctoritatis
2645 4847 2711 4886 ac
2746 4831 2874 4886 ﬁdei
2902 4846 3031 4887 cum
3068 4839 3282 4901 patrata
3308 4831 3577 4886 divinitus
3607 4838 3681 4885 tot
3706 4833 3996 4899 miracula,

592 4936 865 4994 corporea
895 4920 1080 4990 specie
1101 4918 1424 4989 illapsus,ut
1456 4917 1594 4973 illud
1628 4935 1728 4973 suo
1756 4920 1991 4976 numine
2014 4922 2278 4991 sanciret,
2301 4922 2538 4990 Spiritus
2559 4928 2791 4975 sanctus
2823 4920 3151 4975 conciliarat
3176 4937 3189 4987 ;
3213 4922 3308 4976 sed
3335 4935 3451 4975 non
3472 4920 3721 4988 defuere,
3742 4940 3773 4975 a
3796 4920 4000 4991 quibus

597 5013 1045 5085 impugnaretur.
1074 5009 1325 5064 Primum
1346 5007 1499 5065 enim
1525 5015 1935 5063 tormentorum
1958 5022 2123 5079 atque
2144 5010 2551 5079 suppliciorum
2581 5010 2713 5074 vim,
2748 5026 2855 5079 qua
2878 5010 2999 5064 dire
3018 5011 3080 5065 in
3102 5010 3315 5079 primos
3337 5009 3684 5065 Christianos
3715 5012 3997 5081 saevitum,

593 5099 861 5157 sustinuit
887 5122 902 5166 ;
932 5097 1137 5152 deinde
1166 5095 1692 5151 immanitatesillas
1713 5109 1932 5167 excepit
1961 5098 2233 5151 doctrina:
2255 5099 2459 5167 pariter
2486 5108 2652 5168 atque
2670 5098 2935 5164 historiae,
2977 5113 3144 5167 quam
3170 5098 3359 5153 afﬂatu
3377 5098 3571 5155 divino
3592 5100 3737 5154 sacri
3759 5104 3999 5169 quatuor

591 5190 904 5261 Scriptores
935 5188 1004 5241 de
1032 5201 1097 5241 eo
1131 5192 1444 5253 texuerunt,
1480 5186 1840 5241 criminatio:
1877 5193 2177 5257 utrumque
2206 5188 2512 5244 incassum.
2550 5188 2868 5253 Enimvero,
2904 5188 3380 5257 quemadmodum
3413 5187 3611 5256 primis
3641 5187 3757 5242 suis
3782 5190 3997 5243 conati-

592 5277 700 5335 bus
728 5277 872 5333 nihil
903 5275 1055 5330 aliud
1090 5275 1379 5331 conseculi
1406 5283 1537 5330 sunt
1564 5276 1905 5343 evangelicae
1939 5277 2184 5331 veritatis
2214 5278 2541 5347 adversarii,
2574 5278 2684 5332 nisi
2718 5286 2773 5331 ut
2808 5275 2904 5329 illa
2933 5277 3139 5331 certior
3178 5275 3629 5346 exploratiorque
3658 5276 3996 5341 redderetur,

591 5366 785 5423 divino
812 5364 1018 5436 Spiritu
1052 5363 1418 5432 martyribus,
1453 5363 1547 5433 qui
1580 5378 1703 5417 eam
1736 5379 1836 5419 suo
1870 5364 2150 5433 sanguine
2179 5374 2515 5432 assererent,
2550 5367 2701 5421 vires
2743 5373 3077 5435 suggerente
3108 5380 3119 5419 :
3154 5366 3235 5419 sic
3268 5366 3416 5419 idem
3458 5362 3553 5419 ille
3586 5364 3826 5435 Spiritus
3856 5381 4001 5435 prai-

590 5454 1067 5513 slantissimorum
1102 5454 1352 5507 virorum
1387 5460 1604 5507 mentes
1635 5454 1838 5509 ardore
1869 5454 2183 5524 succendit,
2216 5470 2326 5525 quo
2359 5456 2613 5509 refutatis
2647 5454 2825 5509 multa
2851 5469 2983 5509 eum
3014 5455 3348 5510 eruditionis
3383 5452 3548 5509 laude
3576 5453 3999 5509 Idololatrarum

589 5544 915 5609 calumniis,
949 5542 1222 5611 majorem
1254 5543 1304 5595 ei
1338 5542 1752 5598 ﬁrmitudinem
1808 5559 1873 5599 ac
1904 5544 2242 5613 dignitatem
2300 5554 2713 5615 compararent.
2750 5548 2919 5598 Porro
2970 5542 3109 5598 illud
3146 5544 3204 5599 in
3236 5545 3437 5613 primis
3482 5542 3708 5599 crimini
3740 5542 3992 5612 dabatur,

593 5634 744 5690 inter
771 5648 831 5689 se
863 5632 1190 5700 neutiquam
1249 5632 1571 5687 consentire
1626 5647 1815 5688 sacros
1847 5632 2184 5688 historicos:
2236 5656 2265 5683 «
2324 5634 2441 5691 Hoc
2475 5635 2628 5690 enim
2660 5633 2864 5703 solent,
2899 5654 2925 5683 ››
2960 5633 3036 5687 ait
3092 5633 3462 5703 Augustinus,
3503 5654 3529 5683 ‹‹
3560 5632 3719 5703 quasi
3750 5632 3991 5703 palmare

596 5738 711 5783 sua:
769 5720 1033 5778 vanitatis
1096 5718 1364 5792 objicere,
1395 5723 1545 5794 quod
1596 5721 1701 5791 ipsi
1731 5721 2101 5793 Evangelistte
2132 5722 2282 5781 inter
2311 5724 2525 5794 seipsos
2556 5724 2892 5782 dissentiant
2923 5743 2951 5773 »
2984 5721 3127 5794 (Lib.
3162 5722 3214 5794 l,
3257 5739 3375 5795 cap.
3407 5724 3463 5791 7,
3502 5739 3562 5778 η.
3596 5722 3704 5797 10).
3739 5723 3989 5781 Ethnicis
