4200 6332
520 345 676 403 1079

1259 342 1362 402 DE
1406 340 1818 402 CONSENSU
1865 337 2603 411 EVANGELISTARUM,
2654 341 2719 400 S.
2769 340 3199 403 AUGUSTINI

3779 341 3940 403 1080

517 480 705 541 Anna,
739 491 866 545 quas
897 474 1152 529 dixerint
1181 473 1252 528 de
1282 472 1378 527 illo
1413 473 1470 527 in
1498 437 1745 544 templo,
1781 475 1946 541 poste
2001 485 2176 542 quam
2261 476 2414 526 stans
2436 489 2470 526 a
2497 473 2704 526 dextris
2737 473 2935 528 altaris
2966 475 3216 528 incensi:
3248 481 3301 528 et
3357 475 3650 530 Zacharias
3683 475 3936 532 turbatus

512 570 910 637 cognoverunt
926 580 1059 618 eum
1077 562 1302 634 impleti
1323 561 1542 634 Spiritu
1561 567 1798 617 sancto:
1824 577 1917 616 om
1929 559 2157 615 niaheec

515 659 670 710 tacet
699 653 1028 708 Mattheus.

589 788 673 842 16.
708 786 869 842 Unde
901 786 1107 841 merito
1135 785 1416 857 quaeritur
1444 785 1680 858 quando
1701 785 1848 840 facta
1866 783 2006 847 sint,
2038 781 2156 837 sive

514 891 641 948 quae
671 875 948 930 Mathaaus
981 875 1371 945 praetermittit
1400 881 1456 930 et
1480 876 1663 930 Lucas
1685 873 1850 944 dicit,
1881 873 2003 928 sive
2028 888 2155 943 quae

513 965 698 1020 Lucas
714 965 1171 1038 praetermittitet
1186 964 1494 1020 Matthaaus
1508 962 2155 1033 dicit.Quandoquidem

513 1054 844 1121 Matthmus,
861 1053 1142 1127 regressis
1165 1056 1222 1108 in
1245 1054 1537 1125 regionem
1553 1071 1717 1110 suam
1740 1053 1924 1125 Magis
1947 1050 2044 1124 qui
2068 1067 2158 1106 ve-

511 1148 726 1199 nerunt
755 1144 825 1199 ab
845 1144 1378 1215 Oriente,sequitur
1396 1148 1452 1198 et
1475 1147 1692 1211 narrat,
1719 1142 1935 1214 Joseph
1960 1143 2031 1196 ab
2055 1157 2157 1196 an-

510 1232 638 1305 gelo
652 1233 1019 1288 admonitum
1041 1239 1103 1288 ut
1126 1251 1257 1288 cum
1281 1233 1506 1288 infante
1525 1234 1894 1306 in/Egyptum
1913 1233 2154 1303 fugeret,

513 1339 584 1378 ne
616 1323 687 1378 ab
712 1323 938 1378 Herode
964 1329 1306 1391 necaretur;
1341 1324 1550 1378 deinde
1575 1323 1877 1390 Herodem,
1919 1321 2016 1376 illo
2040 1338 2154 1376 non

511 1413 766 1479 invento,
784 1429 818 1468 a
838 1413 1065 1468 bimatu
1085 1418 1140 1467 et
1165 1413 1315 1468 intra
1338 1429 1550 1485 pueros
1576 1413 1895 1468 occidisse:
1923 1412 2156 1465 defunc-

512 1507 570 1558 to
597 1506 792 1557 autem
812 1502 1034 1557 Herode
1057 1502 1300 1558 rediisse
1321 1502 1392 1557 ab
1418 1504 1677 1574 rEgypto,
1709 1508 1764 1556 et
1786 1502 1986 1556 audito
2002 1503 2152 1573 quod

511 1590 830 1646 Archelaus
863 1591 918 1645 in
941 1591 1144 1646 Judzea
1171 1595 1440 1663 regnaret
1471 1607 1573 1663 pro
1605 1591 1831 1645 Herode
1852 1594 2011 1660 patre
2026 1606 2154 1659 suo,

512 1679 810 1736 habitasse
841 1697 972 1736 cum
1003 1697 1180 1751 puero
1211 1682 1267 1736 in
1301 1679 1546 1736 Galilzeae
1577 1681 1812 1736 civitate
1843 1679 2154 1735 Nazareth:

515 1773 855 1844 quaeomnia
877 1774 1255 1828 Lucastacet.
1289 1770 1404 1825 Nec
1437 1769 1566 1824 ideo
1591 1769 1948 1825 contrarium
1977 1768 2158 1823 videri

515 1863 890 1938 potest,quod
922 1861 1007 1916 vel
1043 1861 1135 1916 hic
1162 1860 1305 1915 dicit
1329 1877 1454 1932 quze
1487 1859 1604 1914 illic
1637 1859 2048 1932 praetermittit,
2072 1858 2158 1912 vel

513 1955 614 2012 ille
647 1955 1066 2010 commemorat
1104 1967 1226 2022 quae
1257 1949 1368 2005 iste
1399 1966 1510 2004 non
1545 1949 1704 2004 dicit.
1739 1949 1847 2004 Sed
1881 1951 2160 2020 quaeritur

517 2045 749 2119 quando
781 2043 932 2099 fierit
971 2041 1273 2114 potuerint
1306 2057 1429 2111 quae
1461 2038 1716 2094 contexit
1756 2038 2061 2093 Matthzsus
2091 2038 2163 2092 de

515 2133 871 2208 profectione
924 2131 982 2186 in
1026 2135 1333 2203 Egyptum
1391 2133 1560 2200 atque
1623 2129 1755 2183 inde
1805 2127 2164 2199 regressione

517 2228 649 2298 post
679 2222 922 2278 Herodis
955 2224 1226 2285 mortem,
1261 2224 1320 2274 ut
1345 2220 1470 2290 jam
1511 2220 1566 2273 in
1609 2218 1840 2274 civitate
1880 2215 2161 2272 Nazarelh

513 2313 868 2379 habitarent,
903 2327 1016 2382 quo
1040 2326 1139 2365 eos
1154 2310 1362 2377 Lucas,
1390 2314 1770 2379 posteaquam
1797 2307 2168 2378 perfecerunt

519 2405 576 2460 in
601 2401 818 2474 templo
833 2400 985 2456 circa
1010 2415 1252 2471 puerum
1276 2399 1475 2453 omnia
1491 2397 1813 2452 secundum
1839 2397 2040 2467 Legem
2057 2395 2166 2450 Do-

525 2491 692 2560 mini,
725 2504 987 2545 reversos
1029 2503 1158 2542 esse
1189 2491 1626 2542 commemorat.
1663 2486 1764 2541 Hic
1797 2485 2037 2556 proinde
2069 2501 2167 2539 co-

527 2579 928 2655 gnoscendum
961 2581 1051 2633 est
1075 2577 1224 2648 quod
1259 2576 1532 2648 deinceps
1564 2577 1632 2630 ad
1675 2580 1881 2630 cietera
1911 2575 2049 2628 talia
2075 2591 2169 2628 va-

529 2671 664 2740 leat,
691 2686 760 2725 ne
792 2667 1066 2724 similiter
1106 2669 1375 2723 moveant
1395 2667 1774 2737 animumque
1799 2665 2169 2728 conturbent,

529 2759 613 2815 sic
643 2773 1126 2830 unumquemque
1159 2754 1584 2829 Evangelistam
1618 2759 1919 2810 contexere
1971 2770 2170 2807 narra-

532 2849 749 2905 tionem
777 2864 968 2911 suam.
990 2851 1054 2901 ut
1078 2851 1359 2917 tanquam
1377 2844 1519 2899 nihil
1553 2843 2050 2918 praetermittenda
2081 2859 2169 2898 sc-

532 2939 646 2995 ries
669 2938 897 3011 digesta
925 2937 1227 2992 videatur:
1265 2936 1457 2990 tacitis
1489 2935 1644 2991 enim
1685 2952 1808 3006 quis
1869 2951 1980 2988 non
2052 2931 2174 2986 vult

532 3028 742 3095 dicere,
777 3026 860 3082 sic
892 3041 961 3082 ea
991 3024 1488 3098 quzevultdicere,
1519 3023 1778 3097 illisque:
1812 3023 2041 3078 dicebat
2071 3022 2173 3076 ad-

523 3117 744 3191 jungit,
780 3121 844 3172 ut
876 3115 1290 3187 ipsacontinuo
1324 3115 1486 3187 sequi
1521 3115 1868 3169 videantur:
1905 3113 2004 3168 sed
2040 3129 2171 3167 cum

528 3207 672 3263 alter
701 3224 768 3262 ea
797 3205 938 3260 dicit
971 3222 1096 3277 qua:
1124 3203 1268 3258 alter
1294 3203 1491 3271 tacuit,
1515 3202 1823 3274 diligenter
1867 3203 2008 3256 ordo
2039 3218 2174 3256 con-

531 3297 822 3353 sideratus
854 3294 1070 3349 indicat
1102 3293 1291 3348 locum
1319 3293 1417 3346 ubi
1439 3309 1502 3347 ea
1528 3292 1800 3364 potuerit,
1831 3309 1863 3346 a
1886 3308 1998 3362 quo
2028 3309 2175 3363 prae-

529 3385 806 3442 termissa
835 3388 996 3448 sunt,
1027 3381 1414 3448 transilire,ut
1442 3398 1509 3436 ea
1539 3399 1665 3453 quae
1695 3382 1888 3436 dicere
1913 3379 2178 3436 intende-

529 3481 622 3531 rat
649 3475 730 3530 ita
761 3472 1162 3547 superioribus
1193 3471 1492 3544 copularet
1523 3477 1802 3544 tanquam
1843 3471 1969 3542 ipsa
2002 3471 2176 3526 nullis

535 3564 899 3636 interpositis
941 3567 1352 3636 sequerentur.
1386 3564 1463 3616 Ac
1522 3577 1624 3634 per
1664 3563 1770 3617 hoc
1831 3561 2179 3634 intelligitur

532 3653 860 3723 Mattheus,
895 3653 991 3708 ubi
1031 3652 1112 3707 ait
1139 3652 1370 3708 somnio
1402 3651 1734 3706 admonitos
1756 3651 1956 3723 Magos
1990 3667 2058 3706 ne
2090 3669 2176 3706 re-

531 3745 724 3800 dirent
763 3745 831 3798 ad
867 3743 1169 3810 Herodem,
1213 3746 1269 3796 et
1303 3757 1404 3813 per
1461 3739 1636 3796 aliam
1669 3740 1819 3795 viam
1881 3756 2179 3812 regressos

534 3834 593 3888 in
627 3833 922 3905 regionem
948 3847 1117 3888 suam
1147 3849 1160 3899 ;
1193 3829 1314 3885 illic
1360 3830 1750 3904 praetermissa
1807 3847 1930 3902 quas
1996 3832 2180 3885 Lucas

535 3921 790 3978 narravit
819 3926 984 3994 gesta
1005 3919 1158 3976 circa
1179 3919 1490 3976 Dominum
1516 3921 1571 3975 in
1609 3921 1847 3993 templo,
1882 3925 1936 3976 et
1967 3921 2124 3975 dicta
2148 3937 2182 3975 a

535 4013 804 4067 Simeone
834 4016 892 4066 et
921 4013 1120 4066 Anna:
1158 4011 1254 4065 ubi
1278 4027 1483 4065 rursus
1517 4010 1702 4065 Lucas
1734 4010 2183 4082 praetermittens

535 4100 950 4172 profectionem
979 4100 1036 4154 in
1069 4100 1405 4172 rEgyptum,
1432 4116 1606 4170 quam
1631 4104 1827 4154 narrat
1848 4099 2179 4164 Matthzeus,

535 4195 816 4262 tanquam
877 4189 1214 4245 continuam
1287 4189 1586 4245 contexuit
1627 4189 2050 4260 regressionem
2110 4189 2180 4244 ad

537 4281 831 4338 civitatem
863 4279 1165 4336 Nazareth.

612 4416 762 4471 l7.Si
778 4417 910 4486 quis
923 4420 1115 4470 autem
1134 4414 1274 4469 velit
1297 4430 1472 4468 unam
1493 4413 1882 4469 narrationem
1907 4430 1975 4468 ex
1995 4430 2088 4469 om
2100 4414 2185 4469 ni-

538 4508 807 4576 bus,qute
831 4505 901 4560 de
922 4503 1136 4558 Christi
1166 4503 1467 4558 nativitate
1490 4508 1545 4556 et
1566 4501 1909 4557 infantiavel
1934 4505 2188 4574 pueritia

537 4596 596 4650 in
629 4593 1321 4664 ulriusquenarrationne
1353 4593 1424 4646 ab
1456 4590 1736 4646 alterutro
1775 4608 1875 4646 seu
1910 4591 2192 4649 dicuntur

537 4701 638 4740 seu
662 4681 1478 4754 praetermittuntur,ordinare
1507 4679 1589 4734 sic
1616 4686 1837 4752 potest:
1873 4681 2076 4737 Christi
2095 4700 2190 4738 au-

537 4780 645 4830 tem
671 4775 952 4844 generatio
981 4773 1060 4826 sic
1090 4779 1206 4825 erat
1231 4771 1440 4839 (Matth.
1466 4770 1626 4838 1,18).
1660 4771 1784 4825 Fuit
1807 4770 1999 4827 diebus
2021 4775 2188 4828 Hero-

535 4863 618 4918 dis
642 4865 782 4933 regis
805 4861 1008 4918 Iudaeae
1035 4859 1284 4914 sacerdos
1313 4860 1544 4930 quidam
1564 4861 1784 4914 nomine
1803 4861 2192 4924 Zacharias,de

535 4955 652 5007 vice
684 4951 864 5006 Abiu:
896 4953 948 5006 et
976 4965 1118 5004 uxor
1138 4949 1227 5003 illi
1247 4949 1312 5002 de
1339 4949 1560 5017 liabus
1581 4955 1782 5015 Aaron,
1806 4953 2194 5022 etnomenejus

536 5042 833 5097 Elisabeth.
871 5045 1044 5095 Erant
1073 5041 1253 5092 autem
1276 5039 1417 5108 justi
1444 5039 1604 5092 ambo
1625 5048 1756 5092 ante
1787 5040 1975 5106 Deum,
2036 5043 2192 5095 ince-

537 5133 721 5188 dentes
751 5133 811 5184 in
831 5130 1083 5185 omnibus
1102 5128 1378 5182 mandatis
1395 5131 1443 5182 et
1456 5127 1950 5199 justicationibus
1971 5131 2197 5187 Domini

537 5223 659 5278 sine
688 5218 937 5292 querela.
964 5219 1027 5273 Et
1051 5233 1158 5272 non
1189 5222 1306 5271 erat
1336 5218 1450 5270 illis
1477 5216 1648 5284 lius,
1668 5233 1727 5271 eo
1756 5218 1900 5287 quod
1919 5224 2052 5272 esset
2077 5221 2195 5274 lili-

539 5311 726 5366 sabelh
754 5309 974 5377 sterilis,
1007 5313 1057 5362 et
1083 5308 1239 5361 ambo
1297 5307 1677 5376 processissent
1707 5307 1763 5360 in
1819 5306 2010 5361 diebus
2057 5310 2191 5364 suis.

541 5405 778 5456 Factum
807 5407 884 5453 est
911 5401 1093 5453 autem
1112 5413 1236 5452 cum
1254 5394 1552 5450 sacerdotio
1578 5397 1903 5465 fungeretur
1923 5399 1982 5452 in
2003 5399 2197 5455 ordine

543 5491 674 5544 vicis
693 5504 810 5544 suae
857 5491 985 5542 ante
1043 5489 1212 5541 Deum
1257 5485 1557 5540 secundum
1611 5485 2051 5542 consuetudinem
2104 5504 2194 5543 sa-

543 5578 791 5645 cerdotii,
821 5581 960 5632 sorte
988 5578 1123 5631 exiit
1156 5583 1214 5629 ut
1246 5577 1529 5628 incensum
1565 5589 1767 5644 ponere
1798 5577 2078 5644 ingressus
2136 5579 2197 5631 in

545 5669 804 5740 templum
826 5667 1045 5720 Domini
1061 5674 1144 5720 :et
1164 5665 1338 5719 omnis
1355 5663 1652 5718 multitudo
1673 5664 1874 5734 populi
1892 5670 2008 5720 erat
2023 5683 2198 5722 orans

543 5759 680 5838 feris
691 5757 826 5812 hora
845 5757 1080 5814 incensi.
1096 5754 1566 5825 Apparuitgautem
1590 5752 1678 5808 illi
1698 5755 1930 5825 angelus
1952 5755 2194 5830 Domini,

2271 561 2564 627 cstvidens,
2593 571 2641 617 et
2657 563 2822 617 timor
2842 563 3014 618 irruit
3027 580 3190 634 super
3209 566 3453 619 eum.Ait
3473 569 3659 619 autem
3678 565 3747 619 ad
3769 565 3935 620 illum

2271 651 2502 720 angelus
2523 669 2542 707 :
2564 652 2637 706 Ne
2659 654 2873 717 timeas,
2904 653 3200 718 Zacharia,
3233 655 3499 724 quoniam
3555 654 3822 709 exaudita
3850 664 3936 711 est

2272 739 2576 805 deprecatio
2602 750 2771 804 tua,et
2800 758 2944 797 uxor
2962 747 3060 796 tua
3083 743 3364 796 Elisabeth
3393 744 3571 814 pariet
3592 743 3705 818 tibi
3722 744 3930 812 lium,

2270 834 2322 884 et
2354 831 2566 884 vocabis
2595 847 2792 886 nomen
2822 832 2936 901 ejus
2965 836 3278 889 Joannem:
3299 835 3353 886 et
3381 833 3494 886 erit
3524 833 3936 902 gaudiumtibi.

2271 927 2321 973 et
2348 922 2641 985 exultatio,
2674 926 2725 975 et
2749 922 2910 975 mulli
2926 924 2984 975 in
3005 924 3294 976 nativitate
3315 923 3432 992 ejus
3451 922 3804 992 gaudebunt:
3829 923 3938 977 erit

2270 1010 2418 1063 enim
2442 1026 2674 1079 magnus
2694 1027 2879 1065 coram
2905 1012 3132 1066 Domino
3153 1029 3171 1066 :
3193 1015 3246 1066 et
3272 1028 3460 1065 vinum
3489 1020 3539 1066 et
3567 1013 3806 1066 siceram
3823 1027 3933 1067 non

2273 1099 2446 1156 bibet:
2480 1110 2529 1155 et
2557 1101 2765 1172 Spiritu
2793 1107 2986 1158 sancto
3013 1103 3311 1172 replebitur
3337 1103 3521 1158 adhuc
3545 1119 3614 1157 ex
3637 1108 3794 1158 utero
3815 1121 3934 1158 ma-

2270 1190 2372 1244 tris
2400 1207 2513 1245 suze
2534 1211 2550 1244 :
2581 1196 2631 1246 et
2660 1192 2858 1247 multos
2887 1194 3134 1261 liorum
3158 1193 3327 1246 Israel
3358 1199 3625 1246 convertet
3653 1194 3721 1246 ad
3744 1193 3933 1247 Domi-

2271 1295 2406 1333 num
2443 1282 2614 1334 Deum
2645 1283 2922 1351 ipsorum:
2956 1286 3009 1336 et
3057 1283 3168 1352 ipse
3200 1281 3465 1344 praecedet
3495 1285 3622 1336 ante
3652 1283 3814 1336 illum
3873 1285 3935 1336 in

2269 1371 2470 1438 spiritu
2498 1375 2547 1425 et
2599 1373 2800 1425 virtute
2830 1373 2986 1434 Elige,
3025 1377 3086 1425 ut
3115 1378 3390 1425 convertat
3423 1371 3586 1425 corda
3615 1379 3838 1441 patrum
3875 1375 3936 1425 in

2271 1460 2432 1528 lios,
2464 1465 2516 1515 et.
2547 1461 2854 1514 incredulos
2881 1461 2951 1514 ad
2979 1462 3329 1531 prudentiam
3370 1461 3668 1531 justorum,
3728 1475 3936 1530 parare

2271 1550 2504 1605 Domino
2529 1550 2738 1619 plebem
2769 1554 3084 1620 perfectam.
3121 1552 3182 1604 Et
3212 1551 3356 1604 dixit
3387 1550 3679 1604 Zacharias
3715 1548 3785 1604 ad
3815 1567 3924 1604 an-

2269 1639 2454 1708 gelum
2477 1657 2494 1692 :
2528 1639 2675 1694 Unde
2705 1639 2806 1692 hoc
2833 1641 2998 1693 sciam
3017 1640 3045 1694 ?
3070 1655 3164 1710 ego
3193 1639 3340 1693 enim
3360 1654 3483 1693 sum
3511 1644 3763 1705 senex,et
3793 1655 3938 1694 uxor

2270 1743 2392 1782 mea
2421 1732 2680 1798 processit
2711 1731 2769 1784 in
2793 1729 2979 1784 diebus
3025 1731 3158 1784 suis.
3193 1731 3256 1784 Et
3310 1729 3646 1798 respondens
3695 1727 3936 1798 angelus

2271 1819 2417 1872 dixit
2445 1819 2532 1872 ei:
2563 1819 2672 1887 Ego
2699 1836 2820 1872 sum
2852 1818 3067 1873 Gabriel
3099 1819 3195 1890 qui
3241 1818 3391 1873 adsto
3446 1822 3574 1872 ante
3631 1823 3825 1883 Deum,
3885 1823 3937 1874 et

2273 1909 2472 1962 missus
2497 1924 2623 1962 sum
2652 1909 2802 1978 loqui
2831 1908 2900 1962 ad
2923 1917 2991 1972 te,
3015 1913 3066 1962 et
3097 1909 3209 1963 haec
3239 1909 3342 1963 tibi
3392 1908 3766 1976 evangilizure
3802 1925 3820 1961 :
3882 1915 3935 1962 et

2273 2013 2393 2052 ecce
2421 1997 2527 2051 eris
2557 2006 2758 2066 tacens,
2789 2006 2838 2052 et
2860 2013 2970 2051 non
2990 1999 3201 2068 poteris
3234 1998 3380 2068 loqui
3406 2014 3570 2068 usque
3588 1999 3645 2052 in
3667 1997 3815 2051 diem
3831 2011 3936 2066 quo

2281 2087 2394 2141 haec
2424 2089 2584 2156 fiant,
2616 2102 2713 2156 pro
2744 2102 2807 2141 eo
2841 2091 2981 2158 quod
3000 2104 3114 2140 non
3143 2087 3430 2141 credidisti
3457 2086 3630 2141 verbis
3659 2087 3942 2156 meisque:

2278 2176 2661 2242 implebantur
2692 2177 2752 2230 in
2787 2184 3026 2246 tempore
3055 2191 3169 2230 suo.
3208 2179 3280 2229 Et
3309 2183 3428 2230 erat
3444 2175 3591 2247 plebs
3621 2182 3938 2246 exspectans

2277 2265 2631 2331 Zachariam,
2663 2275 2713 2319 et
2743 2265 3096 2320 mirabantur
3124 2265 3266 2336 quod
3296 2265 3538 2319 tardaret
3572 2265 3686 2334 ipse
3716 2265 3776 2317 in
3807 2273 3934 2318 tem-

2277 2355 2385 2424 plo.
2411 2355 2668 2422 Egressus
2685 2358 2874 2408 autem
2895 2371 3001 2409 non
3020 2358 3232 2424 poterat
3256 2354 3405 2424 loqui
3424 2353 3493 2408 ad
3506 2354 3649 2418 illos,
3673 2357 3723 2408 et
3743 2368 3937 2421 cogno-

2277 2447 2473 2498 verunt
2496 2443 2634 2514 quod
2664 2445 2930 2498 visionem
2953 2443 3170 2498 vidisset
3194 2444 3253 2496 in
3304 2443 3520 2512 templo.
3566 2443 3627 2496 Et
3657 2444 3772 2512 ipse
3813 2445 3936 2497 erat

2281 2534 2518 2587 innuens
2547 2533 2686 2600 illis,
2719 2537 2770 2587 et
2798 2534 3108 2602 permansit
3136 2541 3343 2586 mutus.
3379 2532 3439 2586 Et
3484 2534 3695 2602 factum
3722 2533 3822 2598 est,
3871 2539 3932 2586 ut

2282 2623 2504 2688 impleti
2533 2623 2794 2676 suntdics
2820 2623 2994 2691 ofcii
3019 2622 3156 2691 ejus,
3185 2623 3326 2676 abiit
3359 2623 3418 2674 in
3474 2620 3698 2676 domum
3749 2636 3929 2675 suam.

2282 2713 2409 2766 Post
2437 2712 2530 2765 hos
2557 2720 2739 2766 autem
2769 2711 2884 2765 dies
2921 2713 3166 2782 concepit
3196 2711 3469 2765 Elisabeth
3517 2726 3662 2765 uxor
3689 2711 3832 2778 ejus,
3887 2718 3939 2765 et

2280 2803 2584 2858 occultabat
2611 2817 2666 2855 se
2694 2801 2972 2855 mensibus
2991 2802 3248 2872 quinque,
3272 2801 3489 2855 dicens:
3522 2801 3668 2867 Quia
3691 2801 3769 2854 sic
3800 2799 3941 2854 mihi

2281 2893 2409 2962 fecit
2430 2892 2690 2946 Dominus
2710 2893 2765 2944 in
2788 2889 2997 2954 diebus,
3021 2890 3219 2960 quibus
3240 2893 3478 2960 respexit
3497 2892 3726 2956 auferre
3745 2904 3934 2960 oppro-

2285 2983 2466 3036 brium
2500 2997 2677 3034 mcum
2709 2982 2854 3034 inter
2883 2979 3149 3034 homines.
3187 2983 3251 3033 In
3279 2995 3462 3033 mense
3516 2987 3699 3032 autem
3752 2986 3936 3044 sexto,

2282 3074 2482 3125 missus
2513 3072 2586 3124 est
2611 3070 2842 3138 angelus
2866 3068 3080 3123 Gabriel
3097 3085 3129 3121 a
3151 3072 3260 3123 Deo
3282 3069 3338 3121 in
3360 3069 3637 3123 civitatem
3658 3067 3731 3121 Ga
3741 3065 3933 3131 tilica},

2283 3163 2375 3215 cui
2404 3175 2595 3213 nomen
2623 3157 2990 3226 Nazareth,ad
3011 3158 3287 3227 virginem
3313 3157 3690 3227 desponsatam
3712 3157 3830 3211 viro
3849 3154 3942 3210 cui

2283 3265 2478 3304 nomen
2511 3256 2625 3302 erat
2655 3248 2870 3318 Joseph,
2901 3246 2965 3300 de
2993 3249 3148 3300 domo
3180 3245 3378 3306 David;
3395 3255 3446 3300 et
3473 3261 3671 3300 nomen
3699 3246 3937 3315 virginis

2286 3339 2477 3393 Maria.
2504 3339 2565 3392 Et
2597 3339 2871 3406 ingressus
2899 3337 3133 3403 angelus
3153 3335 3224 3390 ad
3251 3351 3371 3389 eam
3397 3335 3580 3388 dixit:
3603 3335 3717 3398 Ave,
3747 3336 3937 3402 gratia

2284 3430 2487 3501 plena;
2517 3427 2774 3480 Dominus
2803 3433 2997 3489 tecum,
3033 3425 3311 3480 benedicta
3366 3432 3425 3479 tu
3455 3426 3515 3478 in
3581 3424 3933 3478 mulieribus.

2443 3533 2565 3570 cum
2595 3515 2834 3578 vidisset,
2866 3515 3094 3568 turbata
3115 3518 3194 3568 est
3206 3514 3269 3568 in
3288 3528 3535 3568 sermone
3554 3513 3688 3580 ejus,
3711 3520 3764 3566 et
3786 3514 3936 3580 cogi-

2289 3607 2445 3662 tabat
2477 3605 2657 3676 qualis
2687 3611 2820 3658 esset
2850 3605 2951 3657 ista
2981 3601 3274 3657 salutatio.
3301 3603 3362 3656 Et
3383 3602 3464 3656 ait
3485 3601 3713 3670 angelus
3743 3602 3797 3654 ei
3824 3618 3842 3653 :
3865 3601 3940 3655 Ne

2290 3698 2502 3764 timeas,
2537 3694 2732 3757 Maria,
2767 3692 3033 3747 invenisti
3051 3693 3197 3746 enim
3227 3693 3474 3761 gratiam
3504 3689 3662 3758 apud
3718 3690 3889 3744 Deum
3919 3707 3936 3742 :

2289 3801 2405 3841 ecce
2434 3785 2701 3854 concipias
2726 3783 2785 3837 in
2816 3786 2990 3846 utero,
3024 3787 3076 3835 et
3105 3781 3291 3851 paries
3320 3779 3519 3844 tilium,
3545 3783 3595 3833 et
3612 3779 3826 3833 vocabis
3846 3795 3938 3833 no-

2289 3891 2412 3930 men
2443 3874 2555 3942 ejus
2583 3874 2766 3927 Jcsum
2789 3889 2806 3924 :
2839 3872 2932 3926 hic
2961 3871 3068 3924 erit
3099 3885 3350 3940 magnus,
3382 3877 3434 3923 et
3463 3869 3620 3937 lius
3669 3867 3938 3923 Altissimi

2290 3965 2612 4021 vocabitur;
2643 3970 2692 4016 et
2722 3960 2872 4015 dabit
2903 3961 2992 4014 illi
3024 3960 3289 4014 Dominus
3323 3960 3459 4012 Deus
3515 3957 3700 4012 sedem
3763 3957 3936 4012 David

2290 4054 2464 4124 patris
2495 4052 2628 4121 ejus,
2661 4058 2710 4104 et
2741 4048 2991 4120 regnabit
3023 4049 3085 4102 in
3114 4047 3270 4102 domo
3486 4047 3545 4100 in
3563 4050 3849 4108 alernum,
3878 4051 3937 4100 et

2292 4141 2449 4210 regni
2476 4139 2593 4209 ejus
2623 4153 2731 4191 non
2761 4138 2868 4190 erit
2895 4137 3044 4206 nis.
3078 4135 3232 4189 Dixit
3261 4143 3442 4188 autem
3470 4135 3640 4188 Maria
3661 4134 3738 4189 ad
3766 4150 3928 4202 ange-

2296 4231 2406 4284 lum
2425 4248 2444 4284 :
2479 4227 2752 4296 Quomodo
2781 4227 2872 4297 et
2898 4225 3061 4290 istud,
3095 4226 3358 4294 quoniam
3387 4225 3568 4278 virum
3597 4239 3707 4277 non
3735 4239 3932 4291 cogno-

2291 4322 2416 4374 sco?
2442 4320 2514 4371 Et
2542 4315 2867 4387 respondens
2897 4315 3128 4384 angelus
3156 4314 3301 4368 dixit
3329 4315 3382 4368 ei
3403 4330 3420 4369 :
3451 4313 3692 4383 Spiritus
3719 4315 3936 4366 sanctus

2292 4408 2640 4478 superueniet
2668 4407 2728 4460 in
2757 4409 2827 4471 te,
2860 4412 2912 4459 et
2943 4406 3116 4458 virtus
3133 4404 3404 4457 Altissimi
3421 4401 3770 4457 obumbrabit
3797 4401 3898 4456 tibi
3916 4418 3936 4463 ;

2293 4497 2519 4568 ideoque
2547 4499 2596 4550 et
2629 4494 2768 4566 quod
2797 4502 3053 4548 nascetur
3094 4495 3365 4557 sanctum,
3417 4492 3700 4546 vocabitur
3755 4491 3938 4546 Filius

2297 4589 2396 4642 Dei
2421 4605 2438 4641 :
2471 4589 2519 4639 et.
2545 4600 2663 4639 ecce
2694 4582 2982 4637 Elisabeth
3011 4591 3245 4651 cognata
3276 4586 3395 4650 tua,
3423 4590 3473 4636 et
3528 4581 3646 4650 ipsa
3697 4583 3939 4651 concepit

2296 4677 2474 4746 li-um
2499 4677 2557 4728 in
2577 4677 2854 4728 senectute
2871 4688 3001 4733 sua;
3014 4677 3064 4725 et
3084 4671 3172 4725 hic
3184 4671 3383 4725 mensis
3404 4678 3481 4726 est
3497 4678 3682 4724 sextus
3708 4670 3796 4723 illi
3815 4684 3939 4741 quae

2298 4774 2519 4821 vocatur
2545 4763 2751 4817 sterilis
2771 4779 2790 4815 ,
2821 4765 2950 4832 quia
2973 4776 3080 4815 non
3100 4762 3207 4814 erit
3236 4761 3568 4830 impossibile
3596 4759 3744 4830 apud
3770 4759 3936 4813 Deum.

2297 4869 2463 4911 omne
2493 4853 2736 4907 verbum.
2762 4852 2912 4905 Dixit
2943 4860 3123 4905 autem
3155 4848 3327 4903 Maria
3349 4867 3367 4902 :
3392 4850 3519 4902 Ecce
3571 4846 3785 4902 ancilla
3836 4849 3935 4903 Do-

2301 4947 2464 5008 mini,
2499 4945 2594 5011 fiat
2624 4940 2766 4995 mihi
2777 4940 3075 4994 secundum
3088 4941 3320 4994 verbum
3333 4942 3507 4992 tuum.
3525 4939 3587 4992 Et
3609 4937 3855 4992 discessit
3872 4938 3938 4992 ab

2303 5035 2401 5089 illa
2430 5032 2678 5102 angelus,
2714 5035 3029 5100 Exsurgens
3059 5036 3246 5082 autem
3277 5027 3449 5082 Maria
3484 5028 3541 5081 in
3583 5026 3771 5081 diebus
3803 5028 3936 5091 illis,

2301 5124 2438 5178 abiit
2453 5124 2508 5177 in
2532 5123 2791 5177 montana
2809 5136 2932 5174 cum
2953 5117 3308 5189 festinatione
3328 5119 3386 5172 in
3407 5115 3868 5171 civitatemluda:
3892 5119 3942 5171 et

2304 5213 2532 5267 intravit
2559 5213 2617 5264 in
2647 5210 2870 5263 domum
2890 5207 3256 5273 Zacharite,et
3275 5205 3535 5259 salutavit
3566 5203 3855 5259 Elisabeth.
3877 5204 3942 5259 Et

2301 5305 2509 5373 factum
2541 5308 2633 5367 est,
2669 5303 2729 5353 ut
2757 5299 2973 5352 audivit
3002 5296 3385 5351 salutationem
3409 5295 3612 5349 Marine
3645 5294 3938 5361 Elisabeth,

2303 5391 2596 5448 exsultavit
2631 5389 2816 5458 infans
2851 5388 2910 5441 in
2943 5391 3102 5441 utero
3127 5385 3275 5452 eius;
3306 5392 3357 5438 et
3386 5383 3597 5454 repleta
3628 5387 3702 5438 est
3732 5382 3941 5454 Spiritu

2300 5484 2485 5536 sancto
2521 5477 2818 5543 Elisabeth,
2852 5480 2901 5530 et
2931 5475 3259 5530 exclamavit
3283 5487 3402 5528 voce
3428 5488 3648 5541 magna,
3681 5481 3730 5527 et
3757 5472 3902 5526 dixit
3921 5491 3940 5528 .-

2304 5569 2591 5626 Benedicta
2621 5577 2677 5624 tu
2700 5569 2848 5622 inter
2873 5565 3146 5632 mulieres,
3170 5566 3220 5618 et
3242 5561 3558 5616 benedictus
3585 5563 3794 5632 fructus
3820 5577 3937 5616 ren-

2304 5665 2405 5718 tris
2435 5661 2536 5714 tui.
2565 5661 2628 5713 Et
2655 5657 2798 5712 unde
2819 5657 2914 5710 hoc
2934 5653 3093 5719 mihi,
3124 5661 3182 5707 ut
3202 5654 3569 5707 veniatmater
3595 5651 3816 5708 Domini
3835 5654 3939 5708 mei

2303 5751 2371 5809 ad
2391 5752 2511 5806 me?
2539 5750 2668 5803 Ecce
2696 5748 2844 5802 enim
2873 5752 2932 5800 ut
2959 5744 3107 5816 facta
3133 5745 3210 5799 est
3239 5757 3344 5798 vox
3370 5741 3719 5799 salutatioan
3747 5745 3852 5798 tua
3877 5743 3936 5797 in
