4200 6340
201 323 206 326 ’
285 348 438 409 4081

280 484 518 538 auribus
540 483 695 551 meis,
712 483 985 537 multavit
1010 483 1067 538 in
1089 483 1296 551 gaudio
1318 483 1506 556 infans
1530 486 1587 538 in
1610 492 1768 537 utero
1789 497 1906 536 meo
1925 499 1947 536 ,ο

283 581 335 628 et
372 572 530 627 beata
558 588 678 642 quae
704 573 1017 638 credidisti,
1051 576 1309 643 quoniam
1342 574 1694 643 perficiantur
1723 588 1785 626 ea
1826 589 1946 642 quae

286 661 440 716 dicta
494 671 626 716 sunt
674 663 776 717 tibi
825 679 864 716 a
894 663 1142 717 Domino.
1175 665 1240 717 Et
1273 665 1358 717 ait
1389 663 1561 716 Maria
1589 684 1606 716 :
1639 663 1947 731 Magniﬁcat

289 750 482 804 anima
512 766 632 804 mea
662 751 974 804 Dominum.
1009 752 1072 805 Et
1103 753 1398 816 exultavit,
1430 754 1658 821 spiritus
1683 768 1839 805 meus
1889 751 1948 805 in

289 843 407 894 Deo
437 840 682 894 salutari
709 855 848 895 meo.
875 841 1016 907 Quia
1046 843 1285 910 respexit
1320 842 1692 896 humilitatem
1721 841 1950 896 ancillae

284 943 442 992 sum;
474 944 590 983 ecce
621 931 770 983 enim
797 945 867 983 ea:
895 931 998 984 hoc
1031 931 1240 985 beatam
1263 948 1349 985 me
1379 932 1560 985 dicent
1585 946 1769 984 omnes
1791 946 1949 998 gene-

288 1020 550 1073 rationes.
572 1019 706 1085 Quia
729 1021 861 1088 fecit
889 1019 1034 1074 mihi
1060 1037 1261 1089 magna
1292 1024 1386 1089 qui
1415 1030 1599 1089 potens
1630 1026 1786 1086 est,et
1815 1037 1950 1074 san-

284 1115 436 1161 ctum
466 1123 655 1160 nomen
690 1108 824 1177 ejus.
859 1110 923 1163 Et
955 1109 1326 1163 misericordia
1375 1111 1495 1177 ejus
1543 1112 1604 1163 in
1659 1111 1948 1179 progenies

285 1207 340 1251 et
370 1199 655 1267 progenies
679 1199 994 1252 timentibus
1010 1201 1304 1255 ωιτη.ὒέσᾶ
1323 1203 1623 1270 potentiam
1647 1202 1705 1254 in
1729 1200 1949 1256 brachio

286 1301 409 1350 suo,
439 1286 697 1354 dispersit
721 1289 981 1357 superbos
1011 1297 1191 1342 mente
1220 1289 1399 1343 cordis
1428 1292 1537 1345 sui.
1574 1292 1825 1358 Deposuit
1853 1306 1948 1359 po-

287 1379 459 1430 tentes
487 1378 550 1429 de
579 1375 777 1442 sede,et
794 1378 1069 1431 exultavit
1091 1380 1682 1434 humilestisurientes
1703 1376 1949 1448 implevit

288 1464 467 1532 bonis,
492 1468 544 1519 et
561 1465 750 1519 divites
770 1466 984 1520 dimisit
1016 1469 1227 1521 inanes.
1249 1469 1493 1537 Suscepit
1525 1469 1690 1523 Israel
1716 1484 1948 1538 puerum

287 1554 784 1620 suum,memorari
805 1557 1203 1612 misericordia?
1219 1558 1517 1613 suae.Sicut
1543 1559 1752 1612 locutus
1777 1566 1852 1612 est
1881 1557 1950 1612 ad

290 1646 476 1712 patres
508 1647 741 1709 nostros,
773 1645 1048 1699 Abraham
1076 1650 1126 1698 et
1168 1648 1370 1701 semini
1425 1648 1542 1717 ejus
1598 1649 1659 1702 in
1713 1647 1947 1704 saecula.

291 1732 492 1787 Mansit
549 1737 734 1788 autem
760 1734 946 1789 Maria
974 1751 1099 1789 cum
1131 1736 1230 1790 illa
1259 1738 1422 1806 quasi
1449 1739 1725 1792 mensibus
1754 1739 1946 1807 tribus,

289 1830 343 1876 et
374 1837 592 1877 reversa
620 1828 703 1877 est
737 1825 796 1878 in
818 1823 1039 1878 domum
1069 1841 1222 1879 suam
1257 1826 1406 1897 (Luc.
1441 1843 1478 1892 ι,
1511 1828 1672 1894 5ο36)
1707 1844 1720 1881 :
1750 1831 1808 1880 at
1858 1830 1946 1881 in-

289 1919 457 1966 venta
511 1915 590 1966 est
645 1929 705 1966 in
751 1916 905 1968 utero
935 1915 1138 1968 habens
1167 1915 1231 1968 de
1261 1915 1478 1986 Spiritu
1505 1921 1710 1970 sancto.
1743 1919 1947 1987 Joseph

287 2007 473 2054 autem
501 2002 588 2055 vir
615 2002 751 2070 eius,
783 2018 906 2056 eum
936 2006 1068 2057 esset
1091 2005 1290 2074 justus,
1323 2013 1374 2058 et
1405 2005 1572 2059 nollet
1599 2020 1719 2059 eam
1750 2005 1944 2059 tradu-

286 2105 432 2158 cere,
455 2091 626 2145 voluit
650 2092 856 2146 occulte
881 2093 1164 2146 dimittere
1191 2109 1332 2147 eam.
1355 2095 1476 2148 llaec
1504 2097 1686 2148 autem
1715 2110 1776 2149 eo
1799 2097 1945 2164 cogi-

283 2180 580 2246 tante,ecce
601 2179 836 2250 angelus
855 2181 1075 2236 Domini
1096 2182 1157 2235 in
1177 2185 1383 2237 somnis
1403 2185 1659 2252 apparuit
1673 2188 1726 2238 ei
1737 2184 1945 2237 dicens:

284 2267 509 2339 Ioseph,
540 2269 625 2338 ﬁli
654 2270 853 2336 David,
887 2271 1006 2325 noli
1035 2273 1223 2326 timere
1253 2275 1496 2342 accipere
1529 2276 1766 2327 Mariam
1814 2291 1944 2328 con-

276 2358 474 2427 jugem
519 2365 672 2412 tuam
701 2375 719 2411 :
750 2359 889 2428 quod
917 2362 1064 2414 enim
1093 2362 1149 2414 in
1180 2377 1244 2415 ea
1272 2371 1464 2416 natum
1497 2367 1594 2430 est,
1628 2364 1701 2417 de
1730 2363 1946 2434 Spiritu

287 2450 476 2502 sancto
504 2455 601 2501 est.
620 2449 813 2502 Pariet
842 2453 1030 2502 autem
1059 2449 1258 2518 ﬁlium,
1283 2455 1331 2505 et
1364 2452 1575 2506 vocabis
1604 2468 1801 2506 nomen
1831 2455 1946 2518 eius

283 2536 472 2590 Iesum
492 2553 509 2589 :
529 2537 641 2605 ipse
669 2537 816 2591 enim
847 2540 1062 2592 salvum
1091 2540 1266 2608 faciet
1294 2540 1556 2610 populum
1584 2557 1746 2595 suum
1765 2559 1798 2595 a
1814 2559 1944 2611 pec-

286 2625 426 2679 catis
456 2627 777 2680 eorumJtoe
807 2630 994 2682 autem
1023 2631 1199 2681 totum
1228 2631 1442 2698 factum
1471 2632 1567 2694 est,
1590 2637 1653 2683 ut
1673 2629 1943 2700 adimple-

290 2716 446 2768 retur
475 2714 614 2785 quod
641 2714 850 2769 dictum
878 2719 955 2770 est
975 2734 1007 2771 ιι
1040 2717 1264 2771 Domino
1294 2733 1389 2778 per
1415 2717 1737 2788 prophetam
1762 2718 1944 2773 dicen-

287 2807 398 2859 tem
428 2821 446 2857 :
478 2804 609 2858 Ecce
643 2806 803 2875 Virgo
835 2807 892 2859 in.
925 2808 1077 2860 utero
1105 2805 1320 2860 habebit
1349 2809 1398 2860 et
1427 2810 1606 2876 pariet
1633 2807 1837 2877 ﬁlium,
1890 2815 1945 2862 et

291 2894 580 2948 vocabitur
607 2909 802 2948 nomen
834 2894 952 2965 ejus
979 2895 1476 2966 Emmanuel,quod
1504 2902 1582 2950 est
1613 2898 1942 2966 interpreta-

290 2990 431 3046 tum,
453 2983 746 3037 Nobiscum
771 2984 930 3038 Deus.
953 2985 1237 3054 Exurgens
1258 2995 1444 3038 autem
1463 2983 1656 3055 Ioseph
1680 3002 1713 3039 a
1733 3001 1940 3051 somno,

289 3069 424 3138 fecit
453 3070 598 3124 sicut
627 3071 890 3140 prmeepit
911 3073 964 3125 ei
991 3073 1214 3141 angelus
1246 3073 1481 3139 Domini,
1501 3082 1551 3126 et
1577 3075 1782 3143 accepit
1813 3089 1941 3128 con-

278 3160 475 3228 jugem
518 3175 677 3213 suam
704 3176 723 3212 :
755 3163 805 3214 et
853 3177 960 3214 non
993 3161 1351 3232 cog-nt'scebat
1381 3177 1499 3216 eam
1527 3163 1735 3229 (Matth.
1772 3181 1812 3227 ι,
1847 3164 1940 3217 18-

286 3247 402 3315 25).
427 3247 700 3303 Elisabeth
725 3253 907 3303 autem
936 3250 1225 3320 impletum
1253 3259 1329 3305 est
1355 3261 1566 3322 tempus
1591 3253 1866 3323 pariendi,
1892 3257 1944 3308 et

282 3338 499 3407 peperit
518 3336 787 3405 ﬁliumEt
809 3339 1103 3393 audierunt
1137 3340 1304 3394 vicini
1332 3345 1383 3394 et
1413 3343 1629 3411 cognati
1656 3342 1796 3412 ejus,
1811 3345 1944 3414 quia

281 3424 658 3496 magniﬁcavit
679 3427 942 3484 Dominus
970 3429 1414 3485 misericordiam
1435 3448 1596 3485 suam
1619 3448 1739 3486 cum
1766 3433 1944 3501 itla,et

281 3516 832 3586 congratulabantur.
863 3518 926 3572 Et
949 3520 1158 3586 factum
1186 3521 1267 3573 est
1297 3521 1353 3574 in
1386 3519 1476 3574 die
1522 3531 1727 3586 octavo,
1783 3538 1942 3577 vene-

284 3609 417 3659 runt
437 3606 832 3662 circumcidere
846 3611 1161 3677 puerum,et
1180 3608 1442 3663 vocabant
1464 3626 1588 3664 eum
1608 3613 1832 3667 nomine
1845 3629 1944 3683 pa-

280 3696 390 3748 tris
416 3695 538 3765 ejus
565 3695 909 3751 Zachariam.
941 3697 1005 3752 Et
1033 3698 1357 3768 respondens
1386 3704 1562 3754 mater
1589 3701 1728 3768 eius,
1759 3701 1903 3757 dixit
1922 3719 1941 3756 :

284 3783 666 3856 Nequaquam,
691 3787 785 3840 sed
814 3787 1099 3842 vocabitur
1122 3788 1379 3843 Ioannes.
1435 3789 1497 3843 Et
1551 3790 1822 3845 dixerunt
1871 3789 1942 3845 ad

285 3873 444 3928 illam
467 3892 484 3929 :
507 3875 649 3943 Quia
670 3891 825 3930 nemo
845 3879 923 3931 est
949 3878 1004 3930 in
1027 3879 1348 3948 cognatione
1367 3888 1463 3933 tua
1485 3879 1580 3948 qui
1601 3885 1824 3935 vocetur
1846 3881 1944 3936 hoc

282 3965 844 4020 nomineJnnuebant
874 3969 1055 4021 autem
1081 3969 1230 4038 patri
1259 3967 1376 4034 eius
1396 3984 1557 4039 quem
1581 3969 1739 4026 vellet
1760 3973 1944 4026 vocari

285 4069 435 4107 eum.
473 4057 538 4108 Et
559 4056 841 4125 postulans
868 4056 1208 4128 pugillarem
1236 4060 1478 4129 scripsit,
1509 4061 1696 4114 dicens
1728 4077 1741 4114 :
1772 4063 1942 4117 Ioan-

285 4159 384 4198 nes
413 4147 490 4198 est
528 4159 723 4199 nomen
755 4147 890 4212 eius.
923 4147 986 4200 Et
1016 4148 1208 4202 mirati
1230 4157 1360 4203 sunt
1388 4151 1649 4204 universi.
1684 4151 1944 4218 Apertum

288 4243 370 4288 est
394 4235 584 4289 autem
610 4232 766 4290 illico
787 4250 843 4290 os
871 4238 987 4306 ejus
1017 4241 1067 4291 et
1096 4237 1293 4306 lingua
1325 4254 1462 4310 ejus,
1507 4243 1557 4292 et
1614 4238 1944 4308 loquebatur

288 4324 613 4378 benedicens
665 4324 858 4379 Deum.
920 4326 982 4379 Et
1035 4329 1214 4396 factus
1267 4333 1346 4382 est
1375 4331 1539 4383 timor
1565 4345 1730 4398 super
1759 4345 1944 4385 omnes

283 4413 493 4468 vicinos
521 4429 739 4474 eorum;
759 4416 810 4468 et
837 4431 998 4486 super
1027 4417 1213 4471 omnia
1241 4425 1509 4473 montana
1537 4418 1739 4476 Iudaeae
1763 4419 1942 4475 divul-

288 4505 568 4572 gabantur
594 4505 782 4559 omnia
810 4504 972 4559 verba
1002 4506 1134 4560 haec.
1170 4507 1234 4561 Et
1259 4515 1562 4578 posuerunt
1608 4523 1793 4563 omnes
1850 4511 1946 4580 qui

290 4591 586 4647 audierant
608 4595 665 4648 in
680 4592 837 4648 corde
853 4609 972 4660 suo,
1003 4593 1238 4651 dicentes
1260 4613 1278 4651 :
1301 4597 1442 4664 Quid
1467 4599 1481 4632 ί
1500 4602 1660 4667 putas
1681 4615 1822 4667 puer
1842 4601 1946 4653 iste

288 4681 438 4737 erit?
470 4683 685 4738 Etenim
717 4699 920 4738 manus
950 4685 1172 4740 Domini
1199 4695 1318 4741 erat
1346 4703 1465 4741 cum
1496 4687 1613 4741 illo.
1643 4688 1707 4743 Et
1726 4687 1944 4745 Zacha-

293 4773 408 4826 rias
436 4777 600 4843 pater
625 4773 742 4842 ejus
770 4773 1026 4844 impletus
1054 4782 1135 4829 est
1161 4776 1374 4846 Spiritu
1401 4779 1682 4842 sancto,et
1709 4779 1942 4848 prophe-

288 4861 635 4929 tavit,dicens
663 4879 682 4916 :
715 4861 1032 4917 Benedictus
1061 4865 1343 4930 Dominus,
1376 4866 1517 4921 Deus
1557 4865 1750 4930 Israel,
1811 4870 1946 4938 quia

290 4949 536 5007 visitavit
591 4959 643 5005 et
695 4952 823 5020 fecit
854 4949 1280 5022 redemptionem
1307 4955 1481 5023 plebis
1510 4969 1647 5011 suaz.
1685 4957 1744 5010 Et
1767 4958 1944 5011 erexit

289 5056 465 5096 cornu
491 5039 686 5094 salutis
717 5039 894 5107 nobis,
927 5041 982 5094 in
1014 5040 1176 5096 domo
1205 5043 1381 5097 David
1405 5045 1568 5114 pueri
1622 5045 1733 5098 sui.
1790 5046 1943 5101 Sicut

291 5130 504 5185 locutus
531 5136 614 5184 est
637 5145 740 5199 per
767 5144 824 5184 os
847 5137 1180 5200 sanctorum,
1203 5133 1305 5202 qui
1331 5149 1365 5186 a
1393 5133 1596 5189 saeculo
1622 5137 1769 5200 sunt,
1805 5135 1942 5190 Pro-

288 5221 588 5290 phetarum
614 5218 1000 5287 eius.Salutem
1018 5235 1088 5274 ea:
1103 5219 1346 5275 inimicis
1375 5224 1659 5287 nestris,et
1686 5221 1751 5277 de
1777 5239 1948 5278 manu

292 5311 545 5366 omnium
573 5307 669 5379 qui
696 5308 923 5364 oderunt
951 5308 1148 5363 nos.Ad
1171 5310 1489 5379 faciendam
1510 5312 1948 5367 misericordiam

291 5416 419 5456 cum
447 5398 701 5470 patribus
730 5398 1008 5468 nostris,et
1040 5401 1338 5454 memorari
1361 5403 1672 5456 testamenti
1697 5403 1788 5455 sui
1815 5419 1944 5457 san-

362 5528 374 5558 ¹
409 5526 558 5575 Unus
588 5537 614 5570 e
645 5522 959 5571 Colbertinis
991 5525 1138 5579 5193,:
1167 5522 1318 5584 Quis?
1338 5524 1435 5574 Alii
1467 5524 1874 5584 codices,Quid:
1896 5530 1950 5575 et

292 5589 368 5637 sic
401 5590 450 5635 in
483 5586 718 5648 antiquis
745 5586 898 5634 Corb.
935 5585 1137 5645 Bibliis;
1175 5601 1367 5649 nempe
1398 5589 1518 5650 quia
1550 5602 1721 5650 grmce
1752 5591 1854 5643 est.
1893 5590 1946 5644 ti,

289 5656 484 5702 neutro
539 5661 734 5714 genere
792 5650 1121 5698 concerdaus
1159 5664 1279 5699 cum
1313 5649 1459 5708 voce,
1492 5653 1541 5699 to
1563 5649 1796 5714 paidion,
1828 5665 1947 5714 quin

293 5726 521 5778 puerum
546 5710 830 5774 significat.

1644 348 1878 409 LIBER
1924 348 2354 410 SECUNDUS.

3549 351 3703 415 1082

2048 483 2549 555 ctiJusjurandum
2577 486 2725 556 quod
2742 486 2966 556 juravit
2985 485 3053 542 ad
3075 487 3348 542 Abraham
3375 491 3590 556 patrem
3610 503 3703 542 no-

2049 573 2513 638 strum,daturum
2539 591 2598 630 se
2626 576 2876 632 nobis.Ut
2905 577 3027 630 sine
3056 577 3256 631 timore
3286 576 3352 631 de
3379 593 3557 632 manu
3587 577 3702 631 ini-

2051 663 2318 717 micorum
2339 669 2653 719 nostrorum
2677 666 2904 720 liberati
2913 666 3216 720 serviamus
3229 666 3404 726 illi.in
3415 668 3706 721 sanctitate

2052 753 2101 804 et
2122 752 2346 819 justitia
2377 769 2563 808 coram
2594 755 2728 824 ipso,
2763 755 3014 809 omnibus
3045 755 3233 808 diebus
3260 757 3485 810 nostris.
3517 757 3580 809 Et
3622 765 3702 822 tu,

2047 843 2488 912 puer,Propheta
2509 844 2782 898 Altissimi
2807 843 3084 898 vocaberis
3112 859 3124 897 :
3146 843 3374 914 praeibis
3401 845 3550 899 enim
3579 853 3706 900 ante

2051 929 2249 997 faciem
2282 930 2500 985 Domini
2522 947 2725 1002 parare
2753 933 2871 985 vias
2899 932 3111 1000 ejus,ad
3131 931 3386 987 dandam
3412 935 3707 988 scientiam

2053 1018 2252 1072 salutis
2279 1020 2428 1088 plebi
2455 1021 2572 1084 eius
2602 1021 2661 1074 in
2691 1022 3069 1075 remissionem
3096 1025 3439 1090 peccatorum
3490 1039 3702 1080 eorum.

2055 1111 2161 1162 Per
2181 1109 2388 1162 viscera
2417 1110 2818 1165 misericordiae
2843 1110 2948 1163 Dei
2967 1111 3141 1164 nostri
3162 1113 3220 1164 in
3241 1111 3440 1182 quibus
3462 1113 3707 1166 visitavit

2053 1211 2150 1250 nos
2183 1196 2376 1252 Oriens
2404 1213 2475 1251 ea:
2507 1199 2634 1254 alto.
2668 1199 2996 1253 Illuminare
3017 1199 3087 1252 iis
3106 1200 3206 1269 qui
3225 1201 3284 1253 in
3305 1200 3539 1254 tenebris
3567 1204 3617 1254 et
3647 1202 3706 1254 in

2055 1287 2251 1340 umbra
2281 1290 2471 1341 mortis
2503 1287 2710 1353 sedent,
2749 1287 2820 1341 ad
2849 1287 3164 1354 dirigendos
3195 1288 3352 1358 pedes
3383 1294 3596 1343 nostros
3643 1289 3704 1343 in

2053 1378 2202 1430 viam
2256 1378 2425 1445 pacis.
2490 1383 2637 1430 Puer
2665 1380 2846 1430 autem
2875 1377 3170 1445 crescebat,
3203 1382 3254 1431 et
3281 1378 3706 1447 confortabatur

2053 1466 2291 1534 spiritu;
2317 1466 2365 1519 et
2393 1469 2511 1519 erat
2540 1467 2599 1519 in
2629 1465 2854 1520 desertis
2882 1481 3053 1536 usque
3085 1467 3142 1520 in
3191 1466 3333 1521 diem
3380 1467 3707 1522 ostensionis

2052 1567 2172 1608 suae
2201 1552 2271 1606 ad
2296 1553 2488 1607 Israel.
2514 1557 2741 1608 Factam
2771 1558 2849 1608 est
2877 1563 3062 1608 autem
3093 1555 3154 1608 in
3185 1554 3378 1609 diebus
3408 1556 3546 1625 illis,
3569 1557 3707 1610 exiit

2053 1641 2291 1696 edictum
2320 1659 2352 1695 a
2384 1642 2600 1697 Caesare
2631 1643 2889 1711 Augusto,
2908 1645 2966 1696 ut
2994 1641 3390 1698 describeretur
3418 1645 3711 1700 universus

2054 1731 2367 1786 orbis.Haze
2395 1731 2692 1802 descriptio
2719 1735 2901 1802 prima
2929 1735 3079 1803 facta
3107 1743 3184 1788 est
3209 1733 3441 1803 praeside
3473 1736 3488 1768 ί
3523 1733 3710 1804 Syriae

2053 1820 2343 1891 Syrino.Et
2365 1822 2517 1876 ibant
2547 1838 2732 1877 omnes
2754 1827 2815 1875 ut
2835 1822 3234 1890 proﬁterentur
3247 1824 3455 1893 singuli
3472 1824 3532 1876 in
3551 1838 3708 1877 suam

2051 1911 2347 1964 civitatem.
2374 1909 2626 1964 Ascendit
2654 1914 2840 1964 autem
2869 1915 2917 1964 et
2939 1910 3136 1979 Ioseph
3160 1930 3192 1964 a
3215 1909 3447 1966 Gurtilwa
3476 1911 3542 1964 de
3569 1911 3706 1964 civi-

2055 2004 2161 2053 tate
2183 2000 2461 2054 Nazareth
2481 2001 2539 2052 in
2558 1998 2809 2055 Iudaeam
2828 2000 3114 2053 civitatem
3134 1998 3460 2070 David,quae
3483 2003 3710 2054 vocatur

2052 2088 2344 2153 Bethleem,
2379 2105 2442 2142 eo
2475 2088 2616 2157 quod
2641 2090 2773 2142 esset
2801 2089 2873 2143 de
2900 2088 3056 2142 domo
3084 2091 3134 2142 et
3157 2089 3378 2158 familia
3405 2086 3598 2156 David,
3647 2095 3710 2143 ut

2046 2178 2408 2248 proﬁteretur
2463 2194 2587 2231 cum
2639 2179 2826 2232 Maria
2857 2178 3187 2246 desponsata
3216 2177 3327 2232 sibi
3357 2192 3526 2231 uxore
3558 2191 3710 2247 prm-

2049 2268 2501 2338 gnante.Factam
2531 2274 2612 2320 est
2641 2270 2823 2320 autem
2850 2283 2978 2322 eum
3007 2271 3180 2321 essent
3210 2267 3307 2332 ibi,
3330 2267 3542 2337 impleti
3570 2268 3698 2321 sunt

2050 2357 2166 2411 dies
2193 2366 2253 2410 ut
2281 2359 2576 2426 pareret:et
2601 2357 2815 2426 peperit
2846 2355 3029 2424 ﬁlium
3058 2373 3219 2410 suum
3245 2356 3708 2427 primogenitum,

2050 2448 2102 2501 et
2129 2447 2334 2516 pannis
2362 2460 2488 2499 eum
2517 2446 2772 2511 involvit;
2794 2448 2844 2499 et
2873 2445 3162 2499 reclinavit
3189 2461 3313 2499 eum
3331 2446 3388 2498 in
3406 2445 3710 2515 praesepio;

2051 2536 2181 2605 quia
2209 2550 2317 2589 non
2349 2538 2470 2589 erat
2489 2537 2568 2589 eis
2590 2535 2734 2589 locus
2758 2537 2815 2588 in
2838 2533 3158 2589 diversorio.
3184 2535 3248 2589 Et
3277 2538 3519 2603 pastores
3549 2537 3711 2588 erant

2051 2627 2109 2680 in
2137 2625 2327 2680 eadem
2349 2626 2574 2693 regione
2593 2622 2893 2693 vigilantes
2915 2632 2964 2678 et
2983 2623 3347 2680 custodientes
3374 2624 3595 2690 vigilias
3616 2639 3712 2679 no-

2048 2716 2152 2769 ctis
2181 2731 2352 2785 supra
2380 2730 2604 2785 gregem
2629 2730 2825 2768 suum:
2844 2718 2896 2768 et
2918 2729 3037 2768 ecce
3064 2714 3294 2781 angelus
3321 2713 3548 2767 Domini
3562 2715 3714 2768 stetit

2048 2805 2208 2875 juxta
2237 2804 2383 2869 illos,
2416 2813 2467 2859 et
2496 2803 2721 2857 claritas
2752 2803 2852 2857 Dei
2880 2802 3238 2870 circomfulsit
3269 2801 3410 2872 illos,
3439 2810 3492 2858 et
3535 2803 3707 2857 timu-

2049 2897 2210 2948 erunt
2271 2895 2464 2948 timore
2516 2909 2739 2962 magno.
2797 2893 2859 2946 Et
2897 2891 3042 2946 dixit
3074 2891 3187 2945 illis
3217 2894 3446 2958 angelus
3477 2910 3496 2945 :
3527 2891 3711 2946 Nolite

2051 2985 2390 3038 timere:eeee
2419 2982 2568 3036 enim
2600 2981 2920 3053 evangelise
2954 2981 3099 3035 vobis
3128 2979 3395 3048 gaudium
3423 2995 3706 3050 magnum,

2049 3071 2188 3142 quod
2217 3072 2322 3126 erit
2351 3073 2506 3125 omni
2535 3072 2752 3141 peputo;
2769 3071 2902 3141 quia
2931 3078 3092 3124 natus
3121 3077 3198 3124 est
3226 3069 3370 3124 vobis
3393 3069 3557 3123 hodie
3581 3068 3703 3123 Sal-

2048 3165 2226 3229 vator,
2255 3163 2352 3232 qui
2382 3170 2458 3216 est
2493 3161 2740 3215 Christus
2769 3160 3052 3228 Dominus,
3077 3161 3136 3213 in
3163 3161 3386 3214 civitate
3415 3157 3606 3213 David.
3641 3159 3705 3212 Et

2048 3252 2147 3308 hoc
2177 3251 2321 3306 vobis
2345 3253 2566 3318 signum
2596 3268 2614 3304 :
2645 3250 2934 3304 invenietis
2965 3250 3232 3318 infantem
3257 3249 3459 3318 pannis
3491 3247 3706 3303 involu-

2049 3351 2186 3408 tum,
2219 3347 2271 3397 et
2297 3344 2536 3412 positum
2568 3343 2627 3394 in
2653 3341 2935 3411 prwsepio.
2972 3343 3035 3394 Et
3064 3339 3244 3393 subito
3273 3341 3424 3409 facta
3453 3347 3531 3392 est
3578 3355 3704 3392 cum

2049 3432 2242 3501 angelo
2272 3429 2573 3485 multitudo
2602 3431 2826 3486 militiae
2853 3429 3106 3494 ctelestis,
3140 3428 3494 3483 laudantium
3532 3427 3703 3482 Deum

2048 3526 2100 3578 et
2129 3522 2468 3576 dicentium:
2488 3519 2676 3574 Gloria
2705 3519 2764 3572 in
2791 3519 3080 3572 altissimis
3110 3518 3298 3587 Deo,et
3328 3519 3384 3571 in
3418 3519 3566 3570 terra
3589 3532 3706 3587 pax

2049 3608 2365 3666 hominibus
2392 3609 2542 3665 bonae
2573 3609 2882 3663 voluntatis.
2918 3611 2982 3662 Et
3013 3608 3220 3676 factum
3250 3614 3326 3660 est
3359 3613 3418 3660 ut
3447 3605 3704 3660 discesse-

2050 3711 2180 3757 runt
2210 3703 2278 3757 ab
2309 3703 2386 3756 eis
2415 3701 2607 3768 angeti
2637 3701 2695 3753 in
2723 3698 2943 3761 caelum,
2965 3706 3208 3767 pastores
3237 3696 3606 3766 loquebantur
3635 3692 3706 3748 ad

2051 3793 2284 3847 invicem
2312 3808 2330 3845 .'
2360 3791 2717 3845 Transeamus
2747 3803 2914 3857 usque
2961 3786 3249 3854 Bethleem,
3307 3793 3359 3840 et
3412 3783 3705 3838 videamus

2051 3882 2149 3938 hoc
2206 3880 2429 3936 verbum
2459 3877 2601 3950 quod
2628 3885 2838 3948 factum
2870 3885 2969 3946 est,
3001 3875 3140 3947 quod
3171 3875 3428 3929 Dominus
3459 3872 3704 3928 ostendit

2049 3973 2226 4027 nobis.
2251 3972 2318 4024 Et
2348 3974 2607 4024 venerunt
2634 3967 2987 4038 festinantes,
3018 3974 3069 4020 et
3099 3967 3426 4020 invenerunt
3459 3963 3704 4018 Mariam

2050 4069 2104 4118 et
2133 4063 2348 4134 Ioseph,
2382 4070 2432 4116 et
2463 4062 2734 4131 infantem
2759 4059 3000 4128 positum
3032 4060 3091 4112 in
3116 4057 3406 4127 praesepio.
3458 4054 3705 4108 Videntes

2052 4157 2237 4208 autem
2265 4155 2633 4220 cognoverunt
2665 4149 2731 4202 de
2762 4148 2923 4203 verbo
2955 4146 3098 4218 quod
3127 4147 3334 4200 dictum
3354 4148 3473 4198 erat
3495 4144 3611 4198 illis
3641 4141 3707 4197 de

2051 4259 2216 4314 puero
2247 4243 2362 4296 hoc.
2397 4244 2465 4295 Et
2495 4255 2677 4294 omnes
2707 4239 2802 4309 qui
2831 4236 3125 4292 audierunt
3159 4235 3356 4289 mirati
3382 4236 3534 4301 sunt,
3560 4242 3610 4287 et
3644 4231 3709 4286 de

2051 4334 2124 4387 iis
2153 4346 2272 4402 quae
2299 4332 2450 4386 dicta
2470 4336 2631 4384 erant
2660 4345 2696 4382 a
2722 4326 3037 4397 pastoribus
3067 4323 3143 4379 ad
3173 4327 3336 4395 ipsos.
3369 4322 3544 4376 Maria
3600 4337 3706 4375 au-

2049 4425 2157 4476 tem
2182 4418 2541 4475 conservabat
2569 4418 2756 4470 omnia
2785 4417 2950 4469 verba
2979 4415 3116 4481 haec,
3147 4416 3426 4482 conferens
3459 4412 3515 4464 in
3546 4410 3704 4465 corde

2051 4513 2240 4567 suo.Et
2263 4508 2470 4563 reversi
2499 4514 2626 4560 sunt
2654 4514 2902 4576 pastores
2931 4504 3301 4574 gloriﬁcantes
3331 4512 3381 4556 et
3411 4499 3704 4555 laudantes

2056 4601 2224 4655 Deum
2251 4600 2312 4652 in
2342 4599 2598 4650 omnibus
2630 4609 2752 4665 qua?
2767 4592 3426 4651 audierantetviderant,
3449 4589 3592 4645 sicut
3613 4590 3706 4644 di-

2052 4694 2199 4744 ctum
2229 4690 2308 4743 est
2335 4685 2405 4740 ad
2435 4684 2578 4740 illos.
2613 4687 2680 4740 Et
2705 4692 2990 4754 postquam
3018 4682 3382 4738 consummati
3403 4682 3532 4734 sunt
3586 4677 3701 4732 dies

2055 4782 2171 4834 octo
2193 4781 2252 4831 ut
2283 4773 2764 4831 circumcideretur
2790 4786 2948 4842 puer,
2977 4774 3223 4826 vocatum
3253 4775 3331 4824 est
3359 4783 3554 4822 nomen
3588 4767 3704 4835 eius

2052 4863 2383 4936 Iesus,quod
2411 4865 2662 4919 vocatum
2691 4864 2766 4915 est
2787 4860 2854 4914 ab
2878 4859 3072 4928 angelo
3099 4860 3434 4930 priusquam
3465 4858 3520 4912 in
3553 4863 3704 4910 utero

2053 4957 2426 5026 conciperetur
2482 4952 2634 5024 (Luc.
2698 4966 2735 5015 ι,
2794 4949 2884 5014 57,
2940 4965 3003 5018 ιι,
3061 4949 3170 5016 21).
3226 4947 3296 5002 Et
3325 4963 3440 5002 ecce
3470 4946 3609 5016 Magi
3636 4943 3704 4997 ab

2015 5097 2020 5102 .
2057 5045 2275 5101 Oriente
2302 5048 2572 5098 venerunt
2596 5038 3012 5110 Jerosolymam,
3041 5037 3282 5092 dicentes
3314 5055 3331 5091 :
3367 5037 3467 5092 Ubi
3494 5037 3571 5090 est
3611 5033 3709 5105 qui

2054 5140 2218 5191 natus
2236 5137 2315 5189 est
2336 5148 2434 5186 rea:
2451 5129 2801 5186 Iudaeorum?
2824 5126 3058 5182 vidimus
3081 5127 3230 5182 enim
3258 5126 3470 5181 stellam
3498 5124 3616 5194 ejus
3646 5124 3706 5178 in

2059 5224 2356 5288 0riente,et
2367 5220 2609 5276 venimus
2627 5218 2872 5273 adorare
2881 5232 3023 5270 eum.
3032 5215 3266 5270 Audiens
3280 5224 3464 5270 autem
3476 5213 3708 5268 Herodes

2058 5331 2157 5370 rex
2176 5311 2438 5366 turbatus
2459 5312 2558 5376 est,
2583 5316 2636 5362 et
2653 5307 2830 5361 omnis
2851 5306 3187 5374 Jerosotyma
3207 5321 3328 5359 cum
3353 5304 3469 5358 illo.
3494 5304 3556 5357 Et
3578 5318 3706 5357 con-

2056 5418 2302 5476 gregans
2329 5414 2513 5455 omnes
2533 5399 2808 5469 principes
2828 5397 3171 5450 sacerdotum
3189 5404 3238 5448 et
3257 5393 3474 5447 Scribas
3494 5391 3687 5462 populi
3696 5433 3708 5456 ,

2130 5528 2140 5560 '
2177 5527 2234 5575 In
2269 5524 2468 5589 aliquot
2497 5523 2698 5589 Mss._el
2735 5519 2966 5589 editione
2998 5517 3393 5589 Bittisppnensi,
3422 5515 3708 5589 aprgside.

2064 5589 2214 5652 Apud
2244 5580 2385 5636 Επεὶ
2416 5584 2650 5652 Lov..sub
2678 5584 3017 5652 prasidesw
3052 5583 3102 5652 ip
3138 5581 3451 5652 plurihueet
3472 5580 3709 5652 melioris

2061 5643 2201 5719 noue
2234 5654 2354 5699 Msa.
2385 5643 2994 5719 absque‘lw’tepusitioue
3017 5648 3111 5701 est,
3132 5644 3367 5719 praeside,
3391 5643 3440 5691 id
3475 5647 3704 5705 usupra:-

2060 5715 2228 5764 sidem
2259 5716 2472 5776 agente,
2493 5713 2646 5775 juxta
2673 5722 2854 5772 grato,
2882 5718 3316 5769 egemonenontvs.
