3978 6344
481 333 636 395 “59

549 467 603 522 3.
637 465 858 521 Deinde
875 467 1142 538 sequitur
1155 466 1465 521 Mattheus
1484 469 1540 520 et
1558 463 1763 520 inserit
1785 464 2130 534 mysterium

479 556 739 628 corporis
771 560 828 610 et
858 556 1166 626 sanguinis
1197 573 1229 610 a
1259 555 1505 610 Domino
1557 554 1868 625 discipulis
1900 555 2127 622 datum,

479 645 631 700 sicut
661 649 716 699 et
747 645 976 699 Marcus
1009 651 1063 698 et
1091 645 1288 698 Lucas.
1315 644 1423 698 Sed
1461 659 1591 697 cum
1627 642 1965 697 tradidisset
1992 642 2130 696 cali-

482 751 602 789 cem
638 751 843 787 rursus
875 734 942 787 de
974 734 1250 787 traditore
1283 749 1388 786 suo
1422 731 1651 785 locutus
1683 736 1789 799 est,
1829 731 1982 802 quod
2021 732 2132 784 Lu-

481 841 577 879 cas
634 823 1001 894 persequitur
1049 822 1247 876 dicens
1284 838 1295 874 :
1338 823 1725 875 Verumtamen
1771 837 1890 875 ecce
1933 837 2132 874 manus

478 913 745 969 tradentis
775 928 879 978 me,
914 927 1120 964 mecum
1151 914 1227 964 est
1258 912 1319 965 in
1350 926 1533 965 mensa
1575 927 1591 961 :
1623 912 1671 962 et
1704 909 1922 978 quidem
1952 910 2133 964 Filius

483 1001 728 1056 hominis
754 999 1057 1054 secundum
1078 999 1217 1069 quod
1233 1001 1517 1066 deﬁnitum
1539 1002 1616 1052 est
1645 998 1794 1051 vadit
1814 1014 1833 1058 ,ο
1867 1006 2134 1052 verumta-

479 1107 598 1144 men
633 1105 716 1146 v.2
747 1089 960 1143 homini
987 1089 1192 1159 ittipcr
1214 1104 1369 1160 quem
1394 1087 1643 1141 tradetur
1663 1091 1681 1140 !
1705 1085 1942 1157 Hicjam
1965 1085 2128 1141 intel-

478 1179 779 1250 ligendum
799 1177 1042 1233 estillud
1061 1177 1336 1248 consequi
1363 1178 1510 1246 quod
1533 1177 1787 1230 Joannes
1809 1174 2132 1239 narrat,isti

480 1274 672 1324 autem
694 1267 1231 1339 praetermiserunt;
1268 1265 1418 1320 sicut
1434 1270 1688 1319 Joannes
1709 1266 1972 1335 quaedam
1995 1281 2134 1335 pri-e-

480 1357 735 1412 termisit
766 1374 891 1427 qua:
915 1355 998 1409 illi
1029 1355 1316 1409 dixerunt.
1342 1355 1484 1409 Cum
1519 1371 1655 1425 ergo
1690 1359 1818 1425 post
1852 1355 2131 1407 traditum

482 1447 721 1502 calicem
747 1445 987 1500 dixisset
1005 1444 1313 1506 Dominus,
1334 1445 1484 1515 quod
1513 1461 1543 1497 a
1563 1445 1718 1498 Luca
1741 1444 1992 1513 positum
2021 1449 2131 1509 est,

487 1539 860 1593 Verumtamen
893 1551 1010 1590 ecce
1056 1550 1254 1588 manus
1283 1533 1551 1588 tradentis
1583 1549 1665 1588 me
1695 1550 1908 1588 mecum
1949 1541 2026 1587 est
2073 1535 2134 1586 in

479 1643 686 1692 mensa,
711 1631 842 1690 ete.,
871 1623 1250 1695 conjungitur
1282 1622 1425 1677 illud
1457 1623 1782 1678 secundum
1805 1627 2128 1677 Joannem:

482 1739 509 1764 α
541 1720 681 1771 Erat
709 1731 843 1786 ergo
898 1714 1246 1768 recumbens
1292 1729 1443 1766 unus
1476 1729 1543 1766 ex
1577 1712 1885 1783 discipulis
1916 1712 2042 1781 eius
2072 1710 2129 1765 in

481 1804 614 1859 sinu
647 1805 808 1869 Jesu,
843 1819 1015 1873 quem
1050 1801 1328 1871 diligebat
1353 1801 1526 1856 Jesus
1559 1817 1570 1854 :
1605 1800 1798 1855 innuit
1827 1816 1963 1871 ergo
1996 1799 2131 1854 huic

479 1892 679 1948 Simon
714 1891 940 1958 Petrus,
985 1896 1040 1945 et
1072 1891 1216 1944 dixit
1247 1891 1294 1944 ei
1332 1906 1344 1943 :
1392 1891 1535 1953 Quis
1566 1894 1654 1944 est
1701 1891 1772 1944 de
1803 1905 1918 1960 quo
1949 1887 2132 1943 dicit?

482 1985 681 2054 Itaque
712 1998 842 2036 cum
870 1979 1350 2036 recubuissetille
1368 1996 1547 2050 supra
1578 1985 1779 2050 pectus
1810 1979 1971 2044 Jesu,
1993 1978 2132 2033 dicit

481 2073 531 2128 ei
563 2089 575 2129 :
611 2070 1018 2142 Domine,quis
1035 2071 1169 2125 est?
1199 2068 1518 2139 Respondit
1539 2069 1710 2124 Jesus
1741 2084 1754 2124 :
1791 2068 1890 2123 Ille
1911 2068 2001 2122 cui
2025 2085 2129 2139 ego

479 2163 789 2217 intinctam
825 2176 1033 2231 panem
1061 2175 1384 2230 perrexere.
1415 2159 1478 2212 Et
1505 2174 1639 2212 cum
1673 2156 2006 2212 intinxisset
2031 2174 2128 2228 pa-

482 2269 637 2316 nem,
669 2250 831 2305 dedit
853 2249 1019 2303 Judze
1047 2247 1301 2302 Simonis
1334 2246 1614 2302 Scarioth.
1641 2247 1707 2301 Et
1739 2251 1871 2318 post
1901 2245 2130 2300 buccel-

481 2339 622 2405 lam,
655 2345 797 2394 tunc
827 2337 1051 2392 introiit
1080 2337 1137 2391 in
1173 2337 1339 2390 illum
1374 2342 1631 2390 satanas.
1668 2357 1695 2385 »

554 2431 604 2484 4.
640 2429 742 2484 Hic
764 2427 1081 2482 videndum
1105 2431 1212 2494 est,
1238 2442 1309 2480 ne
1331 2442 1444 2479 non
1468 2425 1658 2479 solum
1684 2425 1871 2492 Lucae,
1897 2424 1995 2495 qui
2013 2427 2128 2495 jam

482 2517 968 2572 dixeratintrasse
993 2513 1330 2568 satanamin
1356 2530 1455 2568 cor
1473 2514 1903 2584 Judze,quando
1929 2519 2130 2584 pactus

482 2614 571 2662 est
591 2613 728 2660 tunc
751 2622 883 2659 cum
906 2603 1142 2666 .ludzsis,
1171 2608 1233 2656 ut
1255 2620 1388 2657 eum
1413 2607 1646 2673 accepta
1670 2602 1916 2673 pecunia
1936 2604 2130 2657 trade-

485 2702 588 2760 ret,
616 2695 714 2749 sed
743 2694 915 2748 etiam
942 2693 1049 2748 sibi
1077 2692 1198 2762 ipse
1220 2691 1473 2746 Joannes
1497 2707 1822 2762 repugnare
1845 2691 2127 2760 videatur,

485 2784 712 2855 quijam
739 2781 1451 2852 dixeratsuperius,anteq
1466 2797 1597 2834 unm
1620 2780 1790 2835 istam
1808 2779 2126 2835 buccellam

482 2876 785 2944 acciperet.
804 2874 866 2926 Et
893 2888 1039 2926 aena
1057 2874 1234 2942 facta,
1251 2886 1378 2924 cum
1394 2871 1514 2940 jam
1543 2869 1793 2924 diabolus
1816 2871 2131 2924 immisisset

482 2965 541 3017 in
574 2979 666 3017 cor
691 2971 749 3016 ut
771 2961 1005 3015 traderet
1025 2977 1148 3014 eum
1168 2959 1354 3015 ludas.
1374 2958 1672 3021 Quomodo
1691 2958 1843 3013 enim
1871 2958 2050 3012 intrat
2073 2958 2128 3012 in

479 3049 716 3116 cor,nisi
743 3049 1111 3104 immittendo
1136 3048 1370 3118 iniquas
1397 3048 1806 3118 persuasiones
1829 3048 2127 3118 cogitatio-

477 3141 651 3195 nibus
685 3139 1095 3209 iniquorum‘?
1119 3137 1226 3191 Sed
1263 3153 1416 3191 nunc
1449 3136 1772 3209 intelligere
1795 3138 2074 3192 debemus
2097 3154 2130 3191 a

477 3228 707 3284 diabolo
729 3227 942 3282 Judam
967 3225 1196 3298 plenius
1214 3243 1340 3280 esse
1356 3242 1692 3296 possessum
1722 3242 1734 3280 :
1760 3224 1912 3279 sicut
1928 3232 2130 3279 contra

479 3319 536 3372 in
570 3319 743 3386 bono,
778 3316 862 3370 illi
895 3315 992 3387 qui
1020 3317 1141 3385 jam
1165 3313 1809 3385 acceperantSpiritum
1833 3321 2125 3383 sanctum,

478 3407 713 3479 quando
743 3405 827 3460 eis
862 3409 992 3475 post
1023 3403 1505 3458 resurrectionem
1556 3404 1877 3458 insufflavit
1904 3404 2126 3469 dicens,

478 3496 718 3566 Accipite
731 3494 1000 3564 Spiritum
1016 3495 1274 3547 sanctum
1293 3494 1465 3561 (Joan.
1485 3509 1574 3556 xx,
1594 3493 1682 3563 22)
1705 3509 1719 3561 ;
1744 3497 1946 3564 postea
1967 3508 2037 3547 eu
2049 3510 2126 3560 m,

477 3601 611 3640 cum
645 3584 898 3654 desuper
929 3581 1147 3638 missus
1178 3587 1331 3636 esset
1362 3580 1453 3636 die
1504 3585 1892 3646 Pentecostes,
1923 3582 2128 3652 utique

477 3673 709 3746 plenius
731 3676 1097 3744 acceperunt.
1119 3675 1254 3725 Post
1280 3669 1599 3725 buccellam
1624 3687 1758 3741 ergo
1787 3675 1923 3724 tunc
1947 3672 2126 3726 intro-

475 3763 542 3817 iit
571 3763 629 3817 in
662 3777 794 3816 eum
829 3766 1067 3816 satanas
1094 3777 1106 3815 :
1133 3782 1160 3808 «
1182 3760 1272 3826 Et,
1293 3780 1320 3808 »
1355 3758 1506 3812 sicut
1537 3759 1851 3814 eontextim
1875 3760 2128 3815 Joannes

476 3851 602 3923 ipse
633 3853 1076 3913 commemorat,
1110 3870 1135 3896 ‹‹
1161 3847 1302 3902 dicit
1324 3847 1373 3902 ei
1397 3847 1572 3902 Jesus
1600 3863 1612 3900 :
1648 3848 1807 3912 Quod
1847 3848 2009 3915 facis,
2040 3849 2128 3903 fac

477 3939 673 3994 citius.
708 3939 825 3993 Hoc
866 3943 1061 3992 autem
1098 3953 1267 3991 nemo
1317 3936 1485 3991 scivit
1526 3936 2019 3992 discumbentium
2055 3939 2126 3992 ad

477 4028 575 4098 qui
607 4026 819 4082 dixerit
848 4028 920 4082 ei.
971 4027 1219 4090 Quidam
1253 4026 1406 4080 enim
1460 4027 1764 4096 putabant,
1797 4026 1936 4096 quia
1968 4027 2128 4082 loeu-

479 4117 566 4171 los
615 4115 868 4172 habebat
907 4117 1109 4183 Judas,
1160 4115 1298 4186 quia
1347 4114 1490 4169 dixit
1519 4117 1567 4167 ei
1618 4115 1792 4170 Jesus
1813 4117 1853 4180 ²,
1896 4116 2033 4170 Eme
2064 4133 2131 4170 ea

480 4223 607 4278 quae
639 4223 786 4276 opus
814 4210 955 4260 sunt
979 4204 1145 4260 nobis
1164 4205 1233 4258 ad
1260 4204 1410 4258 diem
1435 4204 1645 4257 festum
1675 4221 1688 4270 ;
1724 4209 1824 4258 aut
1846 4205 2044 4276 egenis
2070 4211 2132 4259 ut

480 4295 699 4366 aliquid
732 4296 917 4350 daret.
951 4296 1091 4349 Cum
1137 4310 1273 4365 ergo
1305 4291 1628 4363 accepisset
1657 4291 1752 4347 ille
1783 4293 2128 4358 buccellam,

479 4385 617 4440 exiit
645 4385 944 4439 continuo.
980 4383 1113 4438 Erat
1144 4389 1335 4436 autem
1382 4398 1513 4436 nox.
1548 4384 1689 4435 Cum
1723 4398 1860 4452 ergo
1892 4383 2126 4450 exisset,

480 4472 622 4528 dicit
648 4473 857 4529 Jesus:
894 4472 1058 4527 Nunc
1075 4471 1431 4526 clariﬁeatus
1456 4476 1544 4526 est
1573 4470 1752 4525 Filius
1776 4470 2052 4537 hominis,
2076 4479 2132 4528 et

481 4562 634 4617 Deus
666 4561 1020 4616 clariﬁcatus
1048 4566 1138 4615 est
1165 4559 1224 4613 in
1257 4576 1321 4613 eo
1356 4577 1369 4614 :
1405 4563 1461 4613 et
1511 4557 1560 4614 si
1592 4559 1745 4613 Deus
1777 4559 2131 4617 elariticatus

482 4657 572 4706 est
603 4653 660 4705 in
712 4666 800 4715 eo,
832 4655 889 4706 et
939 4651 1086 4705 Deus
1126 4647 1472 4704 clariﬁcabit
1519 4664 1653 4703 eum
1687 4649 1744 4702 in
1793 4651 2129 4721 semetipso,

483 4748 538 4796 et
567 4739 848 4794 continuo
880 4738 1224 4794 clarificabit
1255 4753 1410 4791 eum.
1449 4758 1476 4786 »

481 4827 712 4884 CAPUT
740 4828 808 4883 ll.
845 4859 910 4868 —-
943 4829 1014 4882 De
1036 4826 1303 4900 praedicta
1321 4827 1630 4900 negatione
1660 4828 1834 4893 Petri,
1866 4831 2130 4900 quemad-

605 4901 825 4956 modum
856 4899 1217 4954 ostendantur
1246 4899 1387 4952 nihil
1421 4899 1565 4953 inter
1593 4915 1648 4954 se
1676 4899 2003 4970 repugnare.

551 4991 606 5043 5.
639 5011 667 5038 «
703 4987 1124 5054 Filioli,adhuc
1148 4986 1442 5041 modicum
1471 4987 1772 5042 vobiscum
1795 5005 1949 5045 sum.
1978 4992 2135 5055 Qua-

483 5079 621 5134 retis
656 5094 785 5132 me:
819 5083 894 5146 et,
942 5076 1092 5130 sicut
1123 5075 1239 5130 dixi
1282 5075 1524 5143 Judaeis,
1560 5093 1672 5147 quo
1720 5093 1825 5149 ego
1857 5079 2000 5134 vado
2032 5097 2132 5136 vos

482 5185 598 5223 non
639 5167 884 5239 potestis
914 5164 1109 5220 venire
1143 5182 1154 5218 :
1187 5170 1244 5218 et
1291 5163 1450 5218 vobis
1481 5163 1609 5218 dico
1666 5165 1857 5220 modo.
1896 5168 2133 5223 Manda-

479 5261 606 5311 tum
661 5271 874 5310 novum
921 5255 994 5310 do
1043 5253 1227 5320 vobis,
1280 5260 1344 5306 ut
1390 5253 1649 5324 diligatis
1696 5255 1967 5318 invicem,
2019 5257 2128 5311 sic-

482 5351 546 5399 ut
577 5343 749 5398 dilexi
797 5360 920 5413 vos,
958 5349 1019 5398 ut
1067 5349 1125 5397 et
1171 5359 1269 5396 vos
1317 5341 1574 5407 diligatis
1628 5343 1894 5399 invicem.
1930 5350 1988 5400 In
2025 5346 2131 5403 hoc

483 5438 834 5504 cognoscent
865 5449 1068 5487 omnes
1111 5430 1250 5500 quia
1287 5431 1397 5484 mei
1432 5430 1735 5502 discipulis
1765 5433 1928 5500 estis,
1963 5436 2009 5488 si
2045 5437 2129 5490 di-

547 5541 561 5572 ¹
590 5539 674 5587 Sic
693 5539 816 5587 Mss.
843 5539 977 5587 Editi
1018 5541 1214 5600 autem,
1250 5537 1604 5601 persuasiones
1641 5537 2011 5600 cogitationum
2033 5541 2133 5593 ini-

485 5615 722 5666 querem-

535 5665 574 5732 _'
597 5663 920 5732 Mssxprope
951 5675 1154 5732 omnes,
1178 5659 1305 5712 dicit
1325 5661 1371 5710 ei
1395 5661 1556 5711 Iesus.
1582 5663 1695 5711 Duo
1727 5677 1755 5712 θ
1788 5665 1899 5722 Vat,
1923 5671 1978 5716 et
1992 5656 2132 5730 Rat.,

487 5725 697 5776 dixerit.
729 5727 912 5783 Gram,
941 5725 1018 5788 leg
1026 5727 1069 5775 ei
1075 5761 1086 5773 .

1199 335 1302 394 DE
1347 336 1759 396 CONSENSU
1805 335 2562 410 EVANGELISTARUM,
2611 340 2676 398 S.
2729 339 3159 402 AUGUSTINI

3744 341 3914 399 “60

2243 467 2550 524 lectionem
2572 468 2899 526 habueritis
2921 471 2992 526 ad
3016 470 3290 526 invicem.
3314 469 3461 526 Dicit
3489 470 3541 526 ei
3571 469 3779 526 Simon
3811 470 3910 525 Pe-

2241 561 2369 612 trus
2403 574 2416 611 :
2457 558 2715 624 Domine,
2760 576 2875 630 quo
2915 559 3128 614 vadis?
3175 559 3495 632 Respondit
3522 560 3740 616 Jesus:
3777 562 3907 625 Quo

2243 663 2348 713 ego
2379 648 2523 701 vado
2543 665 2654 702 non
2681 655 2842 718 potes
2869 665 2954 703 me
2974 650 3144 703 modo
3169 650 3369 720 sequi;
3404 649 3667 720 sequeris
3697 654 3906 703 autem

2243 741 2463 805 postea.
2497 738 2642 791 Dicit
2670 737 2720 791 ei
2757 738 2993 792 Petrus:
3021 744 3204 803 Quare
3229 754 3343 792 non
3381 744 3696 808 possumte
3728 739 3906 808 sequi

2244 825 2464 878 modo?
2515 827 2777 881 animam
2823 842 3012 880 meam
3048 843 3147 897 pro
3181 832 3233 881 te
3284 843 3518 897 ponam.
3575 826 3912 898 Respondit

2241 913 2412 969 Jesus
2447 932 2459 968 :
2495 915 2767 970 Animam
2792 921 2952 970 tuam
2987 932 3088 987 pro
3115 931 3206 970 me
3239 932 3418 982 pones
3442 913 3470 969 ?
3503 931 3695 980 amen,
3723 931 3907 970 amen

2244 1003 2369 1057 dico
2398 1005 2526 1073 tibi,
2553 1022 2664 1058 non
2700 1006 2960 1059 cantabit
2990 1005 3183 1077 gallus
3214 1005 3393 1059 donec
3424 1009 3512 1058 ter
3543 1019 3634 1058 me
3669 1020 3907 1075 neges»

2244 1094 2419 1161 (Joan.
2455 1111 2577 1157 xm,
2619 1094 2829 1164 33-38).
2866 1094 2984 1149 Hoc
3015 1096 3081 1148 de
3128 1094 3400 1164 praedicta
3453 1092 3759 1165 negatione
3794 1110 3908 1148 sua

2243 1186 2411 1238 Petro
2442 1200 2557 1237 non
2587 1183 2749 1239 solus
2774 1183 3049 1253 Joannes,
3081 1200 3150 1238 ex
3182 1184 3351 1252 cujus
3385 1181 3689 1247 Evangelio
3722 1183 3906 1236 modo

2243 1271 2355 1326 ista
2395 1270 2737 1342 interposui,
2783 1272 2882 1326 sed
2930 1275 2986 1326 et
3034 1275 3220 1326 caeteri
3271 1276 3388 1326 tres
3432 1277 3908 1326 commemorant

2243 1361 2452 1430 (Matth.
2486 1379 2635 1428 xxvr,
2668 1361 2875 1426 30-35;
2929 1362 3090 1415 Marc.
3141 1378 3259 1427 xiv,
3288 1361 3478 1426 26-31,
3512 1367 3561 1415 et
3591 1361 3719 1414 Luc.
3756 1377 3906 1422 xxxi,

2240 1451 2447 1519 31-34).
2479 1449 2600 1504 Νοη
2635 1467 2774 1504 sane
2804 1467 3008 1505 omnes
3041 1467 3108 1504 ex
3140 1466 3254 1503 una
3284 1451 3603 1520 eademque
3634 1449 3905 1503 occasio-

2244 1557 2313 1593 ne
2345 1539 2632 1594 sermonis
2678 1540 2749 1593 ad
2801 1555 2931 1593 eam
2979 1539 3555 1594 commemorandam
3604 1537 3902 1593 veniunt:

2245 1645 2376 1683 nam
2414 1628 2722 1684 Mattheus
2775 1633 2832 1683 et
2877 1631 3105 1683 Marcus
3157 1628 3281 1700 pari
3313 1643 3554 1699 prorsus
3600 1627 3812 1682 ordine
3847 1631 3907 1681 et

2241 1718 2442 1772 eodem
2479 1718 2828 1772 narrationis
2860 1734 2977 1772 suae
3011 1715 3134 1772 loco
3166 1732 3293 1771 eam
3320 1715 3673 1771 subnectunt
3695 1717 3904 1778 ambo.

2242 1812 2623 1878 posteaquam
2666 1806 2952 1862 Dominus
2983 1822 3257 1876 egressus
3310 1811 3399 1860 est
3429 1822 3494 1860 ex
3545 1804 3646 1860 illa
3693 1806 3901 1871 domo,

2241 1896 2337 1950 ubi
2364 1896 2860 1950 manducaverant
2884 1895 3138 1960 Pascha;
3172 1895 3358 1964 Lucas
3376 1911 3508 1948 vero
3531 1899 3588 1948 et
3613 1897 3904 1964 Joannes,

2240 1990 2556 2054 antequam
2591 1984 2724 2038 inde
2746 1988 2900 2038 esset
2927 2000 3219 2054 egressus.
3247 1983 3355 2038 Sed
3380 1981 3544 2037 facile
3577 1998 3900 2054 possemus

2237 2073 2560 2144 intelligere
2591 2077 2694 2128 aut
2714 2073 2842 2128 illos
2861 2074 3008 2127 duos
3039 2087 3166 2128 eam
3187 2071 3623 2144 recapitulando
3656 2073 3896 2144 posuis-

2237 2168 2428 2229 se,aut
2449 2163 2591 2217 istos
2607 2162 3088 2234 praeoccupando;
3117 2160 3228 2216 nisi
3251 2161 3436 2232 magis
3459 2162 3892 2232 moveretquod

2237 2256 2358 2306 tam
2391 2251 2639 2316 diversa,
2674 2268 2785 2305 non
2821 2255 3049 2304 tantum
3081 2250 3277 2312 verba,
3301 2249 3400 2304 sed
3435 2249 3607 2304 etiam
3641 2254 3893 2304 senten-

2237 2341 2349 2394 tias
2384 2339 2610 2395 Domini
2664 2340 3045 2410 pramittunt,
3078 2339 3295 2410 quibus
3349 2343 3647 2409 permotus
3680 2338 3893 2393 Petrus

2239 2427 2400 2483 illam
2440 2428 2954 2500 praesumptionem
3007 2429 3312 2499 proferret,
3345 2425 3427 2481 vel
3471 2443 3602 2481 cum
3635 2427 3891 2482 Domino

2239 2517 2323 2572 vel
2359 2535 2458 2589 pro
2490 2518 2734 2572 Domino
2769 2517 3070 2583 moriendi,
3101 2522 3164 2571 ut
3191 2516 3378 2588 magis
3409 2522 3614 2587 cogant
3638 2515 3893 2587 intelligi

2239 2613 2326 2662 ter
2355 2623 2483 2661 eum
2517 2607 2872 2676 expressisse
2895 2605 3410 2678 praesumptionem
3443 2622 3609 2660 suam
3633 2604 3890 2660 diversis

2236 2696 2380 2752 locis
2413 2695 2704 2750 sermonis
2734 2695 2971 2761 Christi,
2996 2700 3052 2749 et
3085 2701 3169 2748 ter
3201 2693 3282 2748 illi
3314 2711 3347 2748 a
3379 2695 3619 2748 Domino
3643 2710 3887 2765 respon-

2238 2803 2368 2840 sum
2385 2785 2535 2855 quod
2552 2801 2687 2839 eum
2707 2789 2861 2839 esset
2883 2790 3017 2838 ante
3035 2783 3172 2854 galli
3188 2789 3423 2838 cantum
3446 2789 3531 2838 ter
3545 2788 3889 2855 negaturus.

2307 2875 2359 2927 6.
2385 2875 2582 2945 Neque
2601 2874 2755 2928 enim
2780 2872 3116 2928 incredibile
3134 2877 3241 2935 est,
3269 2871 3637 2944 aliquantum
3661 2872 3891 2943 disjun-

2236 2965 2346 3018 etis
2369 2963 2690 3018 intervallis
2712 2962 2994 3032 temporis
3019 2961 3251 3016 Petrum
3280 2978 3404 3015 com
3417 2967 3638 3017 motum
3662 2978 3791 3016 esse
3814 2963 3884 3015 ad

2237 3053 2738 3124 praesumendum,
2781 3053 2934 3105 sicut
2964 3051 3034 3104 ad
3072 3051 3442 3122 negandum;
3478 3050 3563 3105 vel
3606 3050 3654 3105 ei
3687 3051 3887 3105 Domi-

2239 3159 2379 3196 num
2416 3141 2635 3212 aliquid
2662 3148 2749 3195 ter
2779 3139 3052 3194 similiter
3073 3141 3441 3212 respondisse
3475 3157 3488 3193 :
3522 3139 3888 3210 quandoqui-

2239 3232 2367 3285 dem
2402 3230 2576 3285 etiam
2603 3230 2937 3297 contextim,
2969 3228 3146 3284 nullis
3169 3228 3300 3284 aliis
3330 3229 3684 3300 interpositis
3707 3230 3887 3283 rebus

2239 3323 2339 3374 aut
2367 3319 2581 3383 verbis,
2626 3324 2757 3390 post
2809 3318 3292 3373 resurrectionem
3326 3323 3412 3372 ter
3443 3317 3603 3372 illum
3638 3319 3888 3372 interro—

2241 3409 2463 3479 gaverit
2485 3416 2683 3462 utrum
2705 3423 2836 3462 eum
2862 3410 3111 3470 amet,et
3139 3408 3190 3461 ei
3225 3415 3307 3460 ler
3329 3405 3434 3462 hoc
3465 3406 3616 3461 idem
3641 3423 3890 3477 respon-

2239 3497 2398 3552 denti
2429 3498 2605 3552 etiam
2641 3497 2766 3568 ipse
2819 3496 3164 3551 mandatum
3217 3495 3287 3550 de
3339 3495 3644 3567 pascendis
3676 3496 3889 3552 ovibus

2239 3587 2361 3642 suis
2385 3603 2568 3641 unum
2588 3585 2857 3654 idemque
2880 3592 2966 3640 ter
2992 3585 3325 3656 praeceperit
3345 3586 3518 3655 (Joan.
3544 3602 3656 3654 xxi,
3683 3586 3891 3653 15-17).

2238 3677 2355 3732 Hoc
2405 3683 2597 3730 autem
2643 3691 2770 3730 esse
2823 3674 3179 3739 credibilius,
3224 3675 3378 3745 quod
3429 3679 3516 3728 ter
3566 3675 3892 3729 ostenderit

2239 3766 2754 3837 praesumptionem
2789 3780 2955 3818 suam
2981 3764 3206 3833 Petrus,
3230 3769 3286 3818 et
3310 3763 3380 3818 de
3413 3763 3565 3816 trina
3591 3780 3696 3818 sua
3719 3779 3891 3835 nega-

2236 3855 2394 3910 tione
2427 3858 2513 3908 ter
2535 3870 2566 3906 a
2583 3853 2829 3907 Domino
2847 3852 3119 3921 audierit,
3134 3869 3201 3906 ex
3227 3852 3368 3920 ipsis
3393 3851 3884 3924 Evangelistarum

2240 3943 2450 4011 verbis,
2497 3959 2623 4012 quae
2676 3959 2708 3995 a
2761 3942 3003 3995 Domino
3053 3940 3213 3996 dicta
3263 3940 3486 3995 diverse
3535 3957 3600 3995 ac
3661 3941 3888 3998 diversa

2239 4035 2717 4098 commemorant,
2771 4029 2854 4086 sic
2909 4031 3206 4101 probatur.
3258 4030 3399 4085 Ecce
3447 4030 3888 4087 meminerimus

2240 4121 2394 4188 quod
2427 4137 2581 4174 nunc
2636 4119 2956 4190 interposui
2990 4137 3057 4174 ex
3105 4119 3415 4191 Evangelio
3463 4119 3746 4188 Joannis;
3779 4120 3888 4175 hoc

2239 4215 2391 4264 certe
2423 4210 2652 4264 dixerat
2685 4225 2697 4262 :
2734 4231 2760 4257 ‹‹
2793 4207 3004 4273 Filioli,
3037 4208 3226 4263 adhuc
3260 4208 3550 4263 modicum
3584 4210 3883 4264 vobiscum

2240 4316 2393 4354 sum.
2428 4299 2709 4362 Quaeretis
2743 4314 2834 4352 me
2863 4315 2875 4362 ;
2911 4308 2987 4363 et,
3040 4297 3192 4351 sicut
3221 4297 3336 4351 dixi
3370 4297 3610 4363 Judaeis,
3647 4315 3753 4367 quo
3784 4315 3886 4368 ego

2240 4388 2384 4443 vado
2416 4405 2514 4442 vos
2545 4403 2657 4441 non
2691 4387 2934 4458 potestis
2976 4385 3168 4441 venire
3203 4403 3215 4440 :
3249 4391 3305 4440 et
3339 4388 3498 4442 vobis
3530 4388 3658 4441 dico
3691 4388 3882 4442 modo.

2239 4477 2575 4530 Mandatum
2615 4493 2827 4530 novum
2874 4476 2948 4530 'do
2996 4475 3179 4545 vobis,
3215 4479 3278 4530 ut
3326 4475 3584 4546 diligatis
3617 4476 3884 4547 invicem,

2240 4567 2393 4621 sicut
2441 4565 2610 4621 dilexi
2662 4581 2782 4633 vos,
2832 4569 2897 4619 ut
2942 4568 2997 4619 et
3047 4581 3148 4619 vos
3197 4563 3452 4635 diligatis
3508 4565 3773 4621 invicem.
3825 4572 3883 4621 In

2242 4656 2348 4710 hoc
2397 4658 2746 4725 cognoscent
2790 4670 2995 4708 omnes
3045 4653 3180 4725 quia
3233 4653 3344 4709 mei
3395 4653 3662 4726 discipuli
3722 4655 3882 4720 estis,

2241 4745 2287 4800 si
2349 4743 2717 4798 dilectionem
2776 4744 3102 4798 habueritis
3160 4743 3229 4798 ad
3296 4743 3560 4799 invicem.
3627 4744 3769 4798 Dicit
3833 4746 3883 4800 ei

2239 4835 2438 4888 Simon
2501 4833 2705 4888 Petrus
2767 4849 2779 4887 :
2841 4832 3108 4898 Domine,
3163 4849 3278 4902 quo
3337 4832 3546 4886 vadis?
3594 4856 3622 4881 υ
3670 4833 3884 4904 Nempe

2241 4923 2334 4977 hic
2387 4923 2760 4978 manifestum
2813 4926 2921 4986 est,
2955 4938 3021 4975 ex
3071 4920 3189 4975 illis
3246 4921 3436 4976 verbis
3487 4926 3708 4976 motum
3758 4939 3883 4978 esse

2242 5016 2478 5065 Petrum
2511 5017 2573 5065 ut
2605 5012 2844 5080 diceret,
2880 5011 3105 5065 Domine
3131 5026 3238 5082 quo
3267 5012 3427 5064 vadis
3448 5014 3472 5062 .9
3519 5011 3657 5082 quia
3686 5011 3880 5066 dicen-

2241 5107 2357 5156 tem
2404 5100 2690 5165 audierat,
2742 5102 2854 5169 Quo
2905 5115 3004 5166 ego
3050 5099 3184 5154 vado
3239 5114 3328 5154 vos
3376 5116 3483 5155 non
3533 5102 3752 5169 potestis
3795 5118 3881 5156 ve-

2239 5191 2376 5244 nire.
2452 5189 2773 5260 Respondit
2827 5189 3000 5243 Jesus
3056 5189 3244 5243 eidem
3304 5192 3470 5242 Petro
3543 5205 3555 5243 :
3627 5190 3738 5257 Quo
3791 5206 3880 5261 ego

2239 5278 2379 5334 vado
2433 5295 2543 5332 non
2599 5283 2749 5349 potes
2805 5295 2893 5332 me
2947 5279 3106 5349 sequi
3159 5277 3354 5338 modo;
3413 5280 3653 5348 sequeris
3701 5282 3879 5333 autem

2239 5376 2440 5438 postea.
2508 5371 2668 5420 Tunc
2734 5367 2832 5421 ille
2895 5385 2908 5422 :
2969 5367 3149 5436 Quare
3209 5382 3315 5422 non
3379 5383 3620 5437 possum,
3677 5367 3879 5438 inquit,

2241 5459 2391 5526 sequi
2418 5460 2470 5511 te
2501 5456 2656 5512 modo
2678 5460 2702 5509 .9
2749 5459 2995 5511 ani-mam
3046 5472 3226 5510 meam
3271 5471 3370 5526 pro
3399 5460 3449 5510 te
3492 5472 3707 5526 ponam.
3743 5457 3879 5512 Huic

2240 5545 2687 5616 praesumptioni
2748 5545 3047 5617 respondit
3103 5543 3385 5600 Dominus
3444 5545 3700 5598 futuram
3756 5547 3877 5614 ejus

2242 5635 2632 5706 negationem.
2659 5635 2845 5689 Lucas
2877 5639 3069 5689 autem
3095 5650 3226 5688 cum
3258 5641 3770 5688 commemorasset
3791 5634 3875 5687 di-

2241 5724 2394 5780 xisse
2429 5723 2760 5790 Dominum,
2794 5723 3000 5791 Simon,
3033 5738 3150 5778 ecce
3179 5731 3402 5779 satanas
3429 5725 3688 5794 expetivit
3711 5740 3794 5778 vos
3822 5734 3878 5781 ut
