3978 6390
94 374 242 434 “93

87 512 222 562 tunc
253 522 380 562 esse
411 503 828 570 scissum,cum
861 502 1034 559 Jesus
1063 500 1357 557 emisisset
1379 493 1743 574 spiritum.Si

88 603 280 652 autem
321 611 435 649 non
466 593 808 658 addidisset,
843 595 916 647 Et
944 608 1081 660 ecce,
1115 591 1215 646 sed
1267 590 1616 662 simpliciter
1645 588 1736 643 di-

86 687 282 751 xisset,
317 686 377 739 Et
407 683 594 738 velunt
622 683 813 754 templi
840 683 1072 736 scissum
1101 684 1178 734 est
1200 697 1220 740 ;
1250 679 1537 734 incertum
1573 682 1735 733 esset

89 782 282 829 utrum
314 774 441 844 ipse
471 778 526 826 et
543 772 773 826 Marcus
806 770 912 825 hoc
929 769 1364 841 recapitulando
1387 783 1738 823 commemo-

87 868 336 927 rassent,
365 863 546 916 Lucas
578 865 771 915 autem
801 859 1066 915 ordinem
1099 858 1422 924 tenuisset;
1455 873 1529 911 an
1553 857 1738 911 Lucas

87 951 529 1024 recapitulasset
559 949 715 1020 quod
745 948 829 1002 illi
861 947 1063 1003 ordine
1094 947 1448 1016 posuissent.

89 1058 318 1116 CAPUT
347 1057 458 1113 ΧΧ.
492 1089 559 1096 -
587 1057 659 1111 De
688 1056 1056 1110 admiratione
1077 1053 1427 1108 Centurionis
1457 1061 1509 1108 et
1540 1068 1737 1107 eorum

157 1134 256 1203 qui
281 1147 405 1186 cum
436 1130 534 1185 illo
578 1132 759 1192 erant,
790 1126 1050 1203 quomodo
1099 1128 1246 1181 inter
1287 1142 1346 1180 se
1393 1127 1738 1180 consentiant

162 1201 484 1268 Matt/imus,
514 1207 730 1257 Marcus
759 1209 813 1254 et
843 1201 1036 1253 Lucas.
1345 1257 1358 1276 ,γ

155 1313 248 1365 57.
271 1309 549 1381 Sequitur
563 1307 948 1362 Mattheusm
982 1305 1045 1359 Et
1077 1309 1230 1359 terra
1250 1307 1404 1358 mota
1431 1307 1538 1375 est,
1564 1307 1619 1358 et
1636 1320 1738 1376 pe-

88 1407 187 1454 tres
219 1399 414 1454 scissas
439 1400 661 1462 sunt,et
681 1398 1064 1449 monumenta
1084 1396 1285 1464 aperta
1307 1397 1528 1457 sunt,et
1549 1394 1741 1447 multa

89 1505 334 1560 corpora
362 1490 700 1542 sanctorum
721 1483 818 1554 qui
837 1482 1217 1548 dormierant,
1244 1485 1655 1548 surrexerunt;
1684 1485 1741 1536 et

87 1583 366 1634 exeuntes
399 1577 468 1631 de
499 1571 896 1628 monumentis
920 1575 1054 1642 post
1076 1570 1562 1626 resurrectionem
1587 1572 1737 1641 ejus,

86 1671 374 1724 venerunt
390 1669 446 1719 in
466 1668 730 1720 sanctam
749 1660 1064 1726 civitatem,
1084 1664 1140 1714 et
1161 1665 1563 1732 apparuerunt
1584 1659 1741 1714 mul-

87 1760 185 1813 tis.
228 1780 249 1806 ι
287 1756 414 1810 Haec
445 1769 574 1825 quas
606 1752 767 1820 solus
798 1750 962 1813 dixit,
994 1767 1105 1804 non
1134 1754 1222 1803 est
1251 1750 1632 1804 metuendum
1667 1766 1741 1804 ne

88 1849 364 1918 cuiquam
398 1847 730 1898 cazterorum
756 1855 1082 1910 repugnare
1110 1839 1438 1893 videantur.
1464 1839 1742 1910 Sequitur

86 1940 244 1993 idem
281 1936 408 2006 ipse
441 1950 454 1988 :
489 1954 516 1982 ‹‹
551 1928 823 1986 Centurio
857 1933 1052 1982 autem
1095 1933 1150 1983 et
1183 1928 1281 1998 qui
1314 1945 1444 1983 cum
1480 1945 1545 1983 eo
1577 1931 1743 1983 erant

89 2024 490 2082 custodientes
513 2021 735 2086 Jesum,
757 2018 881 2090 viso
902 2022 1066 2073 terrae
1099 2021 1263 2084 metu
1295 2021 1352 2071 et
1383 2018 1454 2072 iis
1485 2034 1612 2089 quae
1638 2018 1742 2073 lie-

90 2119 256 2182 bant,
290 2114 620 2169 timuerunt
664 2107 850 2178 valde,
884 2108 1142 2182 dicentes
1194 2123 1207 2160 :
1258 2106 1402 2162 Vere
1437 2107 1610 2162 Filius
1647 2108 1742 2162 Dei

87 2205 343 2263 eratiste
363 2225 384 2250 ιι
417 2198 625 2272 (Matth.
646 2214 820 2260 xxvu,
846 2197 1052 2264 51-54).
1076 2196 1303 2251 Marcus
1320 2195 1404 2251 sic
1429 2215 1441 2252 :
1465 2219 1493 2246 «
1523 2197 1744 2253 Videns

92 2301 291 2353 autem
322 2289 613 2357 Centurio,
635 2289 734 2358 qui
764 2301 830 2340 ex
860 2287 1100 2341 adverso
1123 2285 1334 2355 stabat,
1358 2285 1496 2358 quia
1526 2285 1611 2341 sic
1632 2279 1772 2341 cla?

93 2401 267 2441 mens
316 2380 694 2452 exspirasset,
725 2375 848 2431 ait:
884 2374 1031 2429 Vere
1075 2374 1249 2430 homo
1289 2374 1382 2430 hic
1430 2374 1608 2429 Filius
1641 2375 1745 2431 Dei

91 2478 222 2530 erat
257 2493 286 2521 »
319 2470 507 2542 (Marc.
544 2483 639 2536 xv,
670 2465 781 2537 39).
834 2464 1020 2519 Lucas
1071 2463 1156 2519 sic
1189 2480 1203 2520 :
1242 2486 1262 2512 α
1299 2464 1515 2519 Videas
1545 2469 1744 2520 autem

89 2560 370 2620 Centurio
401 2557 558 2630 quod
591 2557 808 2611 factum
842 2553 1046 2621 fuerat,
1080 2551 1426 2623 glorificavit
1456 2553 1637 2609 Deum
1664 2554 1744 2607 di—

90 2669 234 2710 cens
268 2667 281 2706 :
316 2648 463 2703 Vere
492 2646 587 2701 hic
618 2645 793 2700 homo
820 2644 1019 2714 justus
1049 2646 1174 2697 erat
1207 2664 1233 2690 ››
1265 2643 1419 2714 (Luc.
1447 2660 1608 2713 xxm,
1634 2645 1744 2713 47).

91 2749 215 2799 Non
245 2743 335 2796 est
355 2735 711 2793 contrarium
735 2733 886 2804 quod
909 2731 1216 2786 Mattheus
1236 2732 1360 2787 viso
1392 2736 1556 2787 terra;
1581 2736 1743 2808 motu

89 2832 234 2887 dicit
267 2827 624 2884 admiratum
657 2822 1089 2889 Centurionem,
1123 2825 1180 2876 et
1220 2837 1316 2876 eos
1347 2821 1444 2893 qui
1477 2838 1609 2877 cum
1643 2821 1744 2878 illo

86 2923 281 2986 erant,
315 2933 447 2974 cum
481 2915 666 2970 Lucas
696 2911 852 2967 dicat
882 2911 989 2966 hoc
1020 2926 1153 2965 eum
1185 2910 1562 2982 admiratum,
1587 2912 1742 2983 quod

89 3011 317 3067 emissa
344 3005 445 3062 illa
465 3019 601 3062 voce
618 3001 991 3074 exspirasset,
1013 3001 1328 3056 ostendens
1360 3017 1536 3072 quam
1558 3000 1619 3056 in
1643 3018 1744 3072 po-

88 3103 308 3156 testate
345 3093 618 3150 habuerit
663 3091 897 3163 quando
929 3093 1251 3145 moreretur
1282 3106 1294 3143 :
1323 3089 1382 3144 in
1414 3106 1479 3146 eo
1529 3091 1746 3163 quippe

93 3188 255 3261 quod
285 3185 442 3240 idem
492 3181 800 3238 Matthaeus
831 3195 946 3234 non
998 3177 1185 3233 solum
1221 3179 1387 3247 dixit,
1433 3180 1545 3235 viso
1597 3188 1746 3237 terra

89 3282 276 3344 motu,
300 3275 398 3331 sed
422 3273 598 3328 etiam
619 3269 866 3333 addidit,
879 3272 930 3324 et
961 3269 1030 3323 iis
1048 3285 1169 3339 qua
1185 3270 1336 3340 facta
1364 3277 1522 3325 erant
1540 3286 1562 3332 ;
1591 3269 1743 3325 inte-

90 3383 273 3440 grum
303 3365 495 3420 locum
526 3361 708 3416 fuisse
753 3357 1174 3414 demonstravit
1223 3362 1402 3427 Lucae,
1436 3363 1501 3414 ut
1531 3359 1748 3414 diceret

81 3454 501 3514 Centurionem
518 3450 706 3523 ipsam
730 3447 956 3503 Domini
983 3451 1227 3503 mortem
1246 3447 1424 3504 fuisse
1438 3449 1740 3518 miratum;

84 3547 226 3618 quia
252 3547 314 3601 et
341 3542 462 3596 haec
481 3539 634 3594 inter
661 3537 760 3593 illa
790 3541 896 3604 est,
919 3553 1041 3605 quae
1060 3540 1200 3591 tunc
1223 3537 1570 3594 mirabiliter
1596 3539 1743 3594 facta

81 3638 274 3691 erant.
291 3635 637 3701 Quanquam
658 3626 766 3682 etsi
788 3626 1091 3683 Matthzeus
1108 3625 1248 3681 illud
1264 3643 1378 3682 non
1393 3628 1736 3698 addidisset,

78 3721 535 3795 intelligendum
548 3721 832 3784 erat,cum
848 3714 1033 3771 multa
1046 3714 1312 3770 miranda
1331 3717 1480 3772 facta
1501 3717 1736 3785 fuerint,

1467 365 1702 427 LIBER
1745 366 2113 428 TERTIUS.

3336 368 3495 429 1194

1847 501 2129 570 tanquam
2145 514 2329 554 nnum
2343 498 2610 555 mirabile
2633 499 2845 556 factum
2868 517 3334 556 commemorans
3361 546 3373 572 ,
3397 517 3497 556 cu-

1839 587 1942 658 jus
1974 589 2140 660 quasi
2171 588 2433 644 membra
2464 592 2521 643 et
2549 594 2742 660 partes
2771 595 2937 645 erant
2969 589 3166 646 omnia
3192 589 3294 644 illa
3322 591 3497 646 mira-

1849 677 1998 732 cula.
2024 679 2152 733 Jam
2186 694 2318 733 vero
2343 680 2494 749 quod
2519 679 2826 734 Mattheus
2849 681 3074 735 addidit
3105 696 3201 736 eos
3233 680 3332 753 qui
3358 697 3493 737 cum

1847 766 2194 822 Centurione
2213 773 2399 836 erant,
2419 768 2513 822 alii
2538 773 2732 824 autem
2755 769 3228 838 boctacuerunt;
3261 770 3354 826 cui
3377 787 3493 826 non

1845 861 2125 927 appareat
2153 873 2221 911 ex
2247 857 2557 912 notissima
2579 858 2779 930 regula
2810 877 2924 914 non
2946 875 3075 915 esse
3106 860 3489 926 contrarium,

1846 961 1979 1000 cum
2013 945 2163 1000 alius
2187 946 2497 1018 dicitjquod
2530 947 2686 1002 aliud
2719 949 2971 1003 tacet?Et
3002 949 3153 1019 quod
3185 949 3491 1004 Matthseus

1846 1034 2012 1103 dixit,
2043 1036 2356 1089 timuerunt
2406 1036 2596 1098 valde;
2623 1037 2806 1093 Lucas
2828 1042 3022 1092 autem
3056 1054 3170 1093 non
3201 1038 3372 1104 dixit,
3416 1038 3492 1092 ti-

1847 1124 2016 1188 muit,
2051 1124 2173 1189 sed,
2205 1126 2538 1195 gloriﬁcavit
2568 1127 2736 1181 Deum
2757 1144 2778 1189 ;
2811 1128 2944 1199 quis
2965 1144 3079 1182 non
3111 1144 3242 1183 eum
3274 1126 3492 1183 intelli-

1846 1217 1946 1284 gat
1974 1213 2238 1268 timendo
2269 1213 2629 1285 gloriﬁcasse
2648 1214 2675 1268 ?

1847 1335 2076 1412 CAPUT
2106 1336 2249 1412 XXI.
2271 1368 2336 1378 ——
2352 1338 2430 1412 De
2444 1338 2769 1392 mulieribus
2784 1354 2909 1412 quae
2924 1339 3010 1408 ibi
3023 1340 3259 1410 stabant,
3279 1357 3496 1411 quomo-

1920 1406 1984 1482 do
2016 1411 2330 1478 Mattha'us,
2366 1409 2576 1464 Marcus
2607 1413 2658 1464 et
2703 1406 2894 1478 Lucas,
2924 1406 3024 1482 qui
3051 1406 3314 1468 dixerunt
3341 1430 3433 1468 eas
3463 1430 3498 1468 (ι

1921 1480 2080 1548 longe
2105 1483 2328 1550 stetisse,
2350 1498 2471 1556 non
2501 1486 2804 1551 repugnent
2831 1480 3050 1550 Joanni,
3071 1487 3168 1556 qui
3194 1487 3501 1541 nominavit

1919 1569 2090 1605 unam
2116 1569 2309 1608 earum
2329 1552 2501 1622 juxta
2530 1571 2743 1608 crucem
2769 1557 2996 1610 stetisse.

1919 1657 2008 1711 58.
2044 1659 2320 1730 Sequitur
2351 1660 2657 1715 Matthaeus
2692 1679 2705 1716 :
2747 1681 2768 1710 «
2803 1662 2982 1716 Erant
3029 1667 3225 1718 autem
3257 1662 3338 1718 ibi
3369 1679 3498 1719 mu-

1850 1746 2022 1803 lieres
2053 1749 2249 1802 multae
2267 1765 2300 1803 a
2325 1748 2518 1820 longe,
2538 1766 2661 1819 quas
2685 1754 2893 1806 secutae
2920 1753 3086 1806 erant
3113 1751 3316 1807 Jesum
3334 1769 3368 1808 a
3387 1753 3500 1808 Ga-

1848 1837 2021 1904 lilaea,
2053 1837 2464 1893 ministrantes
2495 1839 2544 1894 ei
2571 1865 2584 1906 ;
2617 1838 2770 1895 inter
2797 1856 2946 1911 quas
2976 1845 3102 1896 erat
3132 1841 3313 1898 Maria
3342 1845 3500 1915 Mag-

1851 1927 2076 1996 dalene,
2111 1930 2168 1982 et
2197 1927 2380 1982 Maria
2409 1928 2606 1984 Jacobi
2651 1933 2709 1983 et
2735 1929 2954 2001 Joseph
2991 1934 3199 1998 mater,
3231 1935 3286 1987 et
3314 1937 3501 1988 mater

1851 2016 2102 2071 filiorum
2134 2017 2388 2072 Zebedsei
2423 2039 2448 2065 »
2480 2018 2695 2088 (Matth.
2727 2036 2899 2087 xxvn,
2931 2020 3003 2074 55
3031 2024 3087 2074 et
3122 2021 3234 2092 56).
3269 2021 3500 2079 Marcus

1850 2107 1934 2162 sic
1970 2122 1982 2161 :
2017 2127 2045 2155 «
2078 2106 2258 2160 Erant
2287 2110 2481 2162 autem
2515 2111 2570 2162 et
2601 2108 2879 2163 mulieres
2911 2109 2981 2163 de
3009 2108 3181 2181 longe
3209 2111 3502 2182 aspicien-

1850 2200 1937 2251 tes
1963 2213 1976 2264 ;
2010 2194 2162 2250 inter
2190 2212 2337 2275 quas
2366 2200 2490 2251 erat
2519 2196 2701 2252 Maria
2731 2197 3088 2269 Magdalene,
3108 2204 3166 2254 et
3195 2200 3373 2255 Maria
3403 2201 3502 2256 Ja-

1851 2285 1980 2340 cobi
2012 2284 2257 2339 minoris
2275 2289 2332 2340 et
2351 2285 2568 2357 Joseph
2592 2289 2798 2352 mater,
2817 2290 2874 2340 et
2892 2285 3122 2343 Salome
3142 2306 3155 2356 ;
3179 2292 3389 2344 etcum
3407 2307 3502 2346 es-

1853 2376 1940 2428 set
1960 2372 2020 2426 in
2043 2371 2298 2439 Galilaea,
2324 2373 2720 2444 sequebantur
2743 2389 2901 2443 eum,
2917 2379 2973 2430 et
2991 2375 3408 2433 ministrabant
3429 2379 3502 2447 ei,

1853 2465 1909 2516 et
1940 2461 2063 2516 alia:
2087 2461 2285 2516 multae
2310 2478 2436 2532 quae
2462 2461 2638 2517 simul
2664 2479 2798 2518 cum
2831 2480 2896 2519 eo
2921 2467 3308 2522 ascenderant
3335 2467 3503 2523 Jero-

1854 2551 2142 2623 solymam
2168 2574 2195 2601 ››
2224 2551 2410 2622 (Marc.
2439 2568 2530 2619 xv,
2566 2553 2652 2620 40,
2683 2553 2794 2622 41).
2822 2553 2979 2608 Inter
3016 2554 3123 2610 hos
3164 2555 3310 2610 nihil
3340 2557 3504 2613 video

1855 2640 2008 2712 quod
2043 2641 2400 2695 contrarium
2434 2640 2620 2712 possit
2640 2640 2832 2712 putari
2858 2659 2871 2696 :
2897 2642 3036 2714 quid
3070 2643 3228 2700 enim
3262 2645 3506 2702 interest

1854 2730 1924 2784 ad
1943 2729 2270 2794 veritatem,
2295 2730 2448 2802 quod
2474 2731 2761 2801 quasdam
2785 2731 3060 2788 mulieres
3080 2733 3507 2807 pariter,quas-

1854 2820 1989 2874 dam
2013 2817 2731 2891 singulinominaverunt?
2747 2819 2932 2876 Lucas
2954 2823 3285 2893 quoqueita
3307 2841 3505 2881 narra-

1853 2907 2073 2963 tionem
2098 2907 2372 2962 contexit:
2399 2909 2460 2962 Et
2474 2909 2652 2963 omnis
2667 2909 2829 2964 turba
2845 2925 3037 2965 eorum
3056 2914 3154 2982 qui
3173 2913 3363 2979 simul,
3376 2914 3504 2971 ade-

1852 3001 1979 3052 rant
2000 2997 2070 3051 ad
2088 2997 2457 3068 spectaculum
2475 2997 2642 3065 istud,
2663 3001 2710 3054 et
2727 2999 2982 3054 videbant
2997 3017 3119 3072 quae
3137 3002 3360 3072 ﬁebant,
3372 3019 3508 3076 per-

1852 3088 2120 3142 cutientes
2129 3095 2354 3158 pectora
2365 3103 2468 3141 sua
2479 3088 2909 3143 revertebantur.
2936 3087 3161 3157 Stabant
3185 3095 3369 3148 autem
3383 3110 3506 3149 om-

1852 3192 1947 3230 nes
1970 3178 2092 3231 noti
2117 3177 2234 3243 eius
2263 3193 2295 3230 a
2329 3177 2503 3247 longe,
2530 3182 2585 3232 et
2614 3178 2874 3232 mulieres
2905 3194 3030 3250 qua:
3047 3183 3253 3238 secuta:
3281 3186 3506 3254 fuerant

1853 3281 1978 3320 eum
1998 3283 2034 3321 a
2059 3266 2309 3336 Galilaea,
2332 3265 2450 3322 haec
2477 3265 2714 3322 videntes
2736 3267 2886 3339 (Luc.
2910 3284 3070 3336 xxm,
3091 3270 3179 3341 48,
3204 3272 3314 3340 49).
3343 3271 3506 3329 Unde

1854 3355 2258 3426 superioribus
2289 3355 2520 3411 duobus
2551 3355 2622 3410 de
2653 3355 2964 3412 mulierum
3019 3359 3330 3429 presentia
3359 3361 3503 3417 satis

1853 3445 2164 3511 consentit,
2182 3445 2451 3515 quamvis
2477 3443 2698 3499 nullam
2716 3461 2916 3500 earum
2941 3447 3288 3504 nominatim
3309 3451 3502 3522 expri-

1852 3537 2013 3601 mat;
2049 3534 2118 3588 de
2150 3534 2324 3588 turba
2339 3533 2512 3588 etiam
2545 3550 2669 3604 qua
2697 3533 2871 3589 simul
2904 3536 3125 3603 aderat,
3151 3541 3208 3592 et
3234 3537 3500 3596 videntes

1850 3640 1976 3695 quae
2003 3623 2216 3678 fiebant
2230 3623 2554 3678 tundebant
2575 3627 2807 3694 pectora
2825 3628 3016 3693 sua,et
3035 3627 3496 3696 revertebantur,

1847 3711 2706 3782 consentitMattbteo,quamvis
2719 3729 2983 3768 seorsum
2999 3716 3496 3784 annexuerit,Cen-

77 3821 136 3871 et
168 3811 374 3871 omnia
405 3807 676 3865 Centurio
707 3809 764 3861 et
796 3805 895 3877 qui
927 3821 1058 3860 cum
1092 3821 1159 3860 eo
1189 3810 1377 3872 erant,
1411 3805 1738 3878 mirari‘po-
1845 3803 1992 3856 turio
2023 3805 2208 3856 autem
2226 3805 2276 3855 et
2305 3801 2543 3873 quicum
2573 3817 2634 3856 eo
2652 3805 2809 3857 erant
2826 3808 3216 3876 :quaproptsr
3239 3808 3498 3862 tantum-

74 3904 326 3965 tuerint,
353 3897 601 3954 liberum
626 3895 808 3950 fuisse
832 3894 1208 3949 narrantibus
1230 3895 1369 3966 quid
1395 3897 1646 3968 quisque
1667 3897 1737 3951 i1-

77 3993 205 4048 lum
239 3989 521 4046 miratum
555 3999 1010 4041 commemorare
1031 3982 1352 4038 voluisset:
1388 4001 1491 4040 nec
1527 4001 1623 4041 eos
1655 3986 1738 4040 ibi

77 4092 436 4154 repugnare,
459 4090 592 4131 cum
613 4072 764 4129 alius
784 4071 954 4140 illud,
979 4071 1130 4126 alius
1153 4072 1296 4126 illud
1320 4073 1536 4128 diceret
1560 4074 1741 4130 fuisse

81 4171 410 4234 miratum;
445 4163 681 4236 quando
713 4161 910 4217 omnia
941 4161 1244 4216 fueratille
1277 4161 1543 4217 miratus.
1576 4165 1736 4227 Quod

82 4265 287 4315 autem
309 4255 462 4311 alius
485 4253 566 4309 ait
582 4250 992 4308 Centurionem
1019 4250 1259 4316 dixisse,
1290 4253 1417 4306 Vere
1443 4253 1618 4308 Filius
1649 4254 1745 4308 Dei

81 4357 206 4405 erat
235 4350 360 4416 iste,
395 4343 546 4399 alius
569 4345 788 4407 autem,
820 4342 947 4396 Vere
968 4339 1124 4395 homo
1156 4341 1244 4395 hic
1268 4341 1439 4395 Filius
1468 4343 1565 4397 Dei
1593 4351 1743 4405 erat;

84 4457 206 4496 non
244 4433 651 4492 movebiteum
674 4430 765 4484 cui
795 4445 909 4485 non
927 4429 1403 4486 exciderunttam
1436 4429 1624 4487 multa
1646 4449 1742 4487 su-

85 4531 291 4604 perius
326 4525 596 4583 similiter
626 4524 779 4578 dicta
811 4526 869 4578 et
899 4523 1284 4594 expositazad
1317 4539 1492 4579 unam
1528 4523 1746 4596 quippe

83 4618 452 4677 sententiam
487 4617 735 4684 utraque
781 4611 959 4668 verba
1007 4616 1404 4679 concurrunt;
1455 4629 1558 4668 nec
1591 4613 1746 4684 quod

81 4711 242 4764 alius
263 4703 470 4774 tacuit,
491 4703 673 4767 homo,
695 4699 847 4755 alius
863 4699 1028 4763 dixit,
1056 4698 1173 4753 ullo
1195 4700 1368 4754 modo
1389 4700 1746 4754 contrarium

79 4805 190 4854 est.
236 4794 426 4866 Magis
445 4791 602 4864 quod
627 4790 812 4844 Lucas
829 4805 944 4844 non
977 4787 1485 4843 aitCenturionem
1510 4787 1749 4858 dixisse,

81 4888 270 4943 Filius
303 4884 401 4938 Dei
429 4880 575 4945 erat,
609 4879 732 4948 sed,
751 4879 935 4949 justus
965 4882 1108 4945 erat,
1130 4881 1320 4948 potest
1341 4876 1531 4948 putari
1565 4876 1751 4930 diver-

83 4993 226 5033 sum
257 4991 270 5028 :
300 4973 402 5028 sed
431 4969 521 5025 vel
554 4973 874 5038 utrumque
906 4967 1130 5022 dictum
1155 4965 1752 5022 aCenturioneintel-

84 5068 279 5139 ligare
302 5061 671 5126 debemus,et
684 5056 838 5112 aliud
867 5055 1184 5120 illos,a1iud
1209 5057 1388 5111 istum
1407 5072 1755 5111 commemo-

87 5171 265 5212 rasse
293 5169 309 5219 ;
335 5149 422 5206 vel
455 5149 702 5203 fortasse
738 5147 945 5201 Lucam
983 5146 1310 5217 exprimere
1335 5144 1590 5201 voluisse
1622 5163 1757 5201 scn-

88 5243 349 5300 tentiam
365 5237 752 5303 Centurionis,
773 5237 1064 5307 quomodo
1090 5235 1300 5290 dixerit
1317 5235 1518 5290 Jesum
1546 5234 1755 5290 Filium

88 5334 220 5391 Dei.
242 5331 415 5386 Forte
436 5327 589 5382 enim
617 5342 730 5380 non
751 5341 884 5380 eum
900 5323 1276 5395 Unigenitum
1297 5324 1581 5395 aqualem
1606 5324 1759 5378 Patri

93 5416 382 5479 Centurio
408 5414 809 5480 intellexerat;
857 5413 955 5469 sed
989 5413 1116 5467 ideo
1145 5413 1352 5467 Filium
1385 5413 1484 5468 Dei
1513 5412 1759 5478 dixerat,

93 5513 246 5586 quia
273 5508 503 5578 justum
537 5504 880 5569 crediderat,
905 5502 1057 5557 sicut
1087 5501 1256 5556 multi
1281 5503 1431 5573 justi
1461 5502 1597 5556 dicti
1624 5507 1764 5558 sunt

95 5602 207 5659 ﬁlii
248 5596 371 5653 Dei.
406 5593 566 5660 Quod
593 5597 784 5648 autem
818 5593 994 5648 etiam
1023 5591 1147 5663 ipse
1173 5591 1358 5646 Lucas
1381 5591 1546 5655 dixit,
1573 5591 1764 5647 Videas

95 5696 296 5750 autem
331 5685 588 5741 Centurio
615 5682 982 5756 quodfactum
1002 5685 1146 5750 erat,
1165 5679 1222 5736 in
1255 5696 1320 5736 eo
1351 5697 1560 5753 genere
1585 5681 1766 5737 inclu-

100 5783 183 5838 sit
215 5775 425 5835 omnia
457 5791 582 5845 qua:
614 5771 673 5827 in
721 5771 823 5828 illa
852 5772 995 5828 hora
1025 5769 1371 5827 mirabiliter
1398 5771 1550 5828 facta
1579 5776 1766 5842 erant,

440 5902 704 5964 PATROL.
752 5901 1022 5965 XXXIV.

1848 3892 2020 3948 modo
2040 3892 2110 3947 de
2125 3891 2277 3946 notis
2295 3894 2422 3961 ejus
2438 3892 2537 3962 qui
2558 3893 2795 3948 stabant
2812 3910 2845 3948 a
2859 3892 3029 3966 longe
3040 3895 3509 3954 solusinvenitur

1849 3981 2090 4036 dixisse.
2106 3981 2252 4035 Nam
2274 3982 2592 4035 etJoannes
2613 3983 3090 4038 commemoravit
3111 3984 3181 4038 de
3200 3987 3511 4057 praesentia

1851 4071 2202 4126 feminarum
2231 4073 2541 4141 antequam
2577 4071 2860 4128 Dominus
2883 4072 3178 4129 emisisset
3209 4077 3511 4147 spiritum,

1850 4162 1932 4215 ita
1962 4177 2208 4216 narrans
2244 4176 2258 4214 :
2291 4160 2521 4216 Stabant
2552 4163 2736 4215 autem
2748 4162 2916 4233 juxta
2941 4179 3165 4218 crucem
3183 4165 3312 4220 Iesu
3333 4173 3518 4222 mater

1850 4251 1990 4318 ejus,
2027 4253 2077 4304 et
2105 4265 2260 4304 soror
2301 4251 2497 4304 matris
2527 4250 2647 4319 ejus
2695 4252 2889 4306 Maria
2939 4251 3214 4323 Cteophae,
3248 4258 3298 4308 et
3331 4258 3518 4312 Maria

1851 4339 2184 4408 Magdalene.
2211 4339 2345 4394 Cum
2376 4339 2596 4396 vidisset
2615 4355 2746 4410 ergo
2769 4342 2924 4396 Jesus
2946 4345 3181 4396 matrem
3203 4351 3254 4398 et
3271 4343 3519 4412 discipu-

1855 4429 1974 4483 lum
2002 4432 2239 4484 stantem
2269 4445 2429 4500 quem
2451 4429 2742 4501 diligebat,
2767 4429 2902 4485 dicit
2933 4432 3097 4486 matri
3126 4448 3237 4486 sum
3258 4450 3275 4487 :
3299 4433 3513 4500 Mulier,

1853 4534 1972 4574 ecce
1991 4517 2140 4588 ﬁlius
2157 4526 2302 4573 tuus.
2333 4519 2542 4574 Deinde
2563 4518 2695 4574 dicit
2715 4519 2988 4590 discipulo
3003 4537 3021 4574 :
3050 4522 3178 4576 Ecce
3201 4531 3378 4578 mater
3397 4527 3515 4581 tua.

1856 4609 1922 4662 Et
1942 4623 2011 4662 ea:
2034 4608 2133 4662 illa
2155 4609 2286 4662 hora
2307 4610 2511 4679 accepit
2530 4624 2651 4663 eam
2671 4608 2973 4680 discipulus
2995 4613 3053 4665 in
3073 4628 3175 4666 sua
3202 4613 3375 4681 (Joan.
3402 4630 3518 4684 xIx,

1856 4698 2073 4764 25-27).
2108 4696 2306 4763 Quain
2342 4713 2401 4752 re
2427 4697 2537 4752 nisi
2559 4697 2930 4769 apertissime
2957 4699 3269 4756 Matthaaus
3292 4717 3526 4775 quoque

1860 4789 1917 4842 et
1948 4785 2177 4841 Marcus
2196 4786 2441 4841 Mariam
2461 4787 2840 4859 Magdalenen
2866 4788 3296 4860 nominassent,
3323 4807 3527 4864 posse-

1861 4892 1996 4930 mus
2035 4875 2246 4945 dicere,
2271 4875 2417 4932 alias
2436 4876 2679 4947 alonge,
2704 4877 3031 4948 aliasjuxta
3054 4895 3286 4936 crucem
3307 4881 3522 4951 fuisse;

1863 4964 2062 5020 nullus
2094 4965 2248 5020 enim
2284 4982 2508 5033 eorum,
2543 4971 2751 5037 praeter
2780 4967 3090 5036 Joannem,
3127 4973 3377 5026 matrem
3410 4971 3529 5026 Do-

1867 5055 2010 5109 mini
2027 5059 2526 5110 commemoravit:
2546 5071 2700 5110 nunc
2715 5072 2851 5128 ergo
2869 5058 3529 5131 quomodointelligitur

1867 5145 2068 5199 eadem
2091 5144 2275 5199 Maria
2296 5143 2656 5215 Magdalene,
2675 5149 2774 5200 eta
2795 5145 2963 5217 longe
2983 5149 3219 5204 stetisse
3242 5165 3375 5204 cum
3394 5148 3528 5206 aliis

1869 5232 2399 5299 mulieribus,sicut
2421 5234 2726 5290 Matthmus
2744 5240 2801 5290 et
2814 5235 3044 5293 Marcus
3063 5237 3528 5311 dicunt,etjuxta

1868 5340 2097 5379 crucem
2123 5323 2325 5386 fuisse,
2347 5324 2498 5377 sicut
2520 5323 2774 5379 Joannes
2797 5325 2966 5394 dicit;
2993 5327 3104 5382 nisi
3129 5328 3264 5400 quia
3285 5327 3341 5384 in
3366 5331 3528 5385 tanto

1869 5411 2174 5467 intervallo
2193 5416 2378 5476 erant,
2404 5417 2466 5466 ut
2487 5413 2725 5482 etjuxta
2747 5414 2859 5469 dici
2887 5421 3146 5486 possent,
3162 5417 3300 5488 quia
3319 5418 3375 5473 in
3396 5435 3532 5475 con-

1871 5506 2072 5574 spectu
2104 5503 2231 5572 ejus
2264 5506 2472 5572 praesto
2506 5502 2767 5572 aderant,
2793 5508 2850 5558 et
2882 5521 2914 5559 a
2946 5505 3117 5577 longe
3138 5506 3195 5561 in
3223 5524 3528 5580 compara-

1871 5592 2029 5647 tione
2061 5591 2656 5662 turbzeprOpinquius
2689 5591 3132 5650 circumstantis
3157 5613 3289 5652 cum
3316 5600 3530 5654 Centu-

1874 5681 2035 5737 rione
2060 5685 2116 5736 et
2136 5680 2446 5736 militibus.
2471 5681 2792 5737 Possumus
2814 5683 2992 5740 etiam
3015 5685 3359 5760 intelligere,
3376 5689 3531 5760 quod

1876 5770 1988 5828 illae
2004 5788 2129 5842 qua
2146 5769 2319 5827 simul
2346 5771 2588 5827 aderant
2602 5789 2733 5828 cum
2758 5778 2942 5830 matre
2962 5777 3529 5849 Domini,postquam

3129 5905 3208 5963 38
