3978 6410
476 363 634 424 “95

467 515 596 555 eam
614 496 902 570 discipulo
921 493 1372 564 commendavit,
1396 493 1696 563 abirejam
1720 495 2033 564 coeperant,
2054 495 2120 548 ut

461 606 494 644 α
525 589 814 644 densitate
845 587 1027 641 turbas
1059 602 1122 641 se
1152 587 1446 654 exuerent,
1483 588 1540 638 et
1571 586 1778 638 catera
1807 598 1931 653 qua)
1965 581 2120 637 facta

460 683 602 734 sunt
630 677 1244 748 longiusintuerentur
1270 692 1283 741 ;
1314 678 1378 728 ut
1395 673 1585 728 caeteri
1610 670 1992 743 Evangelistaa
2014 671 2115 742 qui

456 772 589 839 post
618 771 864 822 mortem
909 764 1135 820 Domini
1184 780 1282 819 eas
1331 761 2116 831 commemoraverunt,jam

457 855 627 928 longe
657 861 878 912 stantes
910 856 1456 910 commemorarent.

458 964 686 1021 CAPUT
719 963 834 1018 XII.
868 992 938 1002 --
968 963 1040 1017 De
1084 962 1276 1032 Joseph
1331 961 1429 1030 qui
1458 975 1656 1030 corpus
1711 959 1932 1015 Domini
1962 961 2118 1032 petiit

529 1054 561 1092 a
592 1037 795 1101 Pilato,
829 1034 1090 1105 quomodo
1137 1031 1317 1089 omnes
1349 1035 1714 1096 consentiant,
1750 1035 1800 1086 et
1849 1031 2113 1100 quomodo

526 1125 562 1164 α
588 1111 766 1179 seipse
793 1109 1024 1163 Joannes
1055 1122 1160 1161 non
1194 1106 1503 1160 dissentiat.

526 1217 616 1271 59.
635 1216 910 1287 Sequitur
926 1214 1268 1269 Matthzeus:
1295 1236 1315 1261 ι
1354 1213 1498 1268 Cum
1522 1229 1651 1268 sero
1671 1215 1866 1267 autem
1893 1211 2110 1266 factum

457 1310 631 1372 esset,
664 1305 819 1359 venit
851 1303 1092 1375 quidam
1124 1302 1300 1357 homo
1331 1302 1493 1356 dives
1524 1301 1594 1355 ab
1628 1299 1973 1367 Arimathia,
2004 1316 2109 1353 no-

458 1395 618 1450 mine
645 1391 879 1465 Joseph,
915 1393 1015 1464 qui
1048 1396 1104 1446 et
1132 1391 1258 1462 ipse
1300 1389 1625 1461 discipulus
1655 1393 1778 1443 erat
1809 1389 1978 1455 Jesu;
2016 1387 2109 1442 hic

457 1483 702 1538 accessit
732 1483 804 1536 ad
852 1480 1127 1545 Pilatum,
1160 1484 1216 1534 et
1266 1478 1432 1550 petiit
1481 1495 1696 1549 corpus
1743 1478 1880 1531 Jesu
1917 1493 1929 1530 :
1967 1481 2106 1531 tunc

455 1572 673 1628 Pilatus
696 1569 878 1641 jussit
908 1569 1070 1624 reddi
1102 1584 1314 1639 corpus
1348 1590 1375 1616 »
1417 1567 1627 1638 (Matth.
1660 1583 1837 1633 xxvn,
1867 1567 1958 1634 57,
1989 1567 2104 1632 58).

449 1665 676 1717 Marcus
707 1660 792 1715 sic
824 1675 838 1714 :
875 1681 902 1708 «
933 1659 1001 1713 Et
1028 1673 1164 1714 cum
1191 1658 1318 1728 jam
1350 1673 1478 1712 sero
1510 1660 1666 1711 esset
1699 1655 1940 1721 factum,
1967 1654 2106 1726 quia

448 1755 571 1806 erat
584 1765 913 1822 parasceve,
930 1749 1085 1820 quod
1104 1751 1193 1802 est
1209 1751 1343 1802 ante
1367 1743 1866 1822 sabbatum,venit
1886 1744 2102 1814 Joseph

447 1841 517 1895 ab
570 1810 914 1907 hrimathia,
948 1810 1178 1892 .nobilis
1227 1835 1486 1905 decurio,
1537 1833 1634 1905 qui
1689 1810 1772 1888 et.
1812 1833 1937 1906 ipse
1978 1810 2103 1889 erat

445 1931 786 1999 exspectans
832 1941 1080 1997 regnum
1122 1924 1262 1991 Dei;
1324 1927 1381 1978 et
1428 1922 1707 1977 audacter
1755 1920 1980 1976 introiit
2027 1921 2100 1976 ad

443 2020 718 2087 Pilatum,
779 2021 837 2076 et
895 2016 1059 2089 petiit
1114 2032 1327 2088 corpus
1383 2014 1542 2069 Jesu.
1624 2013 1846 2068 Pilatus
1904 2017 2099 2069 autem

445 2109 772 2164 mirabatur
829 2106 878 2162 si
921 2109 1047 2176 jam
1088 2105 1382 2161 obiisset:
1430 2109 1487 2159 et
1544 2103 1823 2159 accersito
1885 2103 2098 2159 Centu-

445 2196 609 2253 rione
653 2195 1034 2267 interrogavit
1089 2211 1223 2250 eum
1284 2194 1333 2249 si
1385 2194 1512 2264 jam
1568 2196 1835 2248 mortuus
1884 2197 2038 2247 esset
2082 2211 2095 2261 ;

444 2292 656 2343 etcum
676 2286 1043 2357 cognovisset
1061 2302 1092 2339 a
1113 2282 1483 2351 Centurione,
1508 2281 1742 2338 donavit
1764 2299 1974 2354 corpus
1999 2282 2096 2339 J0-

445 2377 587 2447 seph
610 2396 636 2428 n
665 2376 848 2448 (Mare.
875 2391 969 2440 xv,
988 2373 1203 2445 42-45).
1229 2373 1416 2428 Lucas
1439 2371 1520 2427 sic
1547 2389 1559 2426 :
1591 2394 1618 2422 ‹‹
1647 2372 1717 2426 Et
1738 2387 1870 2426 ecce
1890 2371 1976 2425 vir
1993 2388 2095 2427 no-

444 2465 604 2521 mine
627 2464 861 2535 Joseph,
894 2463 989 2533 qui
1021 2467 1146 2518 erat
1166 2461 1423 2529 decurio,
1455 2460 1544 2514 vir
1589 2460 1780 2516 bonus
1819 2462 2096 2531 etjustus

439 2554 559 2627 (hic
577 2571 692 2609 non
724 2555 1103 2609 consenserat
1125 2550 1371 2607 consilio
1403 2555 1461 2606 et
1485 2549 1716 2606 actibus
1742 2551 1988 2621 eorum),
2021 2551 2094 2605 ab

1206 361 1311 418 DE
1354 357 1768 418 CONSENSU
1813 356 2566 426 EVANGELISTARUM,
2613 359 2677 419 S.
2724 358 3148 420 AUGUSTINI

3735 359 3876 420 U96

2228 492 2287 547 in
2320 496 2700 549 monumento
2731 493 2944 564 exciso,
2978 493 3038 548 in
3089 509 3204 565 quo
3251 493 3514 549 nondum
3560 493 3869 566 quisquam

2227 581 2458 653 positus
2487 583 2675 638 fuerat
2701 605 2729 633 »
2765 584 2918 655 (Luc.
2945 600 3109 650 xxm,
3139 583 3253 652 53).
3280 583 3356 638 Ex
3378 582 3472 639 his
3501 582 3695 639 tribus
3719 584 3870 640 nulla

2229 673 2474 744 quzestio
2505 672 2895 729 dissensionis
2947 673 3083 729 oriri
3131 677 3322 746 potest
3355 690 3367 727 :
3399 674 3655 729 Joannes
3686 680 3867 731 autem

2228 761 2593 830 sepulturam
2625 763 2874 831 Domini,
2895 779 3009 818 non
3042 780 3075 818 a
3105 761 3228 818 solo
3249 763 3488 834 Joseph,
3509 763 3612 819 sed
3645 781 3679 818 a
3709 763 3865 820 Nico-

2221 851 2396 907 .demo
2427 869 2659 924 quoque
2688 857 2950 908 curatam
2982 852 3165 908 fuisse
3193 857 3634 909 commemorat.
3667 853 3869 910 Conse-

2227 945 2471 1012 quenter
2501 942 2656 997 enim
2709 960 2743 998 a
2772 943 3085 998 Nicodemo
3133 941 3441 1014 incipiens,
3490 943 3572 998 ita
3620 949 3864 999 narrat:

2229 1051 2258 1079 ‹‹
2286 1029 2457 1085 Venit
2480 1035 2675 1088 autem
2699 1037 2754 1087 et
2775 1031 3146 1098 Nicodemus,
3171 1029 3270 1102 qui
3299 1035 3533 1086 venerat
3564 1032 3635 1086 ad
3666 1032 3864 1088 Jesum

2225 1123 2392 1176 nocte
2424 1121 2705 1192 primum,
2741 1122 2934 1177 ferens
2977 1121 3293 1176 mixturam
3344 1122 3593 1193 myrrhas
3625 1126 3684 1177 et
3715 1121 3865 1178 aloes

2223 1209 2396 1280 quasi
2428 1210 2606 1266 libras
2638 1215 2894 1267 centum.
2924 1233 2943 1260 ι
2983 1210 3204 1266 Deinde
3251 1210 3511 1281 sequitur
3540 1211 3865 1283 adjungens

2220 1299 2416 1370 ipsum
2445 1301 2688 1372 Joseph,
2719 1306 2776 1356 et
2815 1301 2955 1356 dicit
2985 1317 3003 1362 :
3037 1322 3064 1352 «ι
3091 1302 3452 1371 Acceperunt
3493 1316 3630 1371 ergo
3657 1317 3865 1372 corpus

2217 1388 2380 1455 Jesu,
2405 1393 2461 1444 et
2485 1389 2813 1461 ligaverunt
2831 1407 2966 1445 eum
2997 1389 3194 1445 linteis
3213 1405 3344 1444 cum
3377 1389 3761 1460 aromatibus,
3787 1389 3865 1446 si-

2219 1482 2319 1532 cut
2343 1495 2469 1534 mos
2499 1478 2719 1535 Judaeis
2744 1484 2833 1535 est
2849 1478 3115 1551 sepelire.
3137 1479 3272 1533 Erat
3300 1482 3496 1534 autem
3527 1478 3586 1534 in
3617 1477 3744 1534 loco
3770 1480 3866 1535 ubi

2219 1567 2530 1623 cruciﬁxus
2578 1574 2687 1637 est,
2721 1568 2967 1637 hortus;
3017 1567 3160 1624 etin
3213 1567 3380 1623 horto
3413 1573 3864 1625 monumentum

2217 1657 2534 1726 novum,in
2568 1674 2682 1730 quo
2715 1659 2976 1714 nondum
2997 1658 3310 1730 quisquam
3335 1657 3562 1728 positus
3594 1663 3758 1714 erat:
3785 1659 3863 1714 ibi

2215 1760 2350 1814 ergo
2383 1751 2617 1817 propter
2635 1764 2982 1818 parasceven
3006 1747 3369 1814 Judaeorum,
3388 1746 3526 1818 quia
3547 1747 3722 1818 juxta
3742 1754 3866 1804 erat

2216 1840 2688 1904 monumentum,
2708 1837 3243 1909 posueruntJesum
3270 1858 3296 1886 »
3320 1838 3497 1906 (Joan.
3519 1853 3635 1903 xix,
3655 1838 3864 1910 39-42).

2212 1923 2412 1994 Neque
2443 1924 2536 1980 hic
2575 1925 2794 1998 aliquid
2847 1933 3136 2000 repugnat
3187 1930 3339 1982 recte
3373 1925 3863 1998 intelligentibus.

2210 2014 2410 2084 Neque
2442 2015 2599 2070 enim
2633 2015 2714 2070 illi
2748 2016 2846 2088 qui
2887 2017 2957 2073 de
3001 2016 3312 2072 Nicodemo
3343 2020 3671 2082 tacuerunt,
3705 2017 3868 2072 afﬁr-

2211 2109 2521 2159 maverunt
2542 2121 2575 2159 a
2591 2103 2715 2160 solo
2733 2105 2949 2177 Joseph
2975 2105 3286 2160 Dominum
3311 2103 3628 2176 sepultum,
3651 2121 3870 2178 quam-

2208 2191 2295 2248 vis
2329 2191 2514 2248 solius
2531 2195 3146 2250 commemorationem
3177 2194 3458 2261 fecerint;
3493 2197 3593 2249 aut
3615 2195 3759 2267 quia
3783 2196 3868 2251 illi

2209 2299 2328 2338 una
2347 2282 2595 2338 sindone
2617 2301 2650 2338 a
2667 2283 2882 2355 Joseph
2904 2283 3228 2340 involutum
3247 2283 3534 2352 dixerunt,
3557 2289 3868 2357 propterea

2210 2371 2638 2444 prohibuerunt
2669 2372 2916 2445 intelligi
2948 2377 3005 2428 et
3025 2373 3141 2428 alia
3170 2372 3348 2427 lintea
3380 2371 3644 2444 potuisse
3666 2373 3867 2430 afferri

2209 2478 2242 2517 a
2271 2462 2585 2517 Nicodemo
2615 2466 2672 2518 et
2694 2463 3030 2534 superandi,
3056 2467 3120 2518 ut
3151 2478 3350 2518 verum
3382 2467 3650 2518 narraret
3678 2463 3863 2520 Joan-

2207 2567 2331 2620 nes,
2364 2552 2520 2622 quod
2555 2568 2668 2607 non
2693 2567 2808 2607 uno
2839 2551 3038 2619 linteo,
3063 2553 3162 2607 sed
3187 2551 3385 2606 linteis
3415 2551 3714 2608 involutus
3742 2553 3859 2610 sit:

2207 2641 2477 2712 quamvis
2507 2645 2564 2696 et
2601 2645 2837 2712 propter
2865 2641 3168 2696 sudarium
3219 2640 3373 2712 quod
3405 2640 3580 2711 capiti
3607 2642 3857 2698 adhibe-

2205 2729 2396 2798 batur,
2428 2733 2482 2784 et
2531 2729 2768 2786 institas
2801 2730 3017 2801 quibus
3065 2747 3277 2802 corpus
3319 2733 3507 2785 totum
3540 2729 3858 2802 alligatum

2203 2825 2310 2886 est,
2335 2819 2474 2890 quia
2491 2820 2689 2874 omnia
2705 2819 2776 2874 de
2795 2819 2914 2876 lino
2936 2824 3124 2890 erant,
3144 2819 3373 2875 etiamsi
3397 2837 3509 2875 una
3531 2819 3750 2876 sindon
3777 2822 3858 2876 ibi

2203 2907 2644 2977 fuit,verissime
2666 2907 2780 2963 dici
2801 2909 3330 2979 potuit,ligaverunt
3351 2925 3472 2965 eum
3495 2909 3702 2965 linteis.
3720 2909 3860 2966 Lin-

2201 3000 2294 3052 tea
2324 2995 2540 3068 quippe
2569 2995 2918 3068 generaliter
2945 2997 3220 3053 dicuntur
3248 3014 3374 3069 quae
3405 2996 3522 3052 lino
3544 3002 3853 3055 texuntur.

2201 3103 2430 3160 CAPUT
2462 3102 2650 3157 XXIV.
2674 3134 2754 3177 7—7—
2782 3105 2855 3160 De
2885 3103 2970 3158 his
2998 3119 3124 3177 qua?
3151 3107 3299 3160 circa
3329 3109 3539 3177 tempus
3568 3119 3857 3161 resurrec-

2271 3178 2437 3230 tionis
2458 3176 2679 3248 Domini
2695 3176 2844 3243 facta
2861 3176 3489 3248 sunt,’quemadmodum
3521 3191 3715 3232 omnes
3737 3195 3856 3235 non

2270 3249 2421 3303 inter
2445 3264 2505 3302 se
2533 3247 2880 3304 dissentiant.

2266 3356 2356 3409 6t.
2391 3354 2664 3426 Sequitur
2690 3353 2999 3410 Matthaeus
3033 3371 3044 3410 :
3082 3378 3102 3404 α
3134 3358 3269 3411 Erat
3315 3359 3509 3412 autem
3542 3355 3622 3411 ibi
3657 3356 3855 3412 Maria

2195 3441 2534 3514 Magdalene
2562 3447 2619 3498 et
2648 3441 2830 3498 altera
2877 3442 3059 3499 Maria
3088 3444 3357 3500 sedentes
3405 3451 3606 3500 contra
3636 3447 3853 3517 sepul-

2194 3548 2357 3587 crum
2391 3554 2420 3582 ››
2451 3532 2663 3600 (Matth.
2716 3548 2887 3599 xxvn,
2918 3532 3031 3603 6t).
3078 3533 3238 3598 Quod
3273 3533 3500 3589 Marcus
3531 3534 3614 3590 ita
3643 3535 3795 3590 dicit
3838 3554 3851 3591 :

428 3623 815 3680 eorumalicui
843 3622 1575 3694 repugnarevideatur.Sed
1597 3620 1810 3693 aliquis
1832 3622 2074 3680 forsitan
2196 3641 2218 3672 ι
2251 3621 2430 3678 Maria
2460 3625 2653 3676 autem
2686 3620 3026 3693 Magdalene
3052 3626 3108 3677 et
3133 3623 3310 3678 Maria
3339 3622 3556 3694 Josepb
3589 3624 3851 3696 aspicie-

423 3719 642 3784 quaarat
670 3713 962 3784 quomodo
988 3729 1021 3767 a
1045 3711 1360 3782 semetipso
1392 3713 1644 3767 Joannes
1667 3712 1790 3783 ipse
1815 3728 1929 3767 non
1954 3713 2072 3769 dis-
2187 3710 2331 3766 bant
2359 3711 2454 3766 ubi
2488 3714 2801 3783 poneretur
2833 3733 2860 3760 n
2892 3711 3078 3783 (Marc.
3105 3728 3196 3782 xv,
3233 3713 3343 3782 47).
3379 3711 3539 3768 Unde
3570 3713 3720 3768 nihil
3747 3730 3857 3770 eos

415 3808 630 3874 crepet,
658 3805 997 3856 contestans
1014 3817 1146 3854 cum
1168 3799 1391 3855 caeteris
1423 3800 1576 3871 quod
1595 3799 1813 3872 Joseph
1840 3801 2074 3872 petierit
2185 3817 2253 3855 ex
2278 3800 2388 3857 hoc
2419 3801 2734 3856 dissentire
2764 3800 3141 3856 manifestum
3174 3807 3281 3857 est.

413 3908 625 3962 corpus
653 3891 816 3956 Jesu,
848 3893 904 3945 et
935 3889 1097 3945 solus
1129 3889 1328 3944 dicens
1368 3889 1521 3960 quod
1558 3888 1828 3944 occultus
1861 3891 2071 3946 fuisset
2253 3890 2344 3946 62.
2378 3889 2651 3960 Sequitur
2683 3888 2994 3945 Matthaeus
3026 3905 3038 3944 :
3075 3913 3101 3940 «
3135 3890 3323 3946 Altera
3353 3894 3546 3946 autem
3573 3891 3686 3958 die,
3715 3909 3851 3964 quae

413 3977 2068 4050 discipulusDominiproptermetumJudaeorum:merito
2181 3983 2272 4034 est
2300 3983 2430 4049 post
2474 3995 2843 4050 parasceven,
2879 3984 3274 4034 convenerunt
3311 3979 3605 4051 principes
3639 3999 3852 4038 sacer-

408 4071 565 4123 enim
599 4073 808 4137 movet,
837 4084 941 4122 cur
971 4066 1065 4122 ille
1094 4067 1193 4138 qui
1229 4071 1466 4139 propter
1501 4066 1769 4122 timorem
1801 4069 2065 4124 occultus
2179 4067 2380 4122 dctum
2413 4072 2467 4124 et
2498 4067 2769 4122 Pharisaei
2812 4067 2883 4122 ad
2917 4067 3190 4136 Pilatum,
3224 4069 3482 4124 dicentes
3515 4086 3527 4123 :
3567 4070 3848 4139 Domine,

410 4155 738 4229 discipulus
768 4161 911 4222 erat,
945 4173 1125 4212 ausus
1157 4158 1233 4212 sit
1264 4162 1460 4226 petere
1489 4172 1702 4227 corpus
1733 4158 1882 4227 ejus,
1909 4160 2063 4230 quod
2178 4157 2463 4212 recordati
2495 4173 2701 4212 sumus
2731 4157 2868 4227 quia
2899 4157 3172 4212 seductor
3219 4157 3315 4212 ille
3348 4157 3484 4212 dixit
3522 4159 3720 4216 adhuc
3753 4161 3848 4216 vi-

409 4246 609 4302 nullus
631 4263 832 4302 eorum
852 4245 951 4316 qui
974 4261 1110 4302 eum
1144 4245 1334 4317 palam
1355 4246 1774 4316 sequebantur,
1801 4247 2060 4303 auderet.
2173 4263 2335 4314 vens,
2372 4252 2505 4303 Post
2530 4253 2647 4303 tres
2681 4248 2806 4302 dies
2839 4264 3138 4318 resurgam
3167 4248 3340 4318 :jube
3373 4265 3507 4321 ergo
3541 4253 3852 4309 custodiri

408 4336 520 4392 Sed
551 4335 1000 4408 intelligendum
1033 4338 1140 4403 est,
1174 4335 1353 4390 istum
1381 4335 1595 4390 ﬁducia
1625 4335 1928 4406 dignitatis
1951 4337 2060 4393 hoc
2171 4336 2510 4408 sepulcrum
2536 4352 2722 4408 usque
2750 4335 2811 4391 in
2829 4336 2982 4392 diem
3003 4337 3239 4392 tertium
3265 4355 3278 4405 ;
3319 4353 3388 4393 ne
3419 4338 3564 4394 forte
3587 4342 3851 4398 veniant

2172 4427 2443 4498 discipuli
2462 4427 2613 4498 ejus,
2639 4430 2694 4481 et
2721 4426 2991 4482 furentur
3007 4441 3163 4494 eum,
3185 4431 3241 4482 et
3273 4426 3662 4500 dicantplebi,
3691 4432 3855 4488 Sur—

2171 4516 2317 4571 rexit
2360 4533 2394 4571 a
2443 4515 2735 4583 mortuis;
2797 4520 2853 4570 et
2901 4515 3010 4570 erit
3058 4517 3413 4572 novissimus
3461 4533 3622 4573 error
3665 4524 3853 4592 pejor

2172 4606 2382 4676 priore.
2420 4605 2508 4661 Ait
2541 4605 2657 4660 illis
2710 4604 2928 4660 Pilatus
2981 4623 2993 4660 :
3051 4606 3288 4662 Habetis
3336 4607 3688 4679 custodiam,
3727 4613 3850 4685 ite,

2171 4695 2459 4750 custodite
2490 4695 2642 4751 sicut
2676 4695 2862 4750 scitis.
2914 4693 3004 4749 llli
3049 4700 3246 4751 autem
3280 4697 3558 4752 abeuntes
3593 4703 3850 4758 munie-

2168 4789 2308 4840 runt
2338 4785 2692 4856 sepulcrum,
2727 4784 3031 4856 signantes
3085 4783 3362 4856 lapidem,
3396 4802 3524 4841 cum
3560 4793 3848 4846 custodi-

2165 4875 2278 4930 bus
2313 4897 2334 4924 »
2377 4875 2604 4947 (Matth.
2654 4891 2825 4940 xxvn,
2881 4875 3094 4943 62-66).
3149 4878 3267 4930 Hoc
3298 4875 3458 4930 solus
3507 4875 3849 4938 Mattbazus

2165 4967 2384 5028 narrat,
2422 4963 2581 5019 nullo
2615 4963 2864 5018 aliorum
2913 4968 3187 5019 narrante
3241 4963 3456 5035 aliquid
3493 4967 3649 5036 quod
3685 4968 3847 5027 huic

2162 5054 2434 5110 videatur
2464 5070 2591 5109 esse
2623 5053 3002 5109 contrarium.

2232 5145 2320 5197 63.
2374 5143 2592 5198 Deinde
2641 5144 2912 5214 sequitur
2957 5143 3109 5198 idem
3161 5142 3483 5212 ltiatthzeus,
3534 5149 3591 5200 et
3621 5147 3783 5205 dicit
3824 5169 3839 5208 :

2163 5256 2189 5283 «
2225 5237 2475 5303 Vespere
2507 5237 2702 5288 autem
2756 5231 3008 5302 sabbati,
3042 5249 3162 5303 qua:
3200 5231 3438 5287 lucescit
3468 5233 3521 5287 in
3558 5235 3841 5306 primam

2159 5322 2385 5377 sabbati
2417 5332 2451 5390 ι,
2485 5321 2640 5378 venit
2658 5321 2838 5377 Maria
2858 5320 3199 5392 Magdalene
3225 5325 3281 5375 et
3311 5320 3490 5378 altera
3522 5322 3714 5382 Maria
3740 5331 3840 5385 vi-

2154 5412 2290 5466 dere
2341 5409 2696 5483 sepulcrum.
2751 5411 2816 5465 Et
2847 5425 2976 5466 ecce
3024 5413 3188 5464 terrze
3241 5414 3433 5466 motus
3483 5410 3672 5470 factus
3733 5426 3840 5477 est

2153 5517 2423 5572 magnus.
2449 5499 2708 5571 Angelus
2727 5498 2882 5556 enim
2899 5497 3129 5554 Domini
3149 5498 3451 5556 descendit
3473 5501 3540 5557 de
3564 5502 3749 5578 coelo,
3773 5517 3840 5568 et

439 2642 766 2698 Arimathia
796 2641 1028 2697 civitate
1067 2640 1302 2707 Judaeze,
1332 2641 1432 2710 qui
1480 2639 1850 2710 exspectabat
1879 2644 1936 2694 et
1968 2639 2095 2710 ipse

440 2748 687 2804 regnum
705 2731 832 2798 Dei;
859 2729 954 2786 hic
977 2729 1224 2785 accessit
1244 2729 1313 2784 ad
1331 2728 1602 2795 Pilatum,
1619 2732 1675 2783 et
1697 2727 1861 2799 petiit
1879 2745 2092 2800 corpus

436 2822 575 2878 Jesu
597 2844 615 2870 ιι
644 2819 1188 2891 (Luc.xxm,50-52).
1207 2818 1463 2874 Joannes
1486 2823 1680 2873 autem
1706 2822 2087 2890 posteaquam

439 2911 695 2967 narravit
719 2911 789 2966 de
811 2909 1082 2966 cruribus
1103 2909 1301 2964 fractis
1331 2924 1532 2964 eorum
1565 2907 1816 2978 quicum
1841 2908 2090 2963 Domino

437 3000 694 3057 cruciﬁxi
715 3005 897 3066 erant,
915 2999 1058 3055 etde
1089 2997 1266 3054 latere
1297 2997 1529 3053 Domini
1565 2996 1763 3052 lancea
1786 3013 2087 3068 percusso,

438 3091 590 3162 quod
623 3095 807 3144 totum
827 3089 989 3144 solus
1017 3088 1181 3154 dixit,
1207 3087 1514 3158 subjungit
1532 3087 1906 3142 consentiens
1929 3092 2090 3143 caste-

437 3182 538 3246 ris,
572 3180 654 3235 ita
684 3194 965 3234 narrans:
989 3182 1115 3232 Post
1147 3178 1265 3233 haec
1293 3186 1475 3232 autem
1500 3178 1710 3246 rogavit
1741 3177 1982 3232 Pilatum
2001 3179 2088 3232 Jo-

433 3270 568 3341 seph
588 3269 654 3324 ab
674 3269 711 3323 A
722 3267 1010 3333 rimathia,
1024 3283 1086 3321 eo
1113 3267 1252 3338 quod
1271 3269 1408 3320 esset
1424 3265 1728 3336 discipulus
1745 3267 1891 3336 Jesu,
1907 3267 2085 3321 occul-

435 3368 523 3414 tus
553 3363 737 3414 autem
753 3367 976 3429 propter
998 3361 1201 3412 metum
1226 3355 1557 3424 Iudaeorum,
1584 3362 1644 3410 ut
1664 3356 1874 3410 tolleret
1894 3373 2086 3428 corpus

433 3450 558 3505 Jesu
587 3467 604 3502 :
636 3452 688 3503 et
716 3448 968 3518 permisit
996 3447 1231 3501 Pilatus.
1281 3447 1447 3500 Venit
1477 3461 1622 3514 ergo,
1655 3449 1705 3500 et
1735 3446 1860 3500 tulit
1888 3461 2081 3516 corpus

430 3536 896 3606 Jesu(.loan.x1x,
919 3535 1028 3603 38).
1055 3538 1116 3588 In
1140 3533 1248 3588 hoc
1275 3532 1421 3587 nihil
1444 3537 1631 3588 exstat
1650 3531 1710 3587 in
1734 3549 1848 3602 quo
1867 3532 2078 3604 aliquis

404 4424 636 4489 fecisse,
662 4442 778 4497 qua
809 4425 1086 4496 praeditus
1110 4428 1336 4495 poterat
1359 4423 1727 4480 familiariter
1747 4424 1964 4482 intrare
1985 4428 2057 4482 ad

403 4513 655 4570 Pilatum
689 4532 701 4570 :
736 4515 795 4569 in
826 4518 1084 4570 extremo
1107 4517 1303 4569 autem
1337 4512 1434 4568 illo
1465 4513 1654 4570 ofﬁcio
1689 4515 1876 4570 funeri
1902 4516 2057 4572 exhi-

399 4602 588 4660 bendo
617 4603 816 4658 minus
839 4619 1076 4658 curasse
1107 4602 1175 4657 de
1196 4602 1436 4669 Judaeis,
1467 4603 1735 4674 quamvis
1763 4603 1975 4661 soleret
1996 4605 2053 4662 in

397 4693 644 4748 Domino
677 4693 968 4749 audiendo
1001 4709 1203 4748 eorum
1236 4691 1579 4748 inimicitias
1611 4692 1888 4749 devitarc.

395 4799 624 4856 CAPUT
654 4800 856 4856 XXIII.
890 4830 959 4840 ——
992 4804 1075 4853 De
1103 4800 1392 4868 sepultura
1422 4800 1562 4868 ejus,
1596 4801 1860 4872 quomodo
1891 4811 1998 4859 tres
2019 4821 2053 4859 a

857 4874 1068 4929 Joanne
1094 4888 1204 4927 non
1233 4872 1586 4928 dissentiant.

444 4963 551 5017 60.
587 4961 865 5033 Sequitur
888 4960 1229 5017 Matthteus:
1258 4962 1374 5016 «Et
1405 4966 1640 5034 accepto
1665 4978 1926 5034 corpore,
1949 4965 2047 5021 Jo-

390 5051 533 5123 sepb
564 5051 808 5106 involvit
838 5050 985 5106 illud
1018 5051 1077 5105 in
1111 5051 1356 5106 sindone
1390 5053 1631 5119 munda,
1666 5056 1721 5106 et
1753 5054 1948 5123 posuit
1979 5055 2048 5109 il-

387 5139 490 5196 Iud
521 5139 582 5195 in
615 5149 996 5197 monumento
1028 5159 1133 5196 suo
1159 5158 1324 5207 novo,
1353 5142 1507 5211 quod
1543 5141 1833 5197 exciderat
1864 5143 1919 5197 in
1947 5160 2048 5215 pe-

389 5234 480 5285 tra
513 5247 527 5285 :
559 5234 618 5285 et
648 5229 902 5285 advolvit
923 5247 1129 5285 saxum
1163 5247 1443 5302 magnum
1471 5231 1542 5284 ad
1575 5230 1794 5286 ostium
1830 5248 2044 5287 monu-

391 5319 595 5387 menti,
631 5323 686 5375 et
716 5319 861 5376 abiit
887 5339 914 5371 »
955 5320 1166 5392 (Matth.
1196 5336 1369 5388 XXVII,
1393 5321 1482 5387 59,
1514 5321 1625 5392 60).
1663 5320 1891 5376 Marcus
1915 5322 1997 5377 sic
2023 5338 2035 5378 :

394 5424 416 5452 π
446 5408 663 5478 Joseph
696 5414 892 5464 autem
945 5413 1238 5465 mercatus
1289 5408 1621 5481 sindonem,
1654 5413 1710 5465 et
1742 5411 2036 5482 deponens

386 5509 521 5550 eum
551 5495 791 5552 involvit
809 5499 1154 5567 sindone,et
1188 5499 1381 5570 posuit
1411 5514 1539 5552 eum
1569 5498 1624 5552 in
1657 5505 2036 5556 monumento

386 5584 542 5653 quod
566 5590 690 5640 erat
711 5586 968 5643 excisum
995 5589 1064 5644 dc
1088 5592 1286 5660 petra;
1321 5592 1378 5643 et
1407 5587 1660 5643 advolvit
1680 5588 1935 5659 lapidem
1961 5591 2030 5645 ad

385 5672 600 5728 ostium
657 5677 1021 5733 monumenti
1070 5701 1099 5728 ››
1149 5682 1345 5746 (Μανε.
1378 5695 1468 5746 xv,
1504 5678 1614 5748 46).
1668 5683 1851 5734 Lucas
1896 5679 2028 5736 sic:

388 5783 413 5816 ι
446 5763 514 5820 Et
547 5764 882 5837 depositum
915 5765 1157 5824 involvit
1190 5768 1247 5822 in
1279 5767 1543 5839 sindone,
1577 5771 1633 5824 et
1662 5769 1862 5840 posuit
1893 5786 2026 5830 eum

2210 5655 2224 5688 ί
2260 5653 2414 5709 Editi,
2438 5653 2488 5700 in
2517 5653 2688 5716 prima
2711 5651 2926 5700 sabbali.
2956 5653 3020 5701 At
3038 5650 3250 5716 optimae
3275 5653 3412 5716 notae
3434 5650 3557 5702 Mss.
3584 5655 3831 5714 Cor-hei-

2141 5718 2301 5772 ensis,
2336 5714 2701 5776 FloriaCensis,
2736 5720 2855 5775 etc.,
2883 5719 3195 5764 constanter
3225 5714 3439 5774 habent,
3469 5716 3522 5764 in
3550 5721 3823 5776 primam_

2140 5779 2315 5831 Codex
2343 5793 2566 5844 graecus,
2599 5781 2670 5832 eis
2698 5779 2855 5830 iniam
2884 5777 3156 5840 sabbatdn,
3179 5779 3228 5828 in
3263 5791 3414 5828 unam
3437 5777 3822 5844 sabbatorum.
