3978 6330
135 323 297 383 1217

129 457 538 514 demonstretur
564 460 632 514 ab
659 460 829 515 initio
857 477 1030 532 usque
1076 461 1150 516 ad
1175 460 1318 516 illud
1341 460 1436 516 ubi
1462 463 1560 528 ait,
1593 459 1661 513 Et
1690 456 1778 511 in-

126 548 483 618 gradiuntur
512 549 949 620 Capharnaum,
980 554 1036 605 et
1083 550 1281 606 statim
1315 549 1575 606 sabbatis
1606 550 1781 604 dooe-

127 638 228 692 bat
259 655 358 692 eos
393 654 404 692 :
439 638 579 708 quod
610 655 736 694 cum
760 641 906 694 Luca
934 639 1088 695 dicit.

198 728 249 780 2.
286 727 376 781 Sic
399 743 531 790 ergo
555 727 762 799 incipit
788 729 1050 785 Marcus:
1077 731 1307 786 Initium
1344 729 1638 800 Evangelii
1656 730 1783 784 Iesu

125 816 335 871 Christi
365 817 500 873 Filii
537 818 648 880 Dei,
680 820 820 872 sicut
840 821 1109 889 scriptum
1137 823 1214 874 est
1244 823 1304 874 in
1325 820 1469 874 Isaia
1498 819 1781 888 prapheta,

119 908 260 975 etc.,
297 922 482 976 usque
514 906 584 960 ad
608 905 749 960 illud
787 907 883 960 ubi
915 907 1016 973 ait,
1039 910 1102 961 Et
1123 909 1518 978 ingrediuntur
1547 908 1783 976 Capharo

115 1011 315 1057 naum,
342 1000 394 1048 et
423 997 608 1049 statim
638 995 881 1050 sabbatis
900 997 1183 1066 ingressus
1200 1013 1537 1068 synagogam
1558 996 1782 1050 docebat

117 1099 209 1138 eos
250 1083 440 1155 (Marc.
467 1101 507 1149 ι,
542 1085 710 1154 1-21).
749 1085 812 1138 In
867 1085 972 1139 hac
1019 1089 1140 1141 tota
1170 1087 1536 1142 contextione
1585 1085 1784 1141 omnia

115 1171 430 1242 superiora
460 1187 592 1227 cum
630 1172 894 1226 Matthan
918 1174 1286 1228 considerata
1317 1178 1456 1229 sunt
1490 1190 1502 1228 :
1538 1173 1644 1228 hoc
1678 1189 1780 1227 au-

113 1267 240 1316 tem
274 1261 505 1316 Marcus
537 1259 678 1332 quia
723 1263 1028 1332 ingressus
1059 1262 1467 1334 Capharnaum
1516 1263 1574 1316 in
1607 1278 1778 1333 syna-

114 1365 333 1422 gogam
365 1366 568 1405 eorum
595 1351 840 1406 docebat
859 1368 958 1406 eos
991 1353 1275 1420 sabbatis,
1296 1369 1428 1406 cum
1466 1356 1614 1406 Luca
1635 1351 1782 1406 dixit

114 1441 275 1505 (Luc.
309 1455 384 1507 IV,
417 1440 504 1507 31)
534 1456 546 1505 ;
582 1440 684 1494 sed
717 1439 862 1494 nihil
892 1440 1067 1495 habet
1097 1442 1459 1510 quaestionis.

113 1543 353 1599 CAPUT
383 1545 452 1598 Il.
490 1574 555 1586 —-
587 1545 660 1598 De
715 1543 936 1599 homine
964 1562 997 1599 a
1026 1562 1130 1616 quo
1176 1548 1407 1615 spiritus
1459 1545 1780 1602 immundus

190 1617 394 1687 ejectus
421 1620 498 1691 est
536 1631 842 1691 convexans
870 1632 1012 1683 eum,
1045 1619 1322 1690 quomodo
1367 1621 1528 1676 Lucae
1557 1621 1653 1691 qui
1681 1625 1780 1673 hoc

187 1704 316 1742 cum
345 1703 405 1743 eo
435 1688 601 1757 dixit,
634 1704 744 1742 non
776 1688 1069 1759 repugnet.

192 1795 252 1848 3.
285 1794 567 1865 Sequitur
598 1793 850 1862 Marcus,
896 1799 953 1850 et
982 1796 1124 1851 dicit
1151 1813 1164 1851 :
1198 1798 1264 1851 Et
1292 1799 1590 1869 stupebant
1618 1813 1781 1866 super

114 1883 378 1942 doctrina
409 1882 526 1954 ejus
555 1901 573 1937 :
603 1887 719 1938 erat
747 1885 898 1938 enim
916 1884 1114 1940 docens
1140 1901 1227 1940 eos
1257 1889 1426 1956 quasi
1451 1891 1779 1958 potestatem

115 1972 345 2036 habens,
362 1975 412 2025 et
433 1987 543 2027 non
565 1973 708 2026 sicut
731 1972 957 2029 Scribze.
991 1975 1052 2029 Et
1067 1979 1185 2029 erat
1202 1977 1263 2029 in
1290 1991 1568 2045 synagoga
1591 1992 1779 2030 eorum

117 2061 286 2117 homo
316 2061 378 2115 in
404 2062 605 2131 spiritu
621 2062 921 2129 immundo,
946 2066 995 2117 et
1013 2064 1372 2124 exclamavit.
1395 2064 1577 2119 dicens
1602 2081 1614 2118 :
1637 2064 1778 2132 Quid

115 2149 280 2204 nobis
308 2153 359 2204 et
375 2151 500 2214 tibi,
520 2151 647 2205 Iesu
677 2152 1004 2207 Nazarene?
1032 2153 1229 2206 venisti
1246 2153 1471 2224 perdere
1496 2170 1616 2220 nos,
1640 2159 1776 2218 etc.,

119 2253 316 2308 usque
345 2238 413 2291 ad
459 2253 593 2292 eum
647 2237 839 2294 locum
873 2239 970 2294 ubi
1004 2239 1103 2305 ait,
1136 2243 1196 2294 Et
1226 2250 1346 2296 erat
1371 2242 1682 2312 praedicans
1717 2245 1778 2295 in

122 2327 422 2397 synagogis
455 2342 663 2395 eorum,
685 2331 734 2381 et
765 2329 822 2382 in
854 2331 1006 2382 omni
1034 2330 1287 2394 Galilwa.
1309 2334 1357 2385 et
1386 2331 1663 2386 immania
1683 2332 1779 2401 eji-

118 2417 280 2471 ciens
310 2415 494 2485 (Marc.
529 2432 570 2482 ι,
608 2417 822 2486 22-39).
857 2421 924 2472 Et
953 2418 1011 2471 in
1060 2417 1170 2473 hoc
1201 2423 1322 2474 toto
1354 2419 1477 2474 loco
1509 2422 1777 2490 quamvis

119 2505 248 2560 sint
277 2505 566 2575 quaedam,
593 2521 721 2576 qua;
751 2522 885 2560 eum
911 2506 1034 2562 solo
1058 2507 1213 2563 Luca
1243 2508 1405 2577 dixit,
1440 2510 1773 2580 tamenjam

118 2597 374 2648 tractata
403 2597 711 2655 sunt,cum
737 2594 991 2649 Matthrei
1013 2596 1410 2652 narrationem
1435 2599 1775 2654 continuam

113 2685 495 2748 teneremus;
529 2681 668 2752 quia
694 2681 751 2735 in
772 2681 966 2752 ipsum
987 2683 1253 2738 ordinem
1273 2684 1356 2739 sic
1387 2685 1772 2754 incurrerent,

115 2775 183 2823 ut
217 2785 285 2822 ea
316 2768 813 2839 praetermittenda
846 2787 958 2825 non
983 2773 1316 2827 arbitrarer.
1351 2774 1461 2828 Sed
1497 2775 1681 2829 Lucas
1704 2777 1774 2830 de

113 2857 332 2930 spiritu
364 2857 671 2914 immundo
721 2859 805 2914 ait
835 2861 990 2930 quod
1041 2860 1123 2915 sic
1155 2862 1360 2918 exierit
1410 2863 1481 2917 ab
1513 2862 1771 2930 homine,

112 2951 182 3002 ut
217 2945 366 3001 nihil
414 2945 465 3002 ei
515 2952 749 3002 noceret
781 2967 793 3004 :
828 2952 1054 3004 Marcus
1103 2953 1320 3014 autem,
1355 2953 1417 3005 Et
1458 2951 1772 3023 discerpens

113 3051 268 3103 eum,
302 3035 514 3107 inquit,
538 3038 770 3108 spiritus
790 3039 1128 3106 immundus,
1147 3039 1468 3095 exclamans
1499 3058 1628 3096 voce
1647 3059 1770 3097 ma-

112 3141 250 3197 gna,
306 3126 420 3180 exit
465 3125 541 3180 ab
584 3141 666 3180 eo.
717 3131 915 3182 Potest
968 3144 1104 3201 ergo
1152 3128 1332 3184 videri
1363 3130 1716 3186 contrarium
1753 3149 1765 3186 :

115 3214 415 3285 quomodo
444 3214 601 3268 enim
643 3215 968 3287 discerpens,
1001 3216 1108 3281 vel,
1141 3217 1295 3272 sicut
1327 3217 1508 3290 aliqui
1541 3220 1768 3276 codices

117 3303 356 3372 habent,
388 3317 696 3358 convexans
725 3319 870 3371 eum,
905 3305 996 3359 cui
1032 3305 1177 3360 nihil
1210 3307 1410 3361 nocuit
1441 3309 1768 3364 secundum

113 3391 334 3446 Lucam
357 3390 386 3445 ?
413 3393 519 3446 Sed
556 3398 611 3447 et
640 3393 766 3465 ipse
789 3394 1067 3461 Lucas,Et
1095 3411 1218 3449 cum
1248 3397 1556 3467 profecisset
1582 3399 1764 3465 illum,

110 3480 330 3551 inquit,
362 3480 691 3536 daemonium
716 3484 777 3536 in
806 3482 1066 3550 medium,
1090 3485 1229 3538 exiit
1258 3486 1326 3539 ab
1349 3484 1472 3552 illo,
1504 3485 1769 3556 nihilque

109 3571 164 3624 ei
193 3571 385 3624 nocuit
410 3573 559 3637 (Luc.
593 3587 670 3636 ιν,
699 3571 914 3641 33-35).
951 3571 1110 3627 Unde
1160 3574 1512 3646 intelligitur
1539 3576 1644 3631 hoc
1675 3577 1768 3631 di-

107 3659 269 3713 xisse
301 3659 585 3722 Marcum,
633 3676 942 3716 convexans
989 3677 1133 3728 eum,
1167 3664 1320 3734 quod
1373 3665 1557 3718 Lucas
1598 3665 1766 3734 dixit,

106 3763 236 3802 cum
263 3748 577 3818 projecisset
621 3765 748 3804 eum
798 3752 857 3805 in
901 3750 1147 3805 medium
1179 3769 1197 3804 :
1233 3757 1295 3805 ut
1339 3753 1492 3823 quod
1527 3759 1766 3810 secutus

108 3837 212 3904 ait,
246 3837 496 3908 nihilque
543 3839 600 3892 ei
645 3841 855 3903 nocuit,
905 3839 1011 3894 hoc
1061 3839 1446 3911 intelligatur,
1495 3843 1635 3912 quia
1666 3843 1766 3899 illa

99 3925 351 3993 jactatio
383 3927 781 3980 membrorum
815 3932 990 3997 atque
1026 3928 1252 3983 vexatio
1285 3946 1396 3984 non
1430 3946 1563 3985 eum
1597 3931 1762 3986 debi-

109 4013 320 4078 litavit,
354 4012 502 4068 sicut
548 4015 740 4068 solent
769 4015 922 4070 exire
969 4016 1277 4082 daemonia,
1311 4019 1486 4073 etiam
1517 4020 1761 4090 quibus-

108 4103 248 4156 dam
284 4103 564 4157 membris
595 4109 790 4158 amota
818 4106 1120 4160 vexatione
1146 4105 1306 4161 elisis
1331 4111 1369 4162 ¹.

107 4215 342 4272 CAPUT
374 4215 468 4270 Ill.
506 4247 570 4256 —
603 4217 674 4272 De
721 4219 943 4273 nomine
969 4219 1140 4283 Petri,
1188 4219 1448 4290 quomodo
1477 4223 1644 4276 etiam
1673 4231 1757 4276 at-

180 4289 474 4365 queetiam
505 4290 929 4365 commendetur,
955 4307 1062 4345 non
1085 4289 1390 4362 repugnare
1417 4295 1637 4360 Ioanni,
1662 4296 1760 4365 qui

181 4362 326 4414 dixit
351 4363 574 4430 quando
603 4363 702 4417 hoc
729 4379 926 4418 nomen
957 4367 1184 4434 accepit.

176 4465 230 4526 4,
266 4465 545 4536 Sequitur
593 4466 746 4536 idem
796 4467 1026 4524 Marcus
1061 4484 1074 4524 :
1112 4474 1176 4525 Et
1221 4473 1366 4525 venit
1413 4471 1483 4525 ad
1519 4488 1645 4527 eum
1676 4474 1754 4528 le-

97 4569 294 4624 prosus
341 4554 638 4622 deprecans
683 4572 831 4623 eum,
865 4567 915 4612 et
961 4574 1105 4628 genu
1134 4560 1274 4625 ﬂexo
1322 4561 1466 4614 dixit
1494 4578 1512 4615 :
1539 4563 1601 4614 Si
1651 4565 1752 4631 vis,

94 4646 253 4711 potes
283 4658 375 4696 me
418 4643 703 4712 mundare,
736 4650 869 4715 etc.,
903 4663 1092 4717 usque
1139 4649 1209 4702 ad
1244 4648 1387 4702 illud
1425 4650 1521 4704 ubi
1556 4652 1658 4716 ait,
1692 4654 1755 4706 Et

97 4732 414 4787 clamabant
459 4733 698 4788 dicentes
726 4751 744 4788 :
777 4735 848 4789 Tu
877 4751 934 4791 es
961 4737 1112 4805 ﬁlius
1167 4740 1288 4792 Dei.
1323 4739 1384 4792 Et
1414 4739 1754 4796 vehementer

97 4821 543 4877 comminabatur
580 4825 661 4877 eis
705 4839 776 4878 ne
817 4828 1233 4897 manifestareat
1285 4829 1445 4882 illum
1475 4833 1675 4894 (.tlarc.
1710 4847 1748 4896 ι,

99 4910 206 4977 40;
245 4926 326 4974 ιη,
363 4911 467 4980 12).
503 4910 649 4966 Huic
699 4913 852 4984 quod
889 4913 1165 4969 ultimum
1221 4918 1526 4986 posuimus
1559 4919 1750 4974 simile

98 4997 325 5069 aliquid
357 5003 414 5054 et
446 5000 630 5056 Lucas
653 5001 814 5067 dicit,
840 5003 941 5058 sed
975 5005 1102 5059 sine
1123 5005 1321 5077 aliqua
1351 5009 1747 5078 repugnantia:

97 5086 420 5156 quastione
450 5088 602 5160 (Luc.
635 5106 711 5158 ιν,
760 5090 871 5162 41).
923 5091 1202 5163 Sequitur
1250 5095 1479 5149 Marcus
1513 5112 1525 5150 :
1560 5097 1621 5149 Et
1651 5113 1745 5151 as-

95 5175 328 5230 cendens
375 5177 435 5230 in
481 5185 721 5233 montem
767 5182 976 5234 vocavit
1023 5181 1093 5236 ad
1122 5198 1182 5236 se
1227 5199 1362 5254 quos
1409 5186 1582 5239 voluit
1611 5190 1744 5256 ipse,

94 5267 143 5316 et
171 5268 442 5318 venerunt
469 5266 539 5320 ad
567 5283 694 5322 eum
726 5285 744 5322 :
774 5275 830 5322 et
856 5268 994 5340 fecit
1024 5277 1081 5323 ut
1110 5282 1285 5326 essent
1313 5272 1593 5327 duodecim
1623 5291 1747 5329 cum

93 5353 211 5423 illo,
260 5357 310 5407 et
366 5362 427 5409 ut
479 5358 724 5411 mitteret
774 5373 864 5412 eos
917 5359 1264 5429 praedicare,-
1317 5370 1370 5416 et
1424 5363 1571 5416 dedit
1629 5364 1746 5418 illis

83 5445 403 5510 potestatem
448 5446 685 5501 curandi
732 5447 1104 5517 inﬁrmitates,
1139 5453 1188 5503 et
1238 5451 1496 5518 ejiciendi
1537 5453 1740 5509 damo-

87 5532 209 5586 nia.
251 5532 314 5586 Et
345 5533 606 5604 imposuit
653 5535 870 5590 Simoni
916 5551 1112 5591 nomen
1140 5538 1354 5605 Petrus,
1389 5543 1520 5608 etc.,
1556 5557 1742 5612 usque

86 5656 178 5767 tm“
196 5658 346 5770 Missi:
366 5666 591 5724 septem,
644 5662 887 5714 membris
938 5666 1216 5728 amputatis
1261 5673 1351 5716 aut
1392 5668 1594 5717 evulsis.
1620 5669 1736 5732 Alii,

207 5735 233 5770 e
256 5735 300 5769 ts
351 5756 364 5770 .

207 5735 364 5771 ειιειε.

1510 321 1741 384 LIBER
1785 318 2178 390 QUARTUS.

3399 331 3558 392 1918

1895 454 1966 508 ad
1998 453 2142 510 illud
2180 457 2276 512 ubi
2309 457 2410 525 ait,
2444 461 2511 514 Et
2551 460 2713 525 abiit,
2745 464 2796 515 et
2825 462 2981 531 erepit
3009 462 3329 531 prazdicare
3357 467 3416 520 in
3446 469 3552 522 De-

1896 545 2076 608 capoli
2104 549 2313 617 quanta
2338 549 2450 602 sibi
2466 550 2682 618 fecisset
2708 549 2882 618 Iesus,
2903 558 2956 604 et
2984 566 3170 606 omnes
3198 554 3554 612 mirabantur

1895 634 2079 702 (Marc.
2118 651 2179 688 ui
2209 653 2223 703 ;
2258 654 2307 700 v,
2341 639 2450 705 20).
2484 638 2562 692 De
2599 637 2937 694 nominibus
2968 641 3394 712 discipulorum
3421 647 3544 716 jam

1895 728 1952 776 et
1980 729 2151 778 antea
2180 742 2272 779 me
2314 725 2572 782 locutum
2606 727 2745 792 scio,
2782 743 2915 782 cum
2971 729 3221 784 Matthaai
3275 750 3551 804 sequerer

1892 811 2152 867 ordinem
2205 814 2428 884 (Supra,
2465 815 2560 868 lib.
2595 816 2648 883 2,
2681 832 2731 870 c.
2769 817 2832 869 17
2865 822 2920 871 et
2947 818 3037 884 53)
3067 861 3079 884 ,
3129 823 3185 874 et
3216 819 3310 876 hic
3341 840 3549 880 rursus

1893 900 2198 969 admoneo,
2217 919 2287 956 ne
2308 903 2620 974 quisquam
2655 909 2816 974 putet
2838 922 2990 959 nunc
3009 908 3306 979 accepisse
3333 927 3548 968 nomen

1891 988 2210 1056 Simonem,
2250 997 2309 1046 ut
2359 996 2566 1046 Petrus
2619 1000 2942 1062 vocaretur,
2978 1000 3034 1048 et
3063 995 3139 1050 sit
3187 1001 3547 1056 contrarium

1890 1076 2100 1132 Joanni
2132 1078 2231 1149 qui
2280 1079 2450 1151 longe
2491 1086 2626 1135 ante
2660 1081 2741 1135 illi
2777 1083 2996 1137 dictum
3030 1100 3158 1139 esse
3189 1103 3548 1145 commemo-

1892 1173 2002 1236 rat,
2038 1168 2108 1222 Tu
2147 1170 2420 1223 vocaberis
2472 1170 2692 1240 Cephas,
2739 1172 2879 1243 quod
2925 1175 3317 1244 interpretatur
3343 1179 3547 1235 Petrus

1892 1254 2069 1326 (Ioan.
2100 1274 2137 1325 1,
2172 1258 2261 1328 42)
2296 1275 2307 1311 :
2341 1257 2469 1329 ipsa
2499 1260 2654 1314 enim
2674 1260 2846 1314 verba
2879 1262 3545 1324 Dominicommcmora-

1891 1347 1994 1411 vit,
2025 1345 2238 1415 quibus
2269 1347 2318 1402 ei
2353 1365 2565 1403 nomen
2599 1349 2919 1419 imposuit;
2954 1355 3182 1408 Marcus
3212 1362 3407 1410 autem
3433 1357 3540 1413 hoc

1891 1433 2016 1490 loco
2045 1436 2100 1488 id
2134 1435 2576 1506 recapitulando
2624 1441 3127 1508 commemoravit,
3162 1457 3294 1498 cum
3345 1445 3443 1513 ait,
3477 1447 3542 1502 Et

1893 1525 2148 1594 imposuit
2180 1525 2390 1580 Simoni
2412 1542 2610 1582 nomen
2633 1529 2846 1581 Petrus.
2872 1530 3017 1584 Cum
3048 1530 3204 1586 enim
3235 1532 3408 1588 vellet
3439 1553 3540 1591 no-

1892 1613 2053 1668 mina
2074 1615 2381 1668 duodecim
2405 1616 2818 1686 Apostolorum
2840 1633 3204 1690 enumerare,
3228 1627 3283 1676 et
3305 1639 3543 1680 necesse

1889 1699 2129 1756 haberet
2177 1703 2408 1757 Petrum
2467 1704 2679 1768 dicere,
2714 1705 2964 1760 breviter
3011 1707 3310 1764 insinuare
3359 1711 3542 1768 voluit

1890 1791 2044 1861 quod
2077 1807 2191 1845 non
2225 1791 2331 1846 hoc
2355 1796 2527 1846 antea
2558 1798 2882 1860 vocaretur,
2909 1796 3007 1849 sed
3041 1795 3149 1851 hoc
3179 1797 3229 1852 ei
3254 1799 3537 1856 Dominus

1891 1896 2100 1934 nomen
2137 1880 2502 1952 imposuerit,
2539 1897 2650 1937 non
2686 1887 2846 1948 tunc,
2880 1885 2980 1938 sed
3014 1886 3249 1956 quando
3280 1890 3539 1946 Joannes

1888 1969 2017 2039 ipsa
2047 1969 2221 2024 verba
2275 1970 2498 2024 Domini
2549 1970 2762 2041 posuit.
2818 1976 3035 2028 Caetera
3066 1973 3208 2028 nihil
3264 1977 3535 2044 cuiquam

1887 2064 2237 2128 repugnant,
2271 2063 2327 2114 et
2355 2059 2670 2130 anteajam
2695 2065 2984 2131 pertracta
3013 2068 3168 2120 sunt.

1887 2183 2113 2259 CAPUT
2147 2183 2237 2237 IV.
2275 2215 2341 2222 —
2374 2183 2521 2252 Quod
2550 2184 2713 2250 dixit,
2748 2186 2975 2248 Quanto
3010 2188 3197 2257 magis
3228 2189 3314 2243 eis
3337 2191 3537 2259 prisci-

1958 2255 2268 2333 piebat.ut
2316 2261 2592 2322 tacerent,
2642 2262 2804 2333 tanto
2847 2261 3032 2333 magis
3067 2255 3196 2329 plus
3241 2255 3535 2333 dicebant,

1959 2326 2226 2405 quomodo
2257 2343 2364 2381 non
2399 2331 2658 2405 repugnet
2689 2326 3078 2399 praescierint?!
3095 2333 3285 2402 ipsius,
3319 2350 3443 2405 quae
3476 2326 3536 2389 in

1957 2401 2249 2470 Evangelia
2271 2400 2702 2455 commendatur.

1956 2516 2009 2572 5.
2044 2515 2322 2586 Sequitur
2355 2517 2582 2570 Marcus
2620 2533 2632 2570 :
2667 2517 2729 2570 Et
2759 2532 2885 2571 cum
2932 2519 3356 2576 transcendisset
3383 2523 3536 2577 Iesus

1888 2607 1948 2658 in
1975 2606 2107 2660 navi
2134 2621 2324 2658 rursus
2353 2613 2511 2659 trans
2535 2606 2764 2673 fretum,
2796 2609 3050 2661 convenit
3079 2609 3236 2663 turba
3266 2611 3438 2665 multa
3460 2611 3537 2666 ad

1843 2727 1846 2730 η
1886 2692 2072 2758 illum,
2107 2698 2158 2748 et
2189 2701 2311 2748 erat
2339 2695 2487 2748 circa
2538 2710 2713 2759 mare,
2747 2699 2880 2764 etc.,
2915 2712 3102 2766 usque
3150 2697 3220 2751 ad
3257 2697 3398 2753 illud
3435 2700 3533 2754 ubi

1884 2781 1987 2844 ait,
2020 2784 2084 2836 Et
2107 2785 2480 2836 convenientes
2501 2783 2740 2851 Apostoli
2760 2783 2828 2836 ad
2855 2785 3057 2852 Iesum,
3079 2788 3536 2843 renuntiaverunt

1884 2872 1972 2925 illi
2006 2873 2200 2926 omnia
2227 2887 2347 2941 qum
2395 2879 2619 2940 egerunt
2665 2876 2714 2926 et
2761 2871 3060 2926 docuerant
3110 2874 3294 2940 (Marc.
3323 2892 3375 2940 ν,
3419 2877 3531 2943 21;

1879 2977 1954 3029 νι,
1986 2961 2095 3026 30).
2120 2960 2235 3014 Hoc
2265 2960 2537 3013 ultimum
2562 2960 2706 3013 dixit
2736 2976 2867 3014 cum
2896 2961 3071 3027 Luca,
3093 2961 3272 3016 nihilo
3303 2963 3533 3018 discor-

1881 3049 2028 3102 dans
2059 3049 2209 3119 (Luc.
2239 3065 2316 3112 1x,
2351 3049 2436 3117 10)
2469 3064 2483 3102 :
2521 3055 2725 3102 caetera
2765 3049 2890 3117 jam
2924 3055 3056 3103 ante
3088 3054 3338 3106 tractata
3369 3058 3526 3108 sunt.

1880 3138 2156 3208 Sequitur
2207 3138 2433 3192 Marcus
2470 3153 2482 3191 :
2516 3138 2580 3191 Et
2625 3138 2710 3192 ait
2760 3136 2881 3191 illis
2915 3156 2931 3191 :
2965 3139 3138 3193 venite
3177 3155 3420 3194 seorsum
3469 3144 3531 3196 in

1879 3227 2148 3281 desertum
2181 3227 2378 3292 locum,
2411 3231 2462 3281 et
2491 3227 2814 3296 requiescite
2857 3227 3143 3296 pusillum,
3175 3233 3307 3293 etc.,
3342 3247 3530 3302 usque

1879 3318 1948 3369 ad
1984 3316 2127 3369 illud
2164 3315 2261 3370 ubi
2292 3315 2390 3379 ait,
2427 3317 2637 3383 Quanto
2666 3321 2849 3369 autem
2870 3318 2948 3370 eis
2975 3317 3354 3386 praecipiebat,
3377 3322 3530 3375 tanto

1876 3407 2053 3476 magis
2084 3409 2201 3475 plus
2222 3405 2618 3474 prazdicabant,
2641 3414 2692 3459 et
2723 3420 2780 3458 eo
2811 3406 3054 3475 amplius
3075 3405 3526 3475 admirabantur,

1877 3495 2112 3550 dicentes
2143 3513 2161 3549 :
2195 3498 2336 3549 Bene
2360 3497 2546 3549 omnia
2574 3496 2701 3563 fecit
2721 3510 2740 3553 ,ο
2771 3498 2822 3547 et
2849 3493 3043 3548 surdos
3071 3495 3203 3564 fecit
3235 3496 3455 3560 aiu‘lire,
3477 3501 3529 3552 et

1875 3586 2051 3638 mutos
2081 3585 2232 3654 loqui
2271 3584 2458 3650 (Marc.
2490 3599 2565 3648 vr,
2598 3584 2689 3646 31,
2721 3599 2820 3649 νιι,
2852 3584 2962 3651 37).
2989 3582 3050 3636 In
3083 3583 3175 3637 his
3207 3601 3340 3639 cum
3376 3586 3528 3641 Luca

1878 3673 2109 3728 Marcus
2142 3673 2286 3726 nihil
2318 3681 2405 3726 est
2435 3671 2590 3743 quod
2641 3687 2966 3742 repugnare
2997 3671 3262 3726 videatur
3293 3689 3306 3728 :
3341 3679 3397 3727 et
3426 3691 3524 3729 su-

1875 3763 2105 3832 periora
2153 3761 2350 3816 omnia
2390 3762 2513 3830 jam
2565 3761 3085 3824 consideravimus,
3137 3762 3373 3830 quando
3426 3780 3526 3818 eos

1876 3850 2147 3905 Matthaio
2179 3850 2647 3905 conferebamus.
2681 3849 2788 3902 Sed
2815 3848 3136 3902 cavendum
3169 3855 3256 3902 est
3287 3867 3358 3905 ne
3389 3851 3520 3921 qui-

1873 3955 2082 4008 squam
2116 3939 2451 4005 arbitretur,
2477 3938 2585 3992 hoc
2614 3937 2765 4007 quod
2791 3938 2848 3990 in
2875 3937 3081 3992 ultimo
3113 3954 3181 3992 ex
3208 3939 3518 4010 Evangelio

1872 4028 2050 4083 Marci
2089 4027 2276 4096 posui,
2301 4043 2624 4098 repugnare
2653 4026 2929 4080 omnibus
2948 4026 3044 4096 qui
3069 4041 3202 4080 eum
3238 4027 3369 4082 aliis
3391 4029 3518 4098 ejus

1871 4117 2165 4188 plerisque
2195 4117 2364 4170 factis
2393 4122 2448 4170 et
2470 4114 2642 4170 dictis
2674 4115 2990 4170 ostendunt
3012 4115 3194 4170 scisse
3225 4117 3360 4187 quid
3385 4134 3518 4188 age-

1870 4213 2031 4261 retur
2057 4207 2114 4260 in
2150 4206 2510 4274 hominibus,
2553 4205 2608 4258 id
2646 4210 2754 4269 est,
2785 4204 2941 4274 quod
2982 4220 3114 4258 eum
3141 4205 3517 4275 cogitationes

1867 4300 1923 4350 et
1968 4295 2297 4350 voluntates
2347 4309 2549 4348 eorum
2598 4292 2775 4347 latere
2826 4308 2939 4346 non
2993 4297 3262 4362 poterant
3305 4311 3318 4348 :
3362 4296 3516 4350 sicut

1866 4385 2239 4455 apertissime
2287 4383 2545 4437 Joannes
2593 4382 2754 4446 dicit,
2807 4383 2925 4450 Ipse
2967 4385 3148 4435 autem
3195 4387 3355 4438 Iesus
3405 4401 3513 4438 non

1865 4473 2110 4527 credebat
2137 4475 2490 4541 semetipsum
2531 4473 2638 4534 eis,
2680 4486 2738 4524 eo
2768 4470 2907 4540 quod
2939 4471 3050 4538 ipse
3100 4475 3276 4524 nosset
3307 4487 3510 4542 omnes,

1860 4567 1910 4617 et
1935 4565 2067 4632 quia
2097 4577 2226 4632 Opus
2254 4562 2306 4615 ei
2336 4575 2442 4614 non
2473 4565 2589 4614 erat
2621 4563 2680 4613 ut
2713 4561 2836 4629 quis
2863 4562 3232 4614 testimonium
3260 4561 3512 4630 perhibe-

1859 4658 1941 4707 ret
1970 4654 2034 4707 de
2062 4652 2279 4708 homine
2305 4669 2324 4706 :
2348 4655 2462 4720 ipse
2490 4652 2639 4705 enim
2662 4653 2866 4704 sciebat
2887 4650 3019 4720 quid
3039 4659 3176 4704 esset
3208 4651 3265 4704 in
3297 4651 3514 4708 homine

1862 4745 2034 4808 (Ioan.
2068 4759 2130 4812 ιι,
2161 4741 2365 4808 2-1-25).
2398 4740 2508 4793 Sed
2543 4737 2682 4808 quid
2727 4737 2942 4792 mirum
2975 4738 3023 4792 si
3056 4746 3370 4808 przeseutcs
3404 4739 3509 4795 ho-

1861 4833 2089 4885 minum
2141 4831 2471 4884 voluntates
2520 4827 2771 4892 Videbat,
2822 4827 2920 4898 qui
2969 4830 3145 4882 etiam
3206 4828 3506 4884 futuram‘

1861 4925 2028 4976 Petro
2059 4917 2489 4992 praenuntiavit,
2512 4932 2682 4987 quam
2711 4920 2848 4968 tunc
2872 4915 3074 4985 utique
3091 4933 3202 4970 non
3235 4917 3508 4985 habebat,

1859 5011 2094 5081 quando
2128 5027 2228 5080 pro
2262 5006 2362 5062 illo
2393 5005 2481 5061 vel
2516 5023 2646 5060 cum
2679 5002 2778 5060 illo
2800 5010 3068 5072 paratum
3103 5022 3162 5059 se
3198 5007 3343 5062 mori
3370 5025 3508 5079 pra:-

1857 5100 2129 5156 sumebat
2175 5097 2389 5156 (Matth.
2425 5112 2576 5158 xxvx,
2619 5093 2860 5164 33-35)?
2909 5094 3040 5158 Qua:
3073 5111 3205 5149 cum
3251 5095 3333 5150 ita
3365 5097 3502 5165 sint,

1857 5189 2152 5261 quomodo
2186 5187 2318 5240 huic
2369 5188 2496 5254 ejus
2542 5189 2713 5237 tanta:
2747 5185 2996 5238 scientiae
3040 5189 3096 5237 et
3128 5185 3502 5254 praescientiie

1856 5259 1969 5334 non
2003 5282 2091 5332 est
2123 5259 2475 5331 cbntrarium
2509 5275 2660 5345 quod
2696 5274 2924 5328 Marcus
2956 5272 3116 5340 dicit,
3141 5275 3404 5343 Praecepit
3436 5276 3505 5329 il«

1856 5369 1924 5423 lis
1942 5370 2112 5423 necui
2128 5366 2371 5420 dicerent
2393 5381 2408 5416 :
2427 5370 2626 5434 quanto
2656 5366 2839 5417 autem
2860 5363 2937 5417 eis
2956 5361 3330 5432 prwcipiebat,
3347 5366 3501 5420 tanto

1854 5459 2032 5526 magis
2050 5457 2177 5527 plus
2195 5451 2676 5526 pr.'edicabant?Si
2691 5452 2847 5506 enim
2863 5451 3085 5506 sciebat
3105 5448 3384 5517 eos,sicut
3404 5451 3503 5508 ille

1853 5549 1950 5620 qui
1985 5551 2155 5602 notas
2179 5543 2427 5598 habebat
2448 5548 2504 5596 et
2523 5546 2836 5612 pressantes
2865 5547 2919 5595 et
2940 5541 3167 5594 futuras
3190 5539 3498 5596 hominum

1919 5676 1930 5706 ¹
1965 5672 2098 5721 Editi
2125 5673 2360 5734 futuram
2393 5666 2732 5734 negationem.
2774 5667 2837 5734 At
2867 5665 2990 5712 Mss.
3018 5677 3130 5734 non
3156 5663 3385 5734 addunt,
3410 5679 3499 5716 ne-

1846 5728 2133 5799 gationem,
2160 5733 2314 5796 cujus
2346 5728 2470 5781 loco
2493 5731 2921 5781 subaudiendum
2953 5733 3049 5788 est,
3084 5728 3432 5778 voluntatem.
