3978 6362
422 346 577 407 1219

417 481 771 550 voluntates,
804 481 970 535 tanto
1000 476 1190 550 magis
1219 475 1660 549 pradicaturos,
1694 474 1911 545 quanto
1940 485 2069 524 ma-

416 571 507 644 gis
558 587 628 626 ne
678 566 1193 641 praedicarenteis
1239 565 1650 637 priscipiebat;
1702 560 1911 633 utquid
1960 559 2071 614 hoc

417 658 837 733 praecipiebat?
883 657 1005 712 Nisi
1039 656 1176 728 quia
1230 654 1407 726 pigris
1464 654 1693 709 volebat
1741 650 2067 718 ostendere,

417 754 637 821 quanto
670 748 972 803 studiosus
995 750 1335 817 quantoque
1360 744 1674 799 ferventius
1697 758 1827 796 eum
1860 739 2067 812 praedi-

419 856 551 895 care
586 838 853 904 debeant,
890 836 1108 907 quibus
1150 834 1321 905 jubet
1354 838 1417 887 ut
1464 833 1803 903 praedicent,
1836 829 2070 902 quando

421 929 507 985 illi
537 928 637 1000 qui
671 926 1155 999 prohibebantur,
1187 930 1377 979 tacere
1409 940 1524 977 non
1554 925 1837 993 poterant.

420 1070 653 1127 CAPUT
684 1068 750 1124 V.
784 1099 851 1109 —-
884 1070 955 1123 De
985 1083 1088 1138 quo
1118 1068 1381 1137 suggessit
1428 1068 1677 1131 Joannes,
1712 1061 1851 1138 quod
1884 1062 1939 1138 in
1970 1076 2074 1138 no-

490 1145 638 1197 mine
667 1143 783 1212 ejus
814 1134 1031 1212 ejiceret
1060 1134 1333 1193 daemonia
1362 1154 1472 1192 non
1499 1134 2072 1212 sociatusdiscipulis,

489 1220 541 1270 et
570 1208 735 1283 dixit,
768 1208 956 1266 Nolite
1007 1212 1308 1282 prohibere
1339 1227 1435 1265 eos
1475 1226 1487 1263 :
1524 1209 1621 1283 qui
1673 1208 1824 1261 enim
1874 1210 2074 1283 contra

490 1303 594 1341 vos
627 1280 740 1339 non
773 1289 880 1350 est,
904 1280 1020 1355 pro'
1038 1283 1197 1337 vobis
1230 1287 1355 1348 est;
1387 1281 1650 1352 quomodo
1672 1296 1781 1333 non
1810 1280 2076 1355 repugnet

491 1357 593 1414 illi
624 1351 918 1413 sententiae
941 1357 1038 1411 ubi
1068 1357 1165 1422 ait,
1190 1356 1298 1418 Qui
1324 1351 1440 1408 non
1469 1360 1557 1408 est
1589 1368 1839 1415 mecum,
1874 1351 2073 1404 adver-

496 1446 599 1485 sus
632 1445 725 1483 me
757 1431 866 1483 est.

492 1556 547 1609 6.
581 1554 850 1624 Sequitur
872 1552 1101 1607 Marcus
1135 1569 1148 1607 :
1183 1574 1210 1601 ‹‹
1237 1550 1299 1605 In
1321 1549 1440 1605 illis
1469 1549 1677 1605 diebus
1707 1548 1919 1604 iterum
1941 1563 2074 1601 cum

420 1645 596 1700 turba
627 1644 814 1698 multa
846 1646 1001 1697 esset
1024 1644 1064 1709 ¹,
1099 1657 1204 1695 nec
1255 1641 1537 1694 haberent
1565 1639 1718 1709 quod
1754 1638 2078 1693 manduca-

422 1739 573 1803 rent,
606 1751 631 1783 η
671 1736 807 1799 etc.,
834 1747 1022 1802 usque
1054 1731 1123 1784 ad
1158 1729 1313 1784 illud'
1336 1730 1430 1783 ubi
1458 1730 1563 1796 ait,
1596 1751 1622 1776 «
1649 1728 1970 1797 Respondit
1993 1726 2080 1785 illi

418 1823 677 1878 Joannes
729 1821 977 1875 dicens:
1015 1819 1313 1891 Magister,
1364 1817 1621 1872 vidimus
1671 1817 1983 1888 quemdam
2021 1818 2079 1871 in

422 1912 662 1968 nomine
687 1914 787 1965 tuo
825 1910 1155 1980 ejicientem
1188 1908 1501 1975 daemonia,
1534 1907 1635 1978 qui
1666 1923 1780 1961 non
1815 1907 2083 1977 sequitur

424 2003 755 2071 nobiscum,
787 2004 845 2055 et
874 1998 1285 2071 prohibuimus
1322 2014 1479 2053 eum.
1511 1998 1682 2053 Jesus
1713 2002 1909 2053 autem
1942 1998 2023 2051 ait
2059 2016 2076 2054 ι

423 2091 611 2148 Nolite
658 2090 964 2162 prohibere
1012 2105 1146 2144 eum
1181 2105 1193 2143 :
1230 2105 1399 2144 nemo
1450 2090 1538 2142 est
1566 2087 1721 2142 enim
1773 2086 1871 2157 qui
1904 2087 2079 2142 faciat

422 2180 699 2236 virtutem
734 2179 791 2233 in
824 2179 1059 2234 nomine
1092 2194 1242 2248 meo,
1277 2182 1335 2232 et
1376 2176 1561 2248 possit
1588 2177 1703 2232 cito
1737 2176 1886 2231 male
1917 2174 2076 2248 loqui

424 2272 494 2325 de
526 2286 657 2335 me;
693 2269 794 2340 qui
826 2268 983 2324 enim
1016 2284 1130 2323 non
1164 2272 1256 2322 est
1286 2268 1593 2321 adversum
1624 2283 1746 2331 vos,
1781 2283 1883 2336 pro
1915 2266 2078 2321 vobis

423 2364 515 2415 est
546 2381 573 2408 ››
607 2358 974 2427 (Marc.vm,t
1006 2374 1019 2423 ;
1053 2373 1131 2424 Ix,
1152 2358 1261 2427 30).
1290 2356 1405 2410 Hoc
1438 2356 1622 2409 Lucas
1654 2354 1926 2409 similiter
1945 2372 2076 2409 nar-

424 2452 517 2503 rat
547 2447 698 2517 (Luc.
726 2464 805 2513 ιχ,
829 2447 917 2511 49,
948 2445 1061 2515 50),
1093 2444 1206 2500 nisi
1239 2446 1390 2515 quod
1428 2444 1553 2515 ipse
1584 2460 1699 2497 non
1733 2444 1892 2511 dicit,
1920 2467 1944 2492 ‹‹
1966 2444 2075 2498 Ne-

424 2553 519 2592 mo
550 2540 638 2591 est
667 2536 822 2591 enim
858 2534 958 2605 qui
988 2534 1158 2588 faciat
1184 2533 1457 2588 virtutem
1492 2534 1548 2587 in
1582 2532 1817 2587 nomine
1848 2550 1996 2599 meo,
2021 2538 2077 2588 et

423 2626 609 2697 possit
639 2625 749 2680 cito
783 2623 936 2679 male
967 2623 1126 2694 loqui
1161 2624 1231 2677 de
1266 2638 1354 2677 me
1389 2638 1401 2676 :
1441 2644 1468 2670 »
1501 2621 1664 2676 nulla
1695 2626 1785 2676 est
1814 2638 1949 2693 ergo
1982 2622 2074 2676 in-

422 2720 511 2770 ter
542 2731 640 2769 eos
689 2712 933 2784 quaestio
982 2713 1332 2783 cujusquam
1388 2711 1805 2782 repugnantia}.
1858 2712 1965 2765 Sed
1994 2710 2073 2766 vi-

423 2802 681 2857 dendum
716 2806 803 2856 est
834 2817 905 2855 ne
935 2799 1045 2854 hoc
1098 2799 1179 2853 illi
1215 2798 1518 2853 sententia)
1553 2797 1781 2852 Domini
1838 2802 2079 2869 putetur

425 2890 782 2946 contrarium
817 2890 913 2944 ubi
948 2890 1046 2955 ait,
1074 2890 1179 2957 Qui
1206 2905 1416 2942 meeum
1450 2904 1555 2943 non
1587 2891 1685 2953 est,
1708 2888 1966 2943 adversus
1994 2904 2079 2942 me

422 2985 501 3036 est
519 2998 540 3043 ,'
569 2990 621 3036 et
645 2981 737 3052 qui
765 2996 979 3034 mecum
998 2996 1108 3034 non
1139 2979 1376 3047 colligit,
1397 2978 1609 3047 spargit
1632 2978 1839 3048 (Matth.
1864 2994 1964 3042 χιι,
1985 2979 2074 3045 30,

421 3080 471 3126 et
488 3072 619 3125 Luc.
642 3087 720 3137 x1,
743 3068 852 3136 23).
878 3068 1178 3132 Quomodo
1202 3067 1357 3121 enim
1385 3068 1490 3121 iste
1514 3083 1628 3121 non
1653 3072 1776 3121 erat
1794 3067 2078 3124 adversus

420 3176 577 3229 eum,
597 3159 694 3230 qui
713 3174 846 3213 cum
863 3157 961 3212 illo
982 3174 1094 3212 non
1119 3161 1263 3225 erat,
1281 3156 1351 3210 de
1375 3173 1490 3227 quo
1511 3156 1767 3211 Joannes
1782 3160 2079 3229 suggessit

420 3250 575 3319 quod
591 3264 725 3303 cum
744 3246 860 3301 illis
874 3262 1009 3301 eum
1030 3262 1143 3299 non
1166 3246 1599 3316 sequebatur,si
1616 3246 1894 3300 adversus
1910 3246 2077 3301 illum

418 3342 509 3394 est
540 3339 637 3409 qui
661 3354 774 3392 non
794 3342 1032 3391 estcum
1056 3334 1202 3390 illo?
1233 3340 1332 3389 aut
1362 3334 1410 3389 si
1445 3334 1908 3390 adversusillum
1932 3342 2074 3403 erat,

419 3428 713 3498 quomodo
738 3426 881 3481 dicit
903 3424 1231 3496 discipulis,
1258 3425 1440 3479 Nolite
1462 3424 1793 3494 prohibere:
1814 3428 1909 3495 qui
1929 3429 2077 3481 enim

415 3533 529 3569 non
560 3520 645 3570 est
672 3515 931 3570 adversus
964 3530 1071 3581 vos,
1102 3530 1206 3585 pro
1235 3514 1383 3569 vobis
1403 3518 1518 3569 est?
1549 3520 1634 3567 An
1658 3514 1766 3569 hoc
1794 3515 2075 3571 interesse

416 3604 635 3676 aliquis
668 3604 838 3671 dicet,
873 3604 1011 3674 quia
1037 3602 1131 3658 hic
1153 3602 1457 3674 discipulis
1490 3603 1588 3673 ait,
1624 3604 1857 3671 Quinon
1881 3608 1957 3659 est
1982 3606 2077 3660 ad-

416 3710 608 3750 versus
628 3710 739 3761 vos,
762 3709 860 3765 pro
885 3692 1033 3748 vobis
1064 3697 1142 3747 est
1163 3709 1183 3753 ,’
1218 3691 1293 3747 ibi
1320 3696 1515 3746 autem
1537 3692 1606 3746 de
1625 3693 1817 3765 seipso
1841 3692 2072 3749 locutus

417 3788 524 3851 est,
561 3784 667 3851 Qui
693 3799 903 3838 mecum
934 3798 1042 3837 non
1073 3784 1168 3847 est,
1194 3781 1452 3836 adversus
1481 3797 1567 3835 me
1590 3786 1667 3836 est
1686 3782 1713 3836 ?
1742 3783 1917 3848 Quasi
1941 3801 2072 3839 vero

418 3872 605 3944 possit
624 3890 756 3928 cum
781 3872 879 3927 illo
905 3888 1015 3926 non
1041 3887 1168 3926 esse
1190 3873 1287 3942 qui
1307 3870 1612 3942 discipulis
1636 3872 1762 3941 ejus
1787 3876 2069 3943 tanquam

416 3961 698 4017 membris
712 3962 841 4031 ejus
855 3959 1399 4031 sociaturzalioquin
1416 3961 1923 4030 quomodoverum
1941 3964 2069 4034 erit,

419 4052 526 4119 Qui
553 4067 647 4106 vos
676 4052 895 4121 recipit,
918 4066 1003 4104 me
1026 4051 1224 4119 recipit
1255 4050 1464 4117 (Matth.
1490 4066 1546 4114 x,
1578 4051 1664 4119 40)
1694 4067 1706 4116 ;
1739 4055 1814 4119 et,
1851 4052 2073 4118 Quando

414 4142 517 4195 uni
531 4156 600 4195 ea:
615 4141 864 4195 minimis
883 4141 1014 4194 meis
1032 4139 1261 4210 fecistis,
1282 4140 1425 4193 mihi
1442 4140 1652 4208 fecistis
1675 4140 1781 4209 (Id.
1807 4157 1935 4206 xxv,
1957 4144 2075 4212 40)?

416 4233 517 4284 aut
547 4233 736 4301 potest
762 4229 935 4284 etiam
971 4245 1083 4283 non
1120 4244 1248 4283 esse
1282 4228 1563 4282 adversus
1594 4243 1751 4297 eum,
1777 4230 1877 4300 qui
1903 4230 2076 4287 fuerit

416 4319 697 4374 adversus
724 4316 1044 4390 discipulos
1063 4316 1229 4386 ejus?
1248 4315 1389 4371 Nam
1418 4316 1513 4370 ubi
1539 4316 1649 4370 erit
1672 4316 1836 4383 illud,
1856 4322 1969 4389 Qui
1988 4337 2077 4376 vos

414 4410 647 4480 spernit,
670 4425 758 4463 me
775 4409 986 4479 spernit
1007 4410 1155 4475 (Luc.
1180 4423 1236 4472 x,
1268 4405 1350 4458 iGl
1376 4422 1387 4471 ;
1412 4410 1487 4470 et,
1512 4406 1743 4475 Quando
1764 4410 1864 4462 uni
1884 4425 1952 4464 ea:
1977 4412 2077 4467 mi-

415 4499 590 4554 nimis
611 4500 748 4553 meis
763 4514 874 4553 non
889 4498 1113 4568 fecistis,
1131 4510 1305 4565 neque
1326 4494 1466 4548 mihi
1483 4496 1695 4564 fecistis
1716 4497 1925 4567 (Matth.
1943 4516 2075 4567 xxv,

418 4589 505 4659 45)
533 4606 545 4655 ;
573 4592 648 4652 et,
674 4587 859 4652 Saule,
886 4586 1071 4652 Saule,
1096 4584 1227 4656 quid
1248 4599 1334 4638 me
1352 4587 1690 4655 persequeris
1714 4586 1843 4656 (Aet.
1870 4605 1947 4656 ιιι,
1974 4590 2026 4660 4)
2051 4591 2077 4645 ?

418 4694 550 4732 cum
566 4676 885 4748 discipulos
899 4678 1026 4746 ejus
1043 4673 1528 4746 persequeretur?
1544 4675 1649 4730 Sed
1666 4676 1948 4733 nimirum
1967 4678 2075 4735 hoc

415 4766 541 4821 vult
570 4765 841 4837 intelligi,
866 4765 925 4821 in
950 4769 1179 4820 tantum
1214 4778 1346 4817 cum
1374 4762 1472 4817 illo
1501 4780 1615 4819 non
1645 4779 1773 4820 esse
1795 4766 2073 4837 aliquem,

417 4857 475 4912 in
496 4862 783 4927 quantum
802 4860 892 4911 est
908 4851 1457 4921 adversusillum;et
1473 4853 1529 4907 in
1544 4858 1773 4909 tantum
1794 4857 2075 4915 adversus

414 4946 581 5001 illum
607 4963 722 5002 non
745 4944 957 5013 esse,in
985 4952 1262 5015 quantum
1278 4958 1409 4995 cum
1428 4941 1524 4997 illo
1548 4948 1655 4998 est.
1673 4946 2075 5019 Exempligra-

414 5038 517 5107 tia,
538 5036 692 5091 sicut
723 5036 833 5091 iste
863 5034 987 5106 ipse
1006 5033 1106 5105 qui
1140 5032 1195 5087 in
1223 5031 1459 5087 nomine
1490 5033 1703 5088 Christi
1730 5034 1974 5093 virtutes
1998 5040 2073 5094 fa-

418 5127 606 5182 ciebat
635 5130 693 5182 et
724 5125 782 5179 in
807 5124 1084 5181 societate
1104 5120 1530 5193 discipulorum
1556 5122 1767 5178 Christi
1793 5143 1903 5181 non
1929 5134 2070 5199 erat,

417 5216 475 5272 in
510 5220 797 5289 quantum
822 5214 1166 5287 operabatur
1187 5211 1427 5267 virtutes
1461 5211 1516 5266 in
1550 5211 1708 5268 illius
1732 5218 1986 5283 nomine,
2014 5219 2071 5273 in

416 5311 649 5362 tantum
682 5323 816 5362 cum
842 5305 987 5377 ipsis
1017 5308 1159 5373 erat,
1184 5306 1239 5358 et
1272 5302 1553 5357 adversus
1576 5318 1673 5357 eos
1695 5320 1811 5359 non
1835 5313 1989 5366 erat:
2014 5309 2072 5363 in

418 5402 705 5467 quantum
727 5413 861 5452 vero
883 5411 1080 5451 eorum
1095 5391 1358 5448 societati
1381 5408 1495 5447 non
1512 5392 1929 5465 adhaerebat,in
1951 5403 2074 5453 tan-

419 5489 545 5541 tum
580 5503 711 5541 cum
744 5486 890 5558 ipsis
923 5504 1036 5541 non
1069 5487 1212 5553 erat,
1244 5486 1299 5539 et
1331 5482 1609 5538 adversus
1656 5500 1755 5539 eos
1787 5492 1927 5542 erat.
1964 5491 2070 5545 Sed

423 5576 562 5646 quia
582 5576 663 5630 illi
694 5576 799 5630 hoc
816 5594 949 5632 eum
966 5577 1155 5631 facere
1177 5572 1616 5646 prohibuerant,
1634 5573 1692 5627 in
1707 5590 1821 5645 quo
1838 5592 1968 5632 cum
1992 5578 2073 5652 ip-

488 5704 503 5736 ί
539 5702 599 5750 In
629 5701 785 5751 editis
831 5702 1146 5763 addebatur,
1200 5713 1311 5749 cum
1356 5698 1473 5748 Jesu
1507 5712 1519 5747 :
1552 5699 1695 5761 quod
1744 5714 1773 5749 a
1802 5701 1926 5753 Mss.
1960 5709 2011 5757 et
2045 5721 2075 5758 a

422 5766 585 5816 sacris
612 5765 795 5816 Bibliis
824 5766 988 5815 abest.
1731 5766 1738 5773 ‘

1152 340 1255 401 DE
1298 339 1711 403 CONSENSU
1758 330 2503 413 EVANGELISTARUM,
2552 338 2614 397 S.
2664 338 3092 401 AUGUSTINI

3676 340 3706 398 1
3717 341 3838 401 220

2180 468 2264 525 sis
2293 473 2436 542 erat,
2470 470 2620 529 dixit
2660 473 2745 530 eis
2792 472 3099 543 Dominus,
3131 473 3314 530 Nolite
3338 472 3649 544 prohibere.
3683 473 3838 532 Illud

2177 559 2333 613 enim
2366 560 2677 631 prohibere
2711 563 3060 633 debuerunt,
3103 564 3257 633 quod
3291 566 3454 618 extra
3481 578 3683 618 eorum
3717 569 3841 621 erat

2181 648 2542 718 societatem,
2566 656 2629 706 ut
2661 651 2743 706 illi
2769 652 3049 707 unitatem
3072 650 3336 707 Ecclesia
3359 652 3701 721 suaderent;
3724 670 3837 709 non

2179 737 2323 793 illud
2344 739 2402 794 in
2424 756 2538 811 quo
2560 758 2688 796 cum
2717 741 2836 798 illis
2863 746 3008 811 erat,
3028 757 3243 796 nomen
3262 740 3485 797 scilicet
3505 742 3763 814 Magistri
3784 750 3839 802 et

2184 830 2411 884 Domini
2430 848 2629 887 eorum
2651 832 2710 886 in
2731 832 3151 887 daemoniorum
3170 832 3514 904 expulsione
3534 849 3834 889 commen-

2184 918 2351 974 dans.
2383 920 2542 975 Sicut
2573 921 2856 977 catholica
2880 920 3136 977 Ecclesia
3165 920 3322 988 facit,
3354 938 3468 975 non
3492 922 3836 994 improbans

2186 1008 2240 1063 in
2258 1009 2546 1065 haereticis
2564 1012 2939 1067 Sacramenta
2958 1010 3321 1077 communia;
3344 1010 3401 1065 in
3426 1010 3517 1065 his
3538 1011 3691 1067 enim
3718 1028 3840 1067 mo-

2186 1098 2411 1153 hiscum
2436 1105 2595 1165 sunt,
2623 1106 2679 1156 et
2708 1102 2989 1157 adversus
3014 1117 3119 1156 nos
3138 1117 3252 1155 non
3286 1105 3461 1155 sunt:
3488 1101 3587 1156 sed
3612 1100 3835 1173 impro-

2185 1187 2285 1242 bat
2314 1193 2371 1243 et
2393 1189 2661 1259 prohibet
2679 1190 3023 1246 divisionem
3052 1205 3116 1244 ac
3149 1188 3598 1260 separationem,
3623 1190 3713 1245 vel
3739 1189 3842 1245 ali-

2186 1292 2361 1346 quam
2388 1279 2688 1333 adversam
2718 1278 2845 1350 paci
2863 1278 3206 1349 veritatique
3236 1279 3619 1345 sententiam;
3646 1279 3703 1333 in
3734 1278 3842 1334 hoc

2186 1365 2341 1419 enim
2374 1366 2652 1422 adversus
2684 1384 2789 1423 nos
2812 1372 2970 1435 sunt,
2996 1368 3136 1439 quia
3167 1367 3226 1421 in
3258 1366 3367 1422 hoc
3389 1367 3694 1423 nobiscum
3723 1385 3842 1423 non

2187 1462 2344 1527 sunt,
2378 1462 2434 1512 ct
2465 1457 2772 1513 nobiscum
2807 1475 2921 1514 non
2955 1457 3261 1529 colligunt,
3286 1460 3341 1512 et
3370 1455 3497 1512 ideo
3526 1462 3839 1530 spargunt.

2188 1599 2420 1655 CAPUT
2452 1600 2539 1656 Vl.
2574 1630 2641 1641 --
2672 1601 2821 1669 Quod
2844 1603 2906 1655 in
2927 1602 3203 1656 occasione
3227 1598 3391 1667 hujus
3420 1601 3516 1669 qui
3536 1602 3595 1654 in
3616 1602 3847 1655 nomine

2263 1671 2468 1727 Christi
2497 1674 2752 1742 ejiciebat
2783 1674 3093 1737 daemonia,
3117 1674 3369 1742 quamvis
3397 1688 3517 1726 cum
3549 1673 3841 1742 discipulis

2261 1759 2371 1797 non
2399 1754 2737 1814 sequeretur,
2785 1750 3007 1800 Marcus
3055 1744 3297 1814 amplius
3326 1759 3490 1813 quam
3530 1748 3706 1799 Lucas
3738 1746 3841 1799 Do-

2262 1818 2476 1869 minum
2504 1816 2716 1871 dixisse
2762 1819 3047 1884 narravit,
3099 1814 3364 1886 quomodo
3409 1816 3736 1870 ostendatur
3767 1816 3842 1871 ad

2263 1888 2361 1943 hoc
2392 1890 2570 1956 ipsum
2602 1890 2884 1953 pertinere
2908 1888 3048 1959 quod
3074 1887 3240 1944 illum
3272 1889 3332 1941 in
3362 1889 3579 1943 nomine
3606 1904 3704 1943 suo
3726 1890 3840 1942 vir-

2262 1962 2430 2015 tutem
2464 1963 2630 2015 vetuit
2657 1960 2960 2032 prohiberi.

2260 2087 2314 2139 7.
2347 2087 2621 2157 Sequitur
2650 2086 2883 2142 Marcus
2905 2090 2961 2142 et
2981 2086 3122 2142 dicit
3153 2102 3166 2141 :
3203 2107 3231 2136 ‹‹
3262 2085 3535 2156 Quisquis
3558 2083 3712 2139 enim
3741 2100 3843 2155 po-

2190 2179 2310 2229 tum
2345 2177 2567 2231 dederit
2614 2177 2778 2230 vobis
2829 2175 3066 2231 calicem
3100 2192 3264 2247 aqua:
3314 2176 3371 2230 in
3402 2174 3638 2230 nomine
3686 2190 3843 2243 meo,

2189 2265 2328 2336 quia
2358 2265 2569 2321 Christi
2592 2266 2932 2335 estis,amen
2966 2265 3093 2321 dico
3124 2266 3438 2329 vobis,non
3467 2263 3666 2336 perdet
3688 2278 3843 2318 mer-

2187 2355 2388 2408 cedem
2424 2372 2612 2409 suam.
2648 2356 2715 2409 Et
2746 2354 3017 2425 quisquis
3049 2352 3529 2409 scandalizaverit
3557 2368 3741 2407 unum
3775 2366 3841 2407 ex

2186 2443 2280 2497 his
2316 2443 2546 2515 pusillis
2578 2445 2951 2499 credentibus
2984 2443 3043 2497 in
3067 2459 3181 2509 me,
3205 2442 3426 2497 bonum
3459 2446 3549 2496 est
3578 2441 3627 2495 ei
3650 2440 3839 2512 magis

2186 2533 2233 2587 si
2269 2532 2731 2588 circumdaretur
2748 2532 2901 2588 mola
2929 2533 3185 2588 asinaria
3203 2531 3347 2587 collo
3369 2532 3520 2602 ejus,
3543 2534 3599 2585 et
3631 2529 3689 2584 in
3714 2546 3839 2585 ma-

2186 2639 2247 2678 re
2278 2623 2625 2677 mitteretur.
2680 2623 2744 2677 Et
2774 2622 2822 2677 si
2855 2621 3335 2677 scandalizaverit
3380 2626 3436 2676 te
3468 2636 3679 2675 manus
3712 2623 3835 2686 tua,

2187 2714 2424 2767 abscide
2454 2713 2612 2767 illam
2647 2729 2659 2767 ε
2696 2713 2915 2767 bonum
2948 2716 3036 2767 est
3085 2712 3190 2766 tibi
3220 2710 3470 2767 debilem
3504 2708 3745 2764 introire
3775 2710 3833 2763 in

2186 2803 2391 2868 vitam,
2425 2819 2602 2873 quam
2636 2802 2785 2857 duas
2816 2818 3028 2857 manus
3057 2801 3369 2856 habentem
3415 2800 3498 2854 ire
3530 2799 3585 2853 in
3618 2798 3835 2870 gehen-

2188 2910 2333 2960 nam,
2359 2894 2417 2948 in
2451 2894 2644 2966 ignem
2672 2892 3211 2963 inexstinguibilem
3234 2909 3246 2947 :
3268 2891 3367 2947 ubi
3396 2890 3610 2946 vermis
3632 2905 3833 2945 eorum

2190 2999 2304 3037 non
2328 2982 2664 3047 moritur,et
2694 2981 2847 3052 ignis
2866 2997 2979 3035 non
3001 2978 3411 3049 exstinguitur,
3442 3000 3469 3026 »
3492 2982 3625 3042 etc.,
3649 2990 3839 3047 usque

2192 3073 2261 3126 ad
2294 3070 2439 3125 illud
2473 3071 2571 3125 ubi
2604 3071 2704 3139 ait,
2742 3093 2761 3119 ι
2790 3069 3007 3124 Habete
3030 3069 3088 3123 in
3118 3068 3283 3122 vobis
3316 3066 3519 3131 salem,
3553 3069 3610 3120 et
3635 3080 3837 3137 pacem

2190 3161 2401 3217 habete
2432 3162 2583 3216 inter
2629 3178 2731 3216 vos
2766 3183 2791 3209 ››
2826 3161 3020 3231 (Marc.
3054 3176 3131 3228 ιιι,
3165 3157 3379 3229 40-49).
3429 3157 3559 3211 Haec
3606 3150 3841 3209 Marcus

2190 3251 2501 3306 Dominum
2521 3249 2802 3320 locutum,
2824 3254 3203 3321 posteaquam
3225 3246 3392 3302 illum
3410 3244 3509 3318 qui
3532 3244 3589 3299 in
3605 3244 3842 3299 nomine

2187 3342 2315 3409 ejus
2346 3340 2614 3411 ejiciebat
2645 3338 2928 3394 daemonia
2968 3342 3023 3393 et
3054 3353 3187 3392 cum
3221 3334 3519 3407 discipulis
3554 3350 3665 3389 non
3701 3349 3837 3388 eum

2187 3432 2563 3500 sequebatur,
2596 3428 2779 3485 vetuit
2804 3427 3121 3499 prohiberi,
3148 3425 3459 3481 contextim
3490 3438 3842 3479 commemo-

2187 3525 2302 3585 rat;
2328 3519 2762 3590 aliquaponens
2782 3535 2908 3589 quae
2930 3516 3130 3572 nullus
3158 3515 3307 3571 alius
3324 3512 3833 3585 Evangelistarum

2185 3608 2400 3679 posuit,
2424 3607 2620 3678 aliqua
2642 3624 2774 3662 vero
2807 3623 2932 3677 quae
2952 3604 3259 3660 Matthsaus
3279 3618 3508 3674 quoque
3540 3601 3753 3674 posuit,
3779 3605 3836 3655 et

2184 3698 2382 3768 aliqua
2412 3697 2614 3751 itidem
2648 3713 2770 3766 quas
2803 3702 2858 3751 et
2906 3694 3214 3750 Matthzeus
3263 3699 3320 3747 et
3351 3692 3529 3747 Lucas
3564 3707 3575 3746 :
3611 3691 3711 3746 sed
3745 3689 3832 3743 illi

2183 3804 2249 3842 ex
2282 3786 2413 3841 aliis
2440 3786 2866 3855 occasionibus,
2895 3790 2951 3840 et
2973 3784 3085 3839 alio
3110 3800 3302 3839 rerum
3332 3782 3555 3843 ordine,
3581 3796 3693 3834 non
3721 3778 3830 3833 hoc

2182 3875 2308 3930 loco
2340 3875 2437 3929 ubi
2472 3876 2540 3929 de
2570 3874 2669 3929 illo
2701 3878 3040 3945 suggestum
3083 3877 3190 3938 est,
3228 3871 3327 3942 qui
3360 3886 3492 3926 cum
3528 3866 3833 3939 discipulis

2185 3963 2396 4021 Christi
2441 3981 2553 4019 non
2586 3980 2719 4019 eum
2767 3963 3139 4033 sequebatur,
3174 3966 3230 4015 et
3278 3958 3564 4015 daemonia
3612 3957 3671 4011 in
3703 3958 3832 4027 ejus

2186 4054 2423 4108 nomine
2445 4052 2736 4125 ejiciebat.
2762 4052 2925 4106 Unde
2948 4051 3089 4105 mihi
3116 4050 3349 4104 videtur
3379 4048 3552 4103 etiam
3575 4046 3683 4101 hoc
3708 4045 3833 4101 loco

2185 4143 2469 4198 Dominus
2502 4143 2822 4198 secundum
2874 4139 3049 4196 Marci
3080 4141 3255 4194 fidem
3307 4139 3434 4192 ideo
3465 4136 3681 4191 dixisse
3706 4152 3832 4206 qua}

2187 4232 2317 4287 aliis
2336 4232 2511 4287 etiam
2530 4231 2671 4287 locis
2694 4230 2859 4298 dixit,
2880 4230 3018 4301 quia
3040 4228 3182 4284 satis
3203 4227 3567 4299 pertinebant
3587 4225 3657 4279 ad
3681 4223 3833 4279 hanc

2186 4321 2375 4393 ipsam
2397 4323 2525 4391 ejus
2544 4320 2918 4387 sententiam,
2936 4335 3051 4390 qua
3072 4317 3254 4373 vetuit
3276 4315 3564 4389 prohiberi
3588 4314 3833 4368 virtutes

2186 4410 2243 4465 in
2280 4411 2515 4466 nomine
2536 4428 2641 4466 suo
2667 4410 2809 4476 ﬁeri,
2828 4408 3000 4463 etiam
3025 4409 3095 4463 ab
3132 4406 3228 4462 illo
3249 4405 3505 4476 quicum
3529 4401 3834 4474 discipulis

2188 4518 2319 4556 eum
2354 4517 2468 4555 non
2501 4499 2877 4569 sequebatur.
2910 4498 3004 4552 Sic
3035 4496 3190 4551 enim
3225 4492 3478 4550 contexit
3511 4511 3523 4549 :
3559 4493 3663 4559 Qui
3684 4491 3830 4546 enim

2185 4598 2396 4646 nonest
2426 4589 2711 4644 aduersum
2732 4603 2842 4655 vos,
2868 4602 2965 4658 pro
2981 4586 3129 4642 vobis
3151 4592 3232 4640 est
3260 4601 3277 4638 :
3309 4583 3551 4655 quisquis
3571 4582 3717 4635 enim
3733 4596 3832 4650 po—

2187 4686 2299 4735 tum
2332 4680 2543 4734 dederit
2574 4678 2722 4735 vobis
2752 4678 2979 4731 calicem
3009 4690 3169 4747 aqua:
3200 4676 3257 4729 in
3287 4674 3508 4728 nomine
3536 4686 3672 4738 meo,
3706 4672 3833 4739 quia

2187 4770 2388 4825 Christi
2435 4771 2585 4838 estis,
2618 4783 2775 4822 amen
2809 4766 2925 4821 dico
2960 4768 3129 4832 vobis,
3164 4780 3273 4820 non
3316 4760 3506 4834 perdet
3537 4760 3829 4815 mercedem

2182 4878 2367 4916 suam.
2386 4859 2547 4915 Unde
2562 4857 2817 4913 ostendit
2836 4855 3013 4910 etiam
3037 4854 3202 4909 illum
3220 4854 3289 4908 de
3303 4868 3414 4923 quo
3427 4850 3683 4906 Joannes
3701 4863 3829 4919 sug-

2184 4954 2465 5023 gesserat,
2490 4952 2547 5003 et
2575 4948 2731 5001 unde
2764 4946 2875 5001 iste
2906 4947 3033 5016 ejus
3058 4960 3249 4999 sermo
3281 4944 3512 4997 exortus
3541 4942 3651 5009 est,
3676 4936 3827 5009 quod

2184 5058 2296 5095 non
2318 5040 2399 5094 ita
2421 5037 2806 5109 separabatur
2824 5052 2856 5090 a
2878 5035 3154 5090 societate
3173 5030 3687 5103 discipulorum,ut
3704 5042 3825 5082 eam

2183 5134 2466 5201 tanquam
2490 5127 2792 5187 haereticus
2817 5126 3206 5197 improbaret:
3229 5122 3326 5178 sed
3348 5121 3499 5176 sicut
3519 5117 3709 5173 solent
3728 5117 3829 5171 ho-

2186 5218 2371 5273 mines
2392 5215 2542 5270 nond
2557 5231 2652 5269 um
2668 5214 2880 5269 audere
2894 5212 3109 5268 Christi
3127 5210 3422 5281 suscipere
3438 5209 3825 5275 Sacramenta,

2185 5313 2237 5364 et
2270 5312 2464 5362 tamen
2498 5304 2721 5359 nomini
2752 5304 2939 5359 favere
2968 5301 3311 5366 christiano,
3337 5299 3418 5354 ita
3441 5301 3504 5352 ut
3550 5294 3825 5350 Christia-

2185 5415 2291 5454 nos
2324 5396 2498 5452 etiam
2533 5393 2880 5465 suscipiant,
2906 5397 2961 5449 et
2992 5410 3106 5448 non
3136 5392 3207 5447 ob
3238 5389 3397 5445 aliud
3432 5385 3534 5453 eis,
3560 5384 3671 5439 nisi
3697 5384 3828 5455 quia

2185 5485 2491 5544 christiani
2511 5488 2667 5551 sunt,
2688 5484 3108 5555 obsequantur,
3133 5482 3201 5537 de
3214 5478 3488 5551 qualibus
3509 5474 3824 5545 dicit,quod

2185 5597 2298 5635 non
2316 5575 2907 5649 perduntmercedem
2926 5572 3243 5628 suam.N0n
3262 5568 3523 5640 quiajam
3538 5564 3827 5635 tutiatque

2185 5668 2371 5727 securi
2406 5665 2514 5723 sibi
2541 5665 2755 5721 debent
2782 5664 2962 5720 videri
2989 5681 3055 5720 ex
3088 5663 3190 5719 hac
3215 5653 3633 5721 benevolentia,
3658 5670 3825 5725 quam

2181 5756 2688 5833 ergaChristianos
2704 5747 3399 5823 habent,etiamsiChristi
3413 5743 3706 5818 baptismo
3717 5760 3826 5803 non
