3978 6376
132 314 295 373 1229
843 315 944 376 DE
988 315 1226 377 SERM.
1275 314 1465 375 DOM.
1514 312 1589 373 IN
1638 311 1929 386 MONTE,
1980 312 2044 373 S.
2091 314 2542 392 AUGUSTINI,
2590 317 2740 378 LIB.
2787 318 2836 377 I.
3382 322 3538 386 1230

124 451 178 501 et
214 449 497 504 ostendam
519 451 791 522 meipsum
824 450 912 506 illi
950 452 1127 519 (Joan.
1161 466 1275 517 XIV,
1305 450 1416 517 21).
1472 448 1777 504 Verumta-
1888 449 2171 517 veritatis,
2202 453 2315 505 tam
2349 449 2534 506 multo
2554 450 2809 523 amplius
2834 450 3147 523 praecipere
3168 453 3239 509 de
3273 454 3536 511 dulcedi-

126 554 270 593 men
304 536 363 593 in
394 538 501 594 hac
530 538 991 610 peregrinatione
1024 545 1310 612 quantum
1358 539 1415 594 in
1477 539 1555 594 rei
1600 538 1780 610 hujus
1890 556 1961 595 ne
1984 539 2322 595 charitatis:
2356 544 2411 595 et
2442 539 2579 611 quia
2610 538 2752 594 illud
2780 546 3130 612 praeceptum
3162 543 3532 600 verissimum

120 624 521 698 intelligentia
550 630 633 684 vel
659 628 901 684 scientia
932 630 1183 701 quisque
1232 629 1559 701 profecerit,
1616 633 1779 685 tanto
1890 646 1955 686 ac
1970 628 2422 685 saluberrimum
2447 629 2782 696 est,Quanto
2802 646 3035 699 magnus
3051 646 3123 697 es,
3138 633 3536 689 tantohumilia

121 717 328 788 magis
360 722 559 773 caveat
587 716 873 774 diabolica
895 718 1053 788 vitia,
1080 718 1413 791 superbiam
1436 724 1491 773 et
1522 717 1783 774 inviden-
1892 724 1944 774 te
1972 722 2029 775 in
2057 720 2305 774 omnibus
2336 719 2529 787 (Eccli.
2580 735 2662 781 ιιι,
2693 719 2823 786 20);
2857 720 2956 790 qui
2990 720 3344 792 evangelista
3371 722 3539 776 Chri-

117 804 300 860 tiam.
335 806 669 863 Meminerit
716 807 824 863 hoc
858 807 1051 879 ipsum
1102 807 1479 880 Evangelium
1542 808 1782 864 Joannis
1893 809 2241 881 stumlonge
2266 808 2487 863 caeteris
2520 807 2696 863 altius
2747 811 3140 879 commendat,
3200 812 3356 883 apud
3400 827 3534 867 eum

117 911 315 965 quam
362 894 547 951 multo
604 895 858 967 amplius
908 895 1073 969 erigit
1101 896 1172 952 ad
1233 898 1782 970 contemplationem
1895 897 2202 970 discipulis
2233 897 2406 970 pedes
2436 896 2589 951 lavat
2618 896 2796 966 (Joan.
2828 914 2957 968 xm,
2988 898 3063 969 5).

1481 1180 2190 1278 ADMONITIO

748 1332 823 1389 IN
862 1332 1398 1401 SUBSEQUENTES
1440 1334 1677 1391 LIBROS
1715 1337 1808 1393 DE
1844 1335 2188 1394 SERMONE
2226 1333 2487 1392 DOMINI
2526 1333 2599 1391 IN
2640 1333 2908 1391 MONTE.

192 1584 281 1639 Ad
317 1584 521 1640 Christi
573 1599 788 1640 annum
819 1585 943 1653 393,
978 1584 1093 1641 sive
1150 1585 1279 1652 394,
1311 1587 1553 1656 pertinet
1596 1587 1702 1643 hoc
1732 1602 1893 1659 Opus,
1927 1588 1997 1643 ab
2028 1588 2339 1658 Augustino
2371 1585 2700 1656 presbyterii
2730 1586 2820 1641 sui
2877 1593 3132 1656 tempore
3161 1586 3533 1644 elaboratum.

108 1674 347 1743 Quippe
378 1674 436 1728 in
468 1674 651 1745 primo
682 1673 1154 1728 Retractationem
1189 1673 1354 1744 libro,
1387 1690 1512 1745 cap.
1538 1675 1626 1742 l9,
1663 1684 1787 1746 post
1826 1676 2163 1732 recensitam
2192 1676 2371 1742 illam,
2406 1691 2570 1745 quam
2602 1675 2659 1730 in
2692 1674 3229 1745 Hippone-regiensi
3259 1679 3397 1731 anni
3429 1678 3533 1732 393

106 1762 372 1818 concilio
405 1762 600 1817 habuit
630 1762 699 1817 de
744 1761 877 1817 Fide
905 1768 955 1815 et
987 1762 1253 1831 Symbolo
1283 1762 1754 1833 disputationem,
1789 1767 2113 1822 recordatus
2163 1764 2517 1834 Augustinus
2548 1762 2678 1817 libri
2711 1764 2801 1818 sui
2826 1765 2897 1818 de
2928 1764 3134 1819 Genesi
3185 1766 3254 1819 ad
3283 1764 3533 1820 litteram

105 1851 463 1922 imperfecti,
500 1866 681 1921 neque
710 1850 818 1904 alia
850 1866 1015 1920 quam
1051 1866 1174 1920 quae
1206 1866 1274 1906 ex
1302 1859 1436 1906 ante
1466 1851 1689 1908 laudato
1719 1855 1963 1910 concilio
1990 1854 2137 1909 sumi
2166 1854 2361 1923 possit,
2393 1852 2573 1907 aetatis
2602 1852 2885 1921 assignate
2916 1860 3069 1919 nota,
3105 1850 3237 1907 facit
3272 1854 3532 1922 proximo

104 1942 246 1996 loco
279 1939 628 1995 mentionem
686 1939 851 2009 hujus
880 1940 1063 2009 operis
1093 1940 1151 1994 in
1183 1940 1380 1996 isthsec
1411 1940 1611 1997 verba:
1648 1944 1753 1997 Per
1784 1943 1928 1999 idem
1971 1948 2185 2014 tempas
2241 1943 2318 1998 de
2345 1940 2600 1996 Sermone
2631 1941 2850 1995 Domini
2879 1942 2938 1995 in
2995 1948 3176 1997 monte
3220 1943 3531 1997 secundum

104 2030 438 2085 Matt/laeum
465 2029 571 2084 duo
598 2030 884 2083 volumina
904 2030 1121 2099 scripsi.
2081 2010 2094 2014 ”
2143 2010 2156 2022 ’

188 2122 369 2178 Porro
400 2137 511 2176 uno
541 2120 831 2177 volumine
862 2121 1110 2189 explicat
1140 2119 1380 2189 primam
1414 2121 1666 2190 ejusdem
1700 2123 1978 2179 sermonis
2010 2129 2224 2192 partem
2256 2128 2581 2178 contentam
2614 2120 2863 2176 Matthaei
2885 2121 3068 2189 capito
3099 2121 3528 2191 quiutozaltero,

107 2211 489 2282 posteriorem
522 2210 580 2264 in
605 2208 970 2280 sequentibus
1000 2208 1281 2277 capitibus
1312 2217 1469 2265 sexto
1519 2217 1569 2265 et
1602 2210 1845 2279 septimo
1876 2212 2369 2282 comprehensam.
2403 2214 2511 2265 Cur
2542 2216 2731 2264 autem
2762 2224 2827 2264 ex
2866 2217 2979 2264 toto
3014 2209 3317 2279 Evangelio
3357 2210 3527 2265 istum

107 2303 173 2357 in
216 2300 419 2371 primis
448 2314 767 2353 sermonem
802 2298 1154 2352 tractandum
1189 2298 1519 2367 susceperit,
1552 2314 1673 2354 eam
1710 2300 1924 2355 videtur
1953 2302 2011 2355 in
2066 2300 2250 2369 cperis
2282 2300 2445 2354 initio
2477 2298 2838 2353 subindicare
2866 2313 3116 2378 causam,
3159 2298 3310 2368 quod
3341 2300 3529 2369 ipsum

106 2405 330 2460 nempe
360 2388 612 2445 omnibus
641 2389 928 2458 prmeeptis
960 2386 1155 2458 quibus
1184 2388 1492 2442 christiana
1521 2390 1638 2442 vita
1670 2389 2027 2458 informatur,
2059 2390 2361 2458 perfectum
2391 2402 2506 2443 esse
2536 2386 2927 2441 intellexisset.
2958 2388 3093 2451 Quae
3123 2387 3350 2456 quidem
3383 2404 3529 2458 prte-

106 2484 286 2552 cepta
325 2478 537 2544 omnia,
566 2493 629 2534 ea
660 2492 768 2548 qua
827 2476 1146 2531 referuntur
1174 2477 1323 2545 apud
1359 2476 1693 2532 Matthzeum
1727 2478 1873 2533 serie
1903 2478 1983 2533 sic
2013 2477 2265 2547 exponit,
2294 2483 2352 2531 ut
2382 2476 2480 2531 illa
2507 2476 2576 2530 ad
2634 2480 2849 2543 priores
2878 2483 3089 2544 septem
3121 2476 3431 2531 sententias
3459 2477 3529 2532 de

106 2570 307 2626 Beatis
338 2569 397 2623 in
421 2567 597 2638 ipsius
627 2565 908 2622 sermonis
939 2566 1170 2621 exordio
1202 2566 1598 2634 pronuntiatas
1619 2566 1920 2636 pertinere,
1945 2567 2127 2637 iisque
2158 2582 2221 2621 ex
2251 2565 2453 2621 ordine
2474 2565 2814 2632 respondere
2844 2564 3214 2619 demonstret.

186 2658 506 2715 Pollentius
536 2656 795 2727 plurimis
818 2658 943 2724 post
968 2654 1137 2709 annis
1168 2654 1274 2709 hoc
1303 2669 1448 2725 opus
1477 2655 1762 2720 evolvens,
1780 2654 1989 2726 aliquot
2024 2653 2386 2710 difficultates
2407 2654 2476 2708 de
2494 2667 2668 2709 uxore
2688 2667 2813 2721 quas
2838 2668 2871 2705 a
2894 2652 3011 2708 viro
3027 2668 3129 2707 suo
3148 2652 3522 2720 discessisset,

102 2749 375 2818 offendit,
408 2761 610 2817 easque
632 2752 828 2801 sancto
863 2744 1083 2800 Doctori
1114 2742 1424 2813 proposuit,
1458 2760 1599 2813 quas
1630 2744 1726 2799 ille
1756 2744 1942 2814 priore
1968 2745 2037 2799 de
2067 2742 2417 2799 Adulterinis
2444 2742 2733 2811 Conjugiis
2762 2740 2908 2796 libro
2940 2742 3219 2796 enodavit.

189 2865 350 2927 Vide
382 2863 597 2925 librum
631 2865 688 2936 1,
722 2882 853 2942 cap.
881 2862 955 2923 19
986 2861 1543 2942 Retractationum,
1583 2858 1694 2922 col.
1727 2862 1866 2933 614,
1900 2880 1936 2921 a
1968 2859 2178 2935 verbis,
2234 2862 2352 2920 Per
2378 2858 2545 2919 idem
2607 2861 2856 2937 tempus
2906 2857 3011 2942 de_
3032 2858 3332 2918 Sermone
3391 2861 3514 2919 Do-

103 2947 293 3019 mini,
328 2965 509 3026 usque
536 2942 617 3005 ad
645 2943 754 3003 col.
788 2936 926 3016 617,
963 2940 1174 3017 verbis,
1209 2943 1403 3014 Quem
1436 2940 1684 3003 locutus
1715 2949 1808 3002 est
1828 2942 2150 3002 Dominus.
2740 2936 2755 2937 ί
2955 2936 3036 2996 Μ.

791 3232 934 3337 S.
1037 3228 1767 3335 AUBELII
1884 3230 1973 3329 τι
1998 3224 2362 3333 IIGUI

1270 3228 1767 3333 BELII
1884 3230 1973 3329 τι
1998 3224 2841 3333 lJGUSTINI

1374 3409 1883 3473 HIPPONENSIS
1929 3409 2275 3471 EPISCOPI

218 3560 478 3684 ns:
575 3554 1504 3684 SERMONE
1608 3554 2318 3681 nonum
2420 3554 2614 3675 IN
2722 3553 3413 3679 MON'I‘E
3513 3492 3519 3499 ’

1254 3775 1761 3840 SECUNDUM
1854 3771 2393 3838 MATTHIEUM

1495 3916 1750 3991 LIBRI
1806 3916 1997 3990 DUO
2040 3915 2133 3988 (α).

1350 4180 1729 4274 LIBER
1796 4177 2291 4277 PRIMUS.

424 4337 735 4402 Explicatur
753 4335 902 4398 prior
927 4348 1052 4399 pars
1080 4335 1344 4384 sermonis
1372 4348 1404 4383 a
1452 4332 1681 4383 Domino
1710 4333 1767 4382 in
1805 4335 1987 4382 monte
2016 4302 2205 4391 habiti,
2237 4332 2489 4381 contenta
2521 4327 2755 4379 Matthmi
2785 4328 2960 4392 capite
2989 4332 3214 4392 quanto.

171 4598 407 4655 CAPUT
438 4597 749 4654 PRIMUM.
814 4598 863 4653 1.
902 4597 1241 4652 Sermonem
1301 4611 1476 4666 quem
1522 4594 1753 4649 locutus
1865 4590 2198 4647 christianaa
2232 4590 2517 4645 modum:
2554 4589 2709 4662 quod
2735 4587 2989 4661 polliceri
3038 4606 3154 4645 non
3184 4592 3402 4644 temere
3425 4606 3525 4645 au-

100 4689 486 4745 estDominus
508 4694 707 4745 noster
724 4690 899 4744 Jesus
916 4688 1186 4743 Christus
1209 4688 1268 4741 in
1292 4684 1755 4751 monte,sicutin
1866 4681 2101 4748 demus,
2136 4679 2237 4735 sed
2278 4695 2347 4734 ex
2385 4678 2527 4751 ipsis
2559 4678 2819 4750 ejusdem
2854 4677 3081 4734 Domini
3107 4679 3299 4734 verbis
3336 4678 3522 4750 conji-

97 4778 413 4851 Evaugelio
437 4780 762 4834 secundum
780 4778 1120 4833 Matthaaum
1145 4776 1415 4847 legimus,
1442 4775 1489 4829 si
1516 4774 1648 4845 quis
1665 4774 1757 4844 pie
1869 4770 2107 4825 cientes.
2128 4768 2273 4823 Nam
2298 4767 2381 4823 sic
2399 4768 2523 4840 ipse
2537 4783 2729 4823 sermo
2752 4766 3143 4837 concluditur,
3168 4771 3523 4840 utappareat

99 4867 413 4938 sobrieque
438 4866 910 4934 consideraverit,
934 4870 1075 4937 puto
1107 4865 1264 4936 quod
1296 4863 1553 4919 inveniet
1578 4864 1634 4917 in
1667 4877 1755 4927 eo,
1870 4859 1929 4913 in
1960 4875 2026 4915 eo
2057 4861 2343 4930 praecepta
2371 4872 2500 4912 esse
2522 4856 2719 4911 omnia
2736 4873 2866 4928 quas
2887 4856 2956 4912 ad
2985 4856 3521 4913 informandamvi—

102 4961 391 5030 quantum
411 4957 481 5012 ad
506 4972 698 5011 mores
719 4955 971 5028 optimos
995 4955 1266 5026 pertinet,
1290 4955 1609 5024 perfectum
1630 4951 1758 5006 vitae
1868 4952 1989 5004 tam
2022 4947 2334 5020 pertinent.
2352 4946 2446 5002 Sic
2474 4946 2633 5001 enim
2654 4944 2797 5001 dicit
2820 4962 2831 4999 :
2870 4968 2896 4995 ‹‹
2922 4944 3126 5003 Omnis
3148 4962 3283 5019 ergo
3301 4946 3401 5019 qui
3421 4964 3521 5003 au.

1316 5084 1630 5124 ADMONITIO
1640 5108 1652 5123 .
1678 5083 1749 5121 PP
1780 5078 2308 5120 BENEDICTINORUM.

169 5176 261 5225 Bis
288 5172 615 5236 castigandis
648 5172 797 5221 libris
824 5170 1168 5236 adhibuimus
1200 5169 1320 5236 Mss.
1351 5168 1717 5236 Albiuensem,
1755 5159 3379 5236 Arnulfeosep,Cisterciep'sem,Colbertinum'.Corbeienpem,
3410 5162 3527 5236 glo-

105 5222 2390 5295 riaeensem,Cemmeticensem,Lyrensem,Michaelinum,Pratellensemﬁagieniem.
2403 5222 2882 5294 yindocinensem,
2915 5222 3198 5295 Vaticapos
3231 5224 3391 5295 duos,
3410 5224 3528 5273 Bec-

109 5284 309 5351 'csiiéé’.’
327 5284 629 5359 totidem,et
650 5284 1065 5359 Lovanieusium
1087 5284 1475 5359 Theologorum
1498 5284 1766 5359 variantes
1784 5290 2039 5359 lectiones
2069 5284 2245 5359 ea'sex
2274 5284 2493 5359 Belgicis
2525 5297 2768 5359 :nunec‘no‘n
2796 5284 3231 5359 supra‘laudstag
3266 5286 3530 5359 editiones

108 5346 293 5414 Eri—et
319 5346 693 5424 Levavq’u’ibus
721 5360 805 5408 hic
839 5358 1063 5424 accessit
1077 5357 1243 5424 editio
1272 5346 1872 5424 illaunisnAmerbacbii
1911 5346 2748 5424 perfecta__l3asiteze.ap._t§06,et‘
2778 5347 2939 5424 altera
2955 5346 3140 5424 Jacobi
3169 5348 3531 5424 garescliallii

106 5409 656 5489 Eugdunaatii'tsgo.
675 5421 1052 5489 Consuluimus
1074 5420 1298 5482 insuper
1312 5417 1537 5482 Eugypii
1563 5416 1771 5469 abbatis
1791 5409 2041 5477 excerpta
2074 5415 2129 5462 in
2151 5414 2271 5461 Mss.
2294 5410 2599 5459 Corbeiensi
2633 5424 2694 5458 ac
2713 5409 3138 5470 Germanensi,et
3166 5411 3305 5459 Florl
3340 5410 3528 5460 collec—

107 5485 317 5541 tionem
351 5488 407 5536 in
435 5486 541 5536 alio
576 5485 906 5536 Corbeiensi.

194 5578 686 5659 Comparavimus
723 5586 1017 5657 praeterea
1037 5593 1131 5635 eas
1162 5593 1355 5633 omnes
1386 5571 1675 5633 editiones
1706 5570 1879 5631 initio
1912 5571 2081 5630 Retr.
2115 5572 2177 5627 et
2209 5565 2512 5635 Contess.,
2548 5571 2590 5623 t.
2629 5566 2685 5637 1,
2745 5569 3115 5622 memoratas.
3208 5563 3288 5626 Μ.

175 5688 254 5750 (a)
274 5684 465 5747 Scripti
500 5683 710 5733 circiter
736 5682 945 5743 Christi,
977 5693 1182 5732 annum
1218 5682 1328 5729 393.
