3978 6336
418 363 576 424 1239

420 498 539 552 tem
561 493 868 551 audientes
889 496 1055 551 erant
1075 494 1355 567 quoniam
1377 494 1805 567 quialiquando
1818 512 1926 552 nos
1947 511 2071 567 per-

424 583 963 656 sequebatur,nunc
984 584 1341 657 evangelizat
1358 586 1531 642 fidem
1552 602 1732 658 quam
1758 585 2076 657 aliquando

424 674 727 742 vastabat;
751 679 806 729 et
828 674 886 729 in
911 690 1003 730 me
1023 674 1429 747 gloriﬁcabant
1452 680 1677 732 Deum»
1700 675 1897 744 (Galat.
1928 693 1965 743 ι,
1988 675 2080 743 23,

429 764 546 835 24).

1171 362 1274 423 DE
1320 362 1694 426 SERMONE
1738 363 2016 425 DOMINI
2061 362 2138 423 IN
2189 363 2489 438 MONTE,
2536 366 2602 427 S.
2651 364 3079 428 AUGUSTINI

3680 363 3847 424 1240

2180 510 2296 551 non
2316 496 2616 553 intrabitis
2630 495 2687 551 in
2704 512 2949 570 regnum
2967 495 3239 552 caelorum
3255 494 3468 568 (c).Sed
3487 494 3641 551 dicis
3660 493 3808 551 mihi
3832 510 3847 550 :

2184 586 2237 640 Si
2254 586 2324 641 de
2338 586 2453 642 illis
2472 587 2765 643 mandatis
2780 586 3039 643 minimis
3054 603 3187 641 cum
3205 584 3479 658 superius
3494 584 3847 656 loqueretur

2189 673 2334 731 dixit
2362 676 2676 731 minimum
2708 676 2898 731 vocari
2932 676 2991 731 in
3024 692 3200 749 regno
3233 674 3515 731 caelorum
3567 673 3851 746 quisquis

2190 781 2373 820 unum
2398 782 2600 822 eorum
2623 766 2944 836 solverit,et
2960 766 3280 821 secundum
3299 780 3468 821 suam
3482 763 3847 820 solutionem

509 852 594 907 19.
630 855 1017 925 Posteaquam
1051 870 1188 927 ergo
1220 854 1562 911 cohortatus
1583 858 1671 911 est
1692 854 1999 911 audientes
2022 856 2089 909 ut
2192 855 2473 921 docuerit;
2501 871 2782 927 magnum
2802 860 2996 911 autem
3020 855 3211 911 vocari
3236 852 3508 926 quisquis
3524 870 3595 909 ea
3620 852 3848 920 fecerit,

439 958 502 999 se
531 948 925 1014 praepararent
955 944 1025 999 ad
1060 944 1259 1000 omnia
1289 944 1636 1000 sustinenda
1686 961 1789 1017 pro
1847 943 2087 1001 veritate

441 1035 616 1102 atque
638 1031 889 1103 justitia,
922 1036 979 1088 et
1008 1037 1074 1088 ut
1099 1050 1213 1088 non
1245 1033 1673 1090 absconderent
1692 1033 1912 1089 bonum
1936 1032 2090 1105 quod

2195 953 2250 1003 et
2277 948 2360 1003 sic
2383 949 2665 1016 docuerit,
2687 954 2743 1004 et
2764 967 2831 1005 ex
2847 950 3051 1021 eojam
3072 948 3131 1003 in
3157 966 3333 1021 regno
3356 949 3638 1003 caelorum
3682 946 3849 1000 futu-

2196 1054 2326 1093 rum
2349 1054 2477 1094 esse
2508 1039 2645 1110 quia
2669 1056 2921 1113 magnus
2942 1042 3066 1096 est:
3093 1038 3230 1111 quid
3261 1054 3408 1110 opus
3428 1042 3519 1093 est
3539 1036 3676 1091 addi
3701 1052 3855 1107 prae-

444 1120 739 1192 accepturi
767 1128 954 1192 erant,
989 1124 1089 1179 sed
1122 1140 1191 1179 ea
1222 1121 1627 1179 benevolentia
1655 1121 1966 1191 discerent,
2030 1125 2096 1177 ut
2199 1129 2382 1198 ceptis
2407 1128 2576 1200 Legis
2598 1128 3140 1199 minimis,sijamin
3162 1144 3337 1200 regno
3356 1126 3638 1182 caelorum
3660 1126 3863 1195 potest

450 1214 695 1265 caeteros
717 1210 1012 1278 docerent,
1037 1228 1152 1267 non
1175 1212 1244 1267 ad
1264 1211 1499 1266 laudem
1522 1227 1711 1281 suam,
1737 1210 1837 1266 sed
1859 1211 1929 1266 ad
1972 1210 2096 1283 glo-
2129 1246 2141 1258 -
2201 1234 2351 1282 esse,
2384 1217 2521 1289 quia
2558 1235 2806 1291 magnus
2832 1222 2923 1273 est
2942 1217 3213 1289 quisquis
3230 1233 3298 1273 ea
3319 1215 3602 1280 fecerit,et
3623 1215 3711 1269 sic
3751 1213 3866 1268 do-

455 1298 601 1355 riam
631 1299 734 1355 Dei
760 1301 911 1356 bona
936 1319 1043 1357 sua
1060 1318 1236 1373 Opera
1256 1301 1597 1372 referentes;
1620 1299 1825 1372 incipit
1845 1315 1944 1356 eos
1970 1301 2097 1372 jam

456 1389 772 1446 informare
793 1396 851 1447 et
872 1392 1078 1448 docere
1101 1391 1241 1463 quid
1274 1392 1540 1461 doceant,
1568 1394 1847 1462 tanquam
1876 1390 1925 1446 si
1946 1407 2101 1460 quaa-

457 1485 653 1535 rerent
681 1480 973 1537 dicentes:
1006 1483 1149 1537 Ecce
1178 1480 1449 1537 volumus
1480 1484 1539 1537 et
1566 1480 1766 1537 omnia
1812 1481 2106 1536 sustinere

458 1584 563 1642 pro
585 1572 684 1625 tuo
707 1571 1029 1640 nomine,et
1051 1571 1380 1628 doctrinam
1400 1575 1564 1627 tuam
1588 1587 1705 1626 non
1726 1570 2103 1636 abscondere;

461 1658 563 1716 sed
598 1658 737 1730 quid
769 1664 857 1716 est
888 1660 997 1717 hoc
1028 1661 1225 1733 ipsum
1257 1660 1408 1732 quod
1432 1664 1592 1716 vetas
1622 1658 1988 1729 abscondi,et
2004 1674 2106 1731 pro

464 1749 765 1820 quojubes
788 1750 1236 1807 omniatolerari
1255 1750 1283 1804 ?
1305 1749 1593 1821 numquid
1615 1748 1729 1804 alia
1757 1749 2023 1805 dicturus
2045 1763 2108 1804 es

467 1843 669 1894 contra
706 1857 774 1896 ea
809 1857 935 1911 quae
969 1841 1029 1896 in
1064 1841 1217 1914 Lege
1247 1840 1471 1911 scripta
1500 1838 1684 1895 sunt?
1714 1839 1861 1903 Non,
1894 1838 2108 1910 inquit.

468 1929 649 1987 Nolite
676 1929 829 1985 enim
861 1934 1081 2000 putare,
1110 1932 1370 2002 quoniam
1398 1929 1523 1984 veni
1551 1928 1758 1984 solvere
1784 1929 1974 1999 Legem
2018 1929 2113 1982 aut

471 2020 807 2092 PrOphetas:
841 2036 952 2075 non
979 2021 1106 2076 veni
1127 2020 1353 2089 solvere,
1383 2017 1479 2074 sed
1507 2018 1758 2088 implere.

541 2109 775 2166 CAPUT
806 2110 954 2165 VIII.
988 2140 1056 2150 -—
1083 2111 1173 2164 20.
1200 2110 1261 2164 In
1286 2108 1396 2163 hac
1444 2108 1735 2164 sententia
1772 2124 1986 2163 sensus
2007 2106 2115 2161 du-

468 2199 599 2271 plex
622 2203 738 2266 est;
763 2199 1089 2254 secundum
1113 2202 1431 2268 utrumque
1460 2197 1832 2253 tractandum
1857 2196 2116 2252 est.Nam

469 2290 566 2362 qui
591 2289 875 2358 dicit,Non
891 2291 1018 2344 veni
1037 2290 1246 2344 solvere
1270 2289 1478 2358 Legem,
1500 2287 1595 2343 sed
1621 2287 1879 2358 implere;
1891 2291 1991 2342 aut
2012 2285 2117 2340 ad-

466 2380 656 2436 dendo
679 2378 821 2434 dicit
841 2379 995 2450 quod
1019 2379 1217 2434 minus
1242 2378 1546 2448 babet,aut
1566 2376 1828 2434 faciendo
1852 2378 2007 2449 quod
2022 2379 2120 2435 ha-

466 2467 735 2525 bet:illud
758 2484 891 2537 ergo
906 2467 1069 2539 prius
1082 2465 1706 2536 consideremus,quod
1724 2465 1911 2537 primo
1929 2466 2118 2537 posui.

464 2556 613 2611 Nam
645 2556 745 2626 qui
778 2554 944 2610 addit
973 2556 1124 2626 quod
1163 2554 1361 2609 minus
1392 2553 1587 2617 habet,
1622 2571 1736 2609 non
1770 2554 1971 2625 utique
2001 2556 2121 2611 sol-

468 2645 550 2701 vit
579 2645 735 2716 quod
766 2644 1008 2712 invenit,
1042 2643 1142 2698 sed
1171 2642 1359 2713 magis
1390 2642 1740 2714 perficiendo
1772 2644 2118 2701 confirmat:

469 2740 527 2791 et
546 2735 676 2789 ideo
699 2733 1053 2805 sequitur,et
1074 2732 1422 2798 decit,Amen
1441 2732 1560 2787 dico
1581 2732 1927 2799 vobis,donec
1947 2738 2125 2790 trans-

471 2830 559 2881 eat
580 2824 771 2880 cwlum
795 2828 845 2879 et
866 2824 1157 2891 terra,iota
1183 2838 1359 2876 unum
1380 2826 1629 2877 autunus
1651 2839 1801 2893 apex
1821 2840 1931 2878 non
1950 2832 2122 2879 trans-

477 2916 549 2970 iet
568 2930 599 2968 a
630 2914 788 2987 Lege,
811 2912 982 2969 donec
1000 2913 1193 2968 omnia
1220 2913 1377 2983 ﬁant.
1402 2912 1551 2967 Dum
1585 2912 1741 2967 enim
1773 2912 1925 2967 ﬁunt
1947 2914 2123 2969 etiam

472 3002 573 3058 illa
585 3019 711 3073 qua:
726 3001 837 3056 add
849 3005 1027 3055 untur
1042 3000 1109 3055 ad
1130 2999 1755 3069 perfectionem,multo
1774 3001 1961 3072 magis
1982 3002 2127 3059 fiunt

470 3091 712 3163 illaque:
727 3090 1031 3161 prmmissa
1046 3094 1185 3144 sunt
1201 3090 1271 3143 ad
1290 3088 1913 3153 inchoationem.Quod
1929 3098 2123 3146 autem

475 3181 697 3247 ait,Iota
720 3196 917 3246 unum,
942 3182 1037 3235 aut
1053 3196 1200 3233 unus
1216 3194 1361 3251 apex
1382 3195 1493 3234 non
1532 3180 1763 3234 transiet
1783 3195 1819 3234 a
1839 3184 1991 3251 Lege,
2034 3181 2123 3234 ni-

477 3268 555 3325 hil
576 3273 769 3339 potest
782 3267 937 3323 aliud
953 3267 1200 3340 intelligi
1224 3267 1338 3322 nisi
1355 3266 1666 3324 vehemens
1682 3270 1979 3340 expressio
1993 3286 2124 3340 per-

471 3357 1093 3428 fectionis(a),quando
1119 3374 1219 3427 per
1240 3353 1465 3411 litteras
1488 3355 1752 3428 singulas
1765 3357 2126 3412 demonstra-

478 3450 559 3502 ta:
582 3450 671 3500 est
688 3446 840 3500 inter
861 3463 1008 3517 quas
1031 3445 1255 3501 litteras
1275 3444 1392 3499 iota
1413 3444 1606 3500 minor
1626 3450 1715 3500 est
1736 3446 2125 3518 caeteris,quia

477 3551 593 3590 uno
615 3534 795 3589 ductu
820 3533 911 3600 lit;
933 3550 1077 3604 apex
1099 3537 1296 3589 autem
1326 3536 1416 3588 est
1437 3533 1614 3587 etiam
1639 3531 1829 3604 ipsius
1844 3534 2043 3606 aliqua
2064 3535 2121 3591 in

474 3639 708 3679 summo
730 3620 1033 3693 particula.
1064 3622 1288 3686 Quibus
1303 3622 1496 3678 verbis
1519 3623 1776 3677 ostendit
1796 3622 1856 3677 in
1883 3623 2031 3695 Lege
2051 3626 2122 3679 ad

476 3714 744 3769 effectum
764 3710 941 3767 etiam
959 3712 1202 3767 minima
1223 3728 1468 3784 quisque
1490 3712 1974 3783 perduci.Deinde
1992 3714 2125 3769 sub-

471 3802 629 3873 jicit:
656 3802 761 3869 Qui
788 3803 938 3856 enim
965 3802 1186 3856 solverit
1215 3818 1388 3856 unum
1417 3802 1483 3856 de
1512 3801 1789 3856 mandatis
1820 3804 1941 3857 istis
1962 3804 2127 3857 mini-

477 3893 606 3959 mis,
637 3895 688 3946 et
711 3890 955 3945 docuerit
974 3892 1052 3945 sic
1075 3891 1339 3957 homines,
1365 3892 1635 3945 minimus
1652 3891 1942 3946 vocabitur
1965 3893 2023 3945 in
2044 3908 2127 3947 re-

476 3997 583 4053 gno
605 3979 1166 4035 cwlorum.Mandata
1188 3996 1324 4051 ergo
1347 3979 2127 4052 minimasigniﬁcanturper

479 4086 661 4124 unum
682 4069 797 4123 iota
818 4075 874 4123 et
897 4085 1077 4123 unum
1102 4068 1458 4139 apicem.Qui
1477 4084 1613 4141 ergo
1629 4070 1847 4125 solverit
1866 4076 1918 4125 et
1933 4070 2125 4125 docue-

476 4160 557 4214 rit
577 4159 673 4224 sic,
707 4158 762 4212 id
782 4163 892 4221 est,
920 4158 1244 4213 secundum
1270 4158 1323 4213 id
1355 4159 1505 4229 quod
1531 4158 1725 4226 solvit,
1749 4176 1864 4214 non
1914 4176 2124 4215 secun-

475 4252 615 4307 dum
641 4250 696 4304 id
720 4251 875 4321 quod
899 4251 1118 4305 invenit
1138 4258 1196 4306 et
1215 4250 1647 4323 legit,minimus
1670 4252 1949 4307 vocabitur
1966 4254 2023 4306 in
2035 4269 2123 4307 re-

470 4355 575 4412 gno
593 4340 890 4399 metarum;
916 4342 973 4393 et
997 4339 1245 4394 fortasse
1266 4339 1395 4394 ideo
1418 4356 1533 4394 non
1581 4339 1693 4395 erit
1725 4339 1784 4394 in
1808 4357 1985 4411 regno
2012 4356 2123 4396 cce-

472 4428 686 4494 lorum,
714 4427 811 4482 ubi
835 4426 949 4481 nisi
982 4426 1179 4499 magni
1210 4443 1338 4482 esse
1360 4444 1474 4482 non
1509 4432 1776 4499 possunt.
1803 4430 1913 4498 Qui
1941 4438 2125 4485 autem

472 4519 727 4590 feceritet
748 4515 1000 4572 docueris
1044 4516 1239 4587 sic(b),
1274 4516 1382 4572 hoc
1411 4521 1519 4587 est,
1555 4518 1653 4590 qui
1688 4535 1801 4573 non
1863 4519 2121 4591 solverit,

476 4612 533 4663 et
555 4606 819 4662 docuerit
839 4605 944 4673 sic,
976 4605 1303 4659 secundum
1340 4604 1396 4660 id
1428 4607 1581 4677 quod
1616 4624 1731 4662 non
1764 4606 1954 4676 solvit,
2006 4626 2123 4664 ma-

474 4713 616 4769 gnus
647 4697 935 4755 vocabitur
968 4695 1023 4749 in
1056 4711 1222 4766 regno
1252 4696 1535 4753 caelorum.
1571 4697 1677 4761 Qui
1709 4714 1842 4753 vero
1876 4714 2126 4770 magnus

479 4784 780 4841 vocabitur
808 4784 869 4840 in
904 4800 1079 4858 regno
1112 4784 1414 4855 oculorum,
1449 4786 1717 4859 sequitur
1750 4790 1814 4841 ut
1842 4786 2020 4841 etiam
2052 4787 2129 4842 sit

478 4874 537 4930 in
571 4891 749 4947 regno
791 4873 1093 4942 caelorum,
1153 4890 1268 4945 quo
1328 4875 1527 4947 magni
1574 4875 2005 4931 admittuntur:
2053 4875 2125 4930 ad

479 4964 589 5019 hoc
620 4963 777 5019 enim
812 4962 1064 5036 pertinet
1095 4964 1249 5034 quod
1284 4963 1573 5035 sequitur.

549 5053 783 5110 CAPUT
816 5053 907 5108 IX.
943 5085 1008 5092 —
1030 5054 1118 5108 21.
1147 5054 1271 5109 Dico
1290 5056 1440 5109 enim
1465 5054 1629 5125 vobis,
1656 5055 1786 5127 quia
1815 5056 1930 5109 nisi
1947 5055 2127 5109 abun-

474 5142 687 5199 daverit
698 5143 915 5215 iustitia
929 5147 1107 5198 vestra
1116 5144 1240 5215 plus
1253 5160 1414 5215 quam
1428 5144 1747 5199 Scribarum
1758 5152 1808 5199 et
1822 5144 2129 5200 Pharisaeo-

476 5251 625 5307 rum,
652 5252 761 5290 non
810 5234 1089 5290 intrabitis
1136 5235 1195 5288 in
1218 5251 1451 5303 regnum
1474 5236 1734 5291 caelorum
1756 5252 1773 5287 :
1798 5234 1850 5290 id
1875 5239 1982 5301 est,
2015 5234 2128 5291 nisi

477 5340 591 5378 non
625 5324 814 5380 solum
847 5321 946 5378 illa
978 5322 1223 5378 minima
1250 5323 1420 5395 Legis
1444 5323 2130 5395 prmceptaimplevcritis

477 5432 602 5486 quae
634 5414 913 5470 inchoant
934 5412 1360 5479 hominem,sed
1386 5414 1565 5470 etiam
1588 5416 1699 5471 ista
1720 5432 1846 5486 quis
1872 5432 2010 5471 ame
2028 5416 2131 5471 ad-

482 5504 723 5572 duntur,
748 5503 848 5576 qui
870 5520 986 5559 non
1009 5502 1139 5557 veni
1173 5501 1397 5559 solvere
1434 5508 1660 5575 Legem,
1713 5505 1813 5561 sed
1863 5504 2129 5577 implere,

551 5656 625 5716 (a)
653 5654 672 5701 ι
696 5655 925 5703 Retract.
946 5668 1060 5716 cap.
1094 5657 1169 5713 19,
1206 5667 1261 5703 n.
1290 5658 1339 5705 3.

556 5715 631 5776 (b)
661 5716 721 5780 In
750 5729 921 5780 graeco
953 5715 1158 5779 legebat
1186 5721 1323 5775 cuto,
1346 5731 1443 5779 pro
1473 5721 1635 5770 outos.

555 5780 626 5841 (c)
654 5779 672 5827 Ι
696 5779 923 5829 Retract.
955 5792 1073 5841 cap.
1100 5781 1176 5839 19,
1208 5792 1261 5829 n.
1294 5782 1339 5829 4.

2204 1307 2431 1362 cuerit?
2453 1308 2818 1380 Quapropter
2838 1308 2921 1363 sic
2948 1312 3037 1364 est
3056 1306 3391 1379 accipienda
3414 1305 3515 1360 illa
3541 1303 3870 1365 sententia,

2205 1398 2317 1466 Qui
2345 1402 2530 1451 autem
2557 1398 2749 1467 fecerit
2777 1404 2827 1452 et
2842 1396 3089 1452 docuerit
3107 1398 3206 1463 sic,
3228 1411 3463 1464 magnus
3485 1392 3786 1449 vocabitur
3810 1394 3872 1444 in

2210 1502 2374 1557 regno
2403 1485 2665 1541 castorum
2687 1504 2706 1541 :
2737 1485 2794 1541 id
2828 1491 2937 1553 est,
2972 1502 3087 1541 non
3120 1484 3441 1541 secundum
3464 1482 3567 1539 illa
3585 1482 3871 1543 minima,

2212 1577 2313 1632 sed
2338 1576 2664 1632 secundum
2697 1592 2764 1632 ea
2792 1593 2915 1647 quas
2947 1591 3053 1647 ego
3084 1576 3350 1631 dicturus
3380 1590 3533 1630 sum.
3556 1575 3700 1640 Qum
3723 1575 3877 1626 sunt

2214 1670 2409 1722 autem
2428 1666 2581 1721 ista?
2607 1664 3229 1737 Utabundetjustitia,
3252 1664 3662 1735 inquit,vestra
3684 1676 3876 1732 super

2216 1757 2552 1814 Scribarum
2583 1760 2640 1812 et
2670 1755 3092 1812 Pharisaeorum
3118 1773 3132 1823 ;
3166 1754 3302 1825 quia
3322 1752 3434 1809 nisi
3452 1750 3873 1812 abundaverit,

2218 1841 2650 1903 nonintrabitis
2679 1846 2737 1900 in
2769 1861 3017 1917 regnum
3048 1843 3349 1901 ccelorum.
3382 1842 3529 1914 Ergo
3550 1842 3652 1912 qui
3678 1839 3875 1896 solve-

2221 1939 2298 1994 rit
2327 1936 2428 1993 illa
2456 1936 2723 2003 minima,
2756 1941 2813 1991 et
2843 1936 2927 1991 sic
2956 1935 3237 2003 docuerit,
3294 1932 3577 1989 minimus
3626 1929 3873 1985 vocabi-

2220 2033 2318 2085 tur
2346 2042 2359 2083 :
2392 2026 2491 2098 qui
2519 2030 2715 2082 autem
2747 2025 2949 2080 fecerit
2978 2024 3079 2079 illa
3111 2023 3377 2092 minima,
3410 2026 3465 2077 et
3508 2021 3594 2076 sic
3650 2019 3879 2075 docue—

2223 2118 2317 2184 rit,
2353 2133 2466 2172 non
2492 2117 2617 2185 jam
2648 2130 2899 2186 magnus
2929 2113 3236 2170 habendus
3266 2116 3357 2167 est
3391 2115 3447 2166 et
3478 2109 3732 2165 idoneus
3782 2123 3877 2161 re-

2223 2223 2338 2278 gno
2371 2204 2650 2261 caelorum
2677 2222 2690 2272 ;
2723 2204 2825 2260 sed
2857 2210 3051 2258 tamen
3086 2219 3201 2257 non
3235 2206 3353 2256 tam
3386 2200 3668 2255 minimus
3689 2212 3879 2268 quam

2223 2294 2321 2350 ille
2352 2296 2453 2365 qui
2482 2293 2691 2349 solvit:
2730 2298 2791 2348 ut
2821 2302 3015 2348 autem
3048 2292 3125 2347 sit
3156 2306 3412 2362 magnus
3442 2295 3618 2360 atque
3649 2286 3739 2341 illi
3776 2303 3869 2340 re-

2225 2401 2339 2457 gno
2370 2388 2564 2454 aptus,
2598 2383 2785 2439 facere
2815 2382 2987 2438 debet
3014 2385 3070 2435 et
3125 2381 3352 2448 docere,
3411 2378 3562 2433 sicut
3589 2375 3882 2447 ,Christus

2228 2489 2384 2528 nunc
2415 2472 2604 2539 docet,
2638 2471 2693 2525 id
2722 2478 2829 2536 est,
2867 2475 2931 2525 ut
2957 2468 3217 2524 abundet
3240 2467 3473 2538 justitia
3500 2467 3632 2536 ejus
3692 2480 3877 2535 super

2228 2561 2565 2619 Scribarum
2598 2566 2655 2615 et
2686 2558 3134 2615 Pharisaeorum.
3167 2556 3408 2613 Justitia
3439 2554 3873 2610 Pharisaeorum

2228 2656 2339 2720 est,
2373 2655 2436 2706 ut
2466 2668 2580 2707 non
2613 2649 2875 2715 occidat;
2903 2647 3139 2719 justitia
3182 2662 3383 2703 eorum
3438 2644 3537 2716 qui
3586 2640 3873 2699 intraturi

2230 2745 2370 2797 sunt
2402 2741 2460 2795 in
2492 2755 2740 2811 regnum
2773 2737 2896 2807 Dei,
2931 2741 2994 2792 ut
3023 2753 3139 2792 non
3167 2736 3493 2791 irascantur
3510 2732 3636 2788 sine
3655 2747 3878 2787 causa:
3948 2802 3949 2805 η

2231 2831 2545 2886 minimum
2568 2834 2657 2884 est
2685 2844 2821 2900 ergo
2855 2844 2971 2882 non
3003 2825 3262 2882 occidere
3296 2843 3309 2890 ;
3342 2828 3398 2879 et
3427 2822 3526 2894 qui
3555 2820 3703 2876 illud
3764 2818 3877 2876 sol-

2232 2919 2397 2987 verit,
2433 2919 2717 2974 minimus
2748 2916 3047 2972 vocabitur
3075 2916 3133 2970 in
3166 2931 3342 2985 regno
3399 2910 3717 2967 ccelorum:
3782 2908 3883 2981 qui

2234 3015 2431 3067 autem
2464 3007 2607 3063 illud
2638 3006 2967 3079 impleverit
2997 3010 3059 3061 ut
3090 3021 3206 3060 non
3238 3002 3486 3068 occidat,
3514 3016 3631 3055 non
3690 2997 3888 3054 conti-

2234 3116 2349 3156 nuo
2382 3114 2632 3169 magnus
2663 3096 2771 3151 erit
2803 3101 2859 3150 et
2889 3095 3136 3150 idoneus
3195 3108 3371 3165 regno
3420 3088 3724 3156 caelorum,
3782 3086 3887 3143 sed

2233 3194 2430 3245 tamen
2464 3185 2730 3242 ascendit
2762 3184 3018 3255 aliquem
3050 3182 3337 3253 gradum;
3373 3178 3708 3251 perficietur
3775 3193 3886 3233 au-

2231 3283 2375 3347 tem,
2406 3277 2455 3332 si
2488 3292 2592 3332 nec
2622 3276 2911 3331 irascatur
2940 3273 3067 3329 sine
3097 3288 3275 3328 causa
3301 3287 3314 3325 :
3352 3269 3505 3341 quod
3540 3268 3589 3323 si
3620 3266 3885 3339 perfece-

2234 3368 2329 3436 rit,
2364 3364 2547 3420 multo
2579 3364 2855 3420 remotior
2884 3362 2994 3418 erit
3026 3362 3099 3417 ab
3130 3357 3466 3416 homicidio.
3520 3356 3888 3427 QuaprOpter

2234 3456 2334 3530 qui
2365 3456 2533 3510 docet
2563 3458 2627 3508 ut
2658 3470 2773 3508 non
2807 3452 3151 3515 irascamur,
3186 3466 3300 3504 non
3332 3446 3503 3503 solvit
3532 3447 3745 3517 Legem
3812 3460 3882 3500 ne

2233 3544 2589 3605 occidamus,
2624 3542 2723 3597 sed
2754 3538 2962 3613 implet
2991 3541 3206 3611 potius,
3240 3541 3303 3592 ut
3335 3540 3391 3592 et
3421 3534 3557 3591 foris
3587 3536 3731 3589 dum
3766 3549 3881 3588 non

2233 3633 2577 3699 occidimus,
2610 3635 2665 3686 et
2696 3631 2756 3684 in
2788 3628 2960 3685 corde
2992 3628 3131 3684 dum
3168 3644 3281 3682 non
3313 3624 3645 3693 irascimur,
3704 3620 3885 3677 inno-

2234 3723 2486 3780 centiam
2519 3719 2946 3776 custodiamus.

2303 3814 2394 3868 22.
2421 3809 2659 3865 Audistis
2681 3824 2838 3879 ergo,
2862 3804 3074 3878 inquit,
3097 3805 3227 3876 quia
3246 3803 3451 3859 dictum
3492 3804 3570 3856 est
3610 3801 3878 3869 antiquis,

2234 3909 2353 3962 Non
2376 3900 2580 3958 occides
2597 3920 2614 3954 :
2636 3901 2734 3971 qui
2753 3906 2936 3953 autem
2958 3896 3221 3953 occiderit
3231 3937 3242 3961 ,
3242 3896 3270 3965 j
3277 3894 3457 3948 adicio
3470 3908 3601 3947 reus
3620 3892 3760 3947 erit.
3780 3893 3880 3961 Ego

2235 3996 2419 4049 autem
2442 3990 2562 4045 dico
2593 3988 2764 4051 vobis,
2797 3988 2931 4057 quia
2963 3987 3141 4041 omnis
3169 3986 3265 4055 qui
3294 3983 3557 4037 irascitur
3583 3982 3759 4048 fratri
3786 3994 3878 4033 suo

2233 4084 2352 4139 sine
2379 4097 2566 4145 causa,
2585 4094 2711 4134 reus
2732 4079 2837 4133 erit
2857 4075 3070 4147 judicio
3090 4092 3108 4128 :
3140 4074 3237 4145 qui
3264 4080 3445 4127 autem
3473 4070 3681 4125 dixerit
3706 4068 3883 4140 fratri

2233 4170 2700 4235 suo,Racha,reus
2721 4168 2828 4223 erit
2849 4165 3110 4222 concilio:
3137 4165 3233 4235 qui
3251 4171 3433 4219 autem
3448 4160 3875 4227 dixerit,Fatue,

2234 4258 2747 4331 reuseritgehennae
2766 4258 2925 4327 ignis.
2954 4254 3101 4318 Quid
3125 4251 3526 4307 interestinter
3543 4266 3705 4304 reum
3722 4248 3883 4319 judi-

2235 4351 2344 4416 cio,
2373 4352 2429 4403 et
2452 4364 2611 4403 reum
2634 4344 2899 4411 concilio,
2924 4348 2977 4398 et
2997 4358 3160 4396 reum
3182 4341 3461 4412 gehennae
3497 4338 3647 4412 ignis
3669 4338 3697 4393 Τ
3734 4338 3879 4393 Nam

2237 4440 2343 4495 hoc
2359 4442 2719 4510 postremum
2735 4430 3147 4505 gravissimum
3165 4434 3411 4497 sonat,et
3425 4429 3699 4484 admonet
3712 4442 3883 4497 quos'

2237 4529 2370 4583 dam
2387 4525 2605 4597 gradus
2626 4524 2806 4578 factos
2830 4538 2862 4575 a
2884 4519 3199 4575 levioribus
3222 4519 3294 4573 ad
3318 4516 3795 4590 graviora,doncc
3814 4513 3879 4569 ad

2237 4617 2563 4690 gehennam
2588 4610 2743 4685 ignis
2764 4609 3023 4665 veniretu
3035 4609 3156 4663 r.Et
3180 4607 3309 4664 ideo
3333 4607 3381 4663 si
3406 4606 3590 4663 levius
3610 4607 3698 4659 est
3718 4618 3878 4658 reum

2238 4721 2365 4761 esse
2389 4701 2613 4774 judicio
2644 4715 2817 4770 quam
2849 4713 3013 4752 reum
3047 4711 3174 4751 esse
3208 4694 3450 4750 concilio
3475 4712 3497 4759 ;
3527 4694 3665 4748 item
3701 4690 3881 4745 levius

2239 4798 2328 4850 est
2357 4807 2519 4847 reum
2552 4804 2680 4845 esse
2712 4785 2978 4853 concilio,
3009 4801 3184 4855 quam
3218 4799 3343 4840 esse
3401 4796 3561 4838 reum
3608 4779 3880 4851 gehennae

2238 4882 2427 4955 ignis;
2460 4883 2685 4951 oportet
2718 4875 2900 4931 levius
2931 4890 3059 4929 esse
3120 4871 3485 4944 intelligatur
3536 4865 3707 4923 irasci
3759 4866 3881 4920 sine

2242 4988 2419 5028 causa
2448 4968 2629 5036 fratri,
2663 4982 2840 5039 quam
2874 4964 3064 5019 dicere
3102 4963 3299 5030 [iac/ia,
3351 4966 3407 5017 et
3455 4975 3657 5014 rursus
3700 4955 3877 5011 levius

2240 5076 2369 5117 esse
2400 5059 2590 5114 dicere
2621 5055 2826 5122 Racha,
2893 5069 3065 5125 quam
3101 5052 3289 5107 dicere
3316 5053 3497 5106 Fatue.
3547 5048 3667 5102 Non
3726 5046 3875 5099 enim

2244 5154 2438 5206 reatus
2472 5149 2596 5219 ipse
2626 5145 2867 5200 haberet
2896 5141 3134 5213 gradus,
3200 5139 3312 5194 nisi
3369 5136 3655 5211 gradatim
3707 5134 3873 5188 etiam

2244 5244 2479 5312 peccata
2508 5234 3130 5292 commemorarentur.

2313 5330 2404 5383 2-3.
2430 5326 2620 5383 Unum
2646 5328 2842 5380 autem
2866 5320 2960 5375 hic
3008 5319 3246 5374 verbum
3281 5317 3594 5373 obscurum
3629 5310 3875 5383 positum

2244 5424 2355 5484 est,
2380 5418 2518 5489 quia
2534 5431 2635 5470 nec
2658 5428 2911 5485 graecum
2929 5426 3033 5464 nec
3053 5407 3303 5463 latinum
3330 5411 3418 5461 est
3440 5404 3613 5461 Racha
3638 5420 3665 5489 :7
3686 5404 3877 5455 caetera

2245 5524 2378 5563 vero
2399 5488 2462 5561 in
2487 5518 2756 5559 sermone
2776 5502 2976 5554 nostro
2999 5496 3213 5552 usitata
3235 5488 3675 5551 sunt.Nonnulli
3695 5494 3875 5543 autem

2246 5597 2317 5651 de
2338 5610 2525 5666 grreco
2557 5591 2785 5648 trahere
2814 5586 3126 5643 voluerunt
3153 5581 3689 5656 interpretationem
3712 5577 3874 5645 hujus

2246 5684 2707 5756 vocis,putantes
2725 5692 3052 5752 pannosum
3071 5675 3181 5729 dici
3210 5670 3687 5745 Racha,quoniam
3709 5679 3875 5739 graece

2251 5789 2482 5846 pannus
2505 5768 2664 5847 ῥάκος
2684 5766 2900 5826 dicitur
2920 5784 2932 5822 :
2958 5782 2990 5821 a
3011 5764 3223 5837 quibus
3245 5767 3439 5821 tamen
3458 5776 3590 5818 cum
3615 5756 3874 5832 quaaritur
