1989 3168
190 178 267 209 1243

187 247 216 274 tn
232 246 364 274 interiore
378 246 489 274 nomine
512 246 638 274 habitare
654 246 793 274 Christum
814 254 864 282 per
887 245 968 281 ﬁdem
982 246 1012 272 in

186 291 314 319 cordibus
324 291 421 319 vestris
431 292 537 327 (Ephes.
550 291 645 326 111,17)
658 299 664 317 :
681 291 706 318 si
719 293 747 318 tu
761 293 888 318 mentem
901 289 1011 318 venerit

186 336 262 372 quod
279 335 386 371 aliquid
403 336 509 363 habeat
524 336 679 363 adversum
695 344 749 363 nos
769 335 868 369 frater,
884 334 913 362 id
928 336 973 362 est
987 334 1012 362 si

187 388 241 408 nos
255 388 323 408 eum
340 379 369 407 in
385 379 483 415 aliquo
499 379 648 414 iussimus;
664 382 734 407 tunc
755 380 832 407 enim
848 380 910 415 ipse
925 379 1013 406 habet

188 425 345 453 adversum
355 432 406 452 nos
419 432 425 451 :
441 432 508 452 nam
521 433 572 452 nos
583 425 722 452 adversus
733 424 815 451 illum
829 423 1012 457 habemus,si

189 470 239 498 ille
251 478 302 497 nos
313 469 386 497 laesit
398 469 446 497 ubi
458 478 514 497 non
526 478 600 505 opus
609 472 652 497 est
662 478 780 506 pergere
794 470 830 497 ad
843 468 1012 497 reconcilia-

190 515 300 543 tionem
313 523 320 548 ;
333 522 390 541 non
405 513 483 541 enim
494 514 608 542 veniam
626 514 789 550 postulabis
805 514 841 542 ab
852 521 885 541 eo
898 513 950 549 qui
961 512 1013 540 tibi

191 559 471 595 fecitinjuriam,sed
483 561 596 587 tantum
611 560 833 593 dimittes,sicut
844 559 895 587 tibi
907 558 1014 586 dimitti

191 613 207 633 a
217 604 339 633 Domino
351 604 444 640 cupis,
455 604 531 640 quod
546 604 607 640 ipse
619 605 822 632 commiseris:
836 603 1014 639 pergendum

191 651 313 684 estergo
329 648 364 676 ad
382 648 728 681 reconciliationem,cum
743 649 771 676 in
789 651 915 676 mentem
930 655 1015 676 vene-

187 693 230 721 ‘rit
245 693 322 728 quod
339 701 392 720 nos
410 693 481 720 forte
498 693 616 720 fratrem
634 693 662 720 in
679 692 777 728 aliquo
794 692 940 725 laesimus;
953 699 1015 727 per-

192 737 321 773 gendum
337 739 436 764 autem
451 745 508 764 non
526 738 651 773 pedibus
666 738 806 773 corporis,
822 737 873 765 sed
888 736 1017 764 motibus

192 782 329 816 animi,ut
338 784 364 809 te
375 781 480 809 humili
489 782 593 810 affectu
605 784 773 818 prosternas
785 781 917 816 fratri,ad
928 789 1016 817 quem

192 826 281 855 chara
296 826 471 863 cogitatione
486 826 660 859 cucurreris,
675 826 703 854 in
721 828 878 862 conspectu
896 826 960 861 ejus
970 824 1017 853 cui

194 879 304 899 munus
319 870 472 899 oblaturus
483 879 524 899 es.
537 871 580 899 Ita
590 871 668 899 enim
683 872 772 899 etiam
789 871 812 899 si
826 878 954 906 praesens
968 870 1016 905 sit,

194 915 303 952 poteris
317 923 384 943 eum
401 924 459 944 non
481 915 620 944 simulato
646 916 744 944 animo
768 915 870 947 lenire.
886 917 973 949 atque
988 914 1018 941 in

194 960 319 997 gratiam
335 968 467 988 revocare
483 960 598 988 veniam
615 960 800 996 postulando,
827 961 851 988 si
868 960 922 987 hoc
937 959 1019 995 prius

195 1012 291 1033 coram
309 1007 364 1032 Deo
380 1004 492 1038 feceris,
507 1013 630 1041 pergens
641 1006 677 1032 ad
689 1013 756 1032 eum
773 1013 830 1032 non
843 1005 925 1041 pigro
938 1006 1019 1031 motu

196 1049 337 1085 corporis,
353 1050 403 1077 sed
424 1049 574 1077 celerrimo
600 1049 766 1077 dilectionis
791 1049 894 1077 affectu
909 1058 915 1083 ;
933 1051 1020 1084 atque

195 1093 265 1121 inde
280 1094 409 1128 veniens,
435 1094 463 1122 id
487 1096 541 1130 est,
568 1094 759 1122 intentionem
781 1102 919 1122 revocans
939 1094 975 1122 ad
990 1093 1020 1121 id

198 1138 276 1174 quod
292 1146 377 1174 agere
393 1146 530 1174 coeperas,
547 1138 650 1167 oii‘eres
666 1147 775 1167 munus
791 1141 886 1166 tuum.

233 1188 279 1215 28.
296 1188 366 1221 Quis
382 1191 479 1216 autem
495 1189 549 1216 hoc
571 1189 650 1224 facit,
668 1192 701 1217 ut
725 1189 806 1216 fratri
823 1197 877 1217 suo
903 1188 947 1216 vel
962 1196 1021 1215 non

199 1232 344 1260 irascatur
352 1232 416 1260 sine
424 1241 523 1268 causa,
535 1233 578 1261 vel
587 1234 681 1262 Racha
692 1241 749 1261 non
761 1233 838 1261 dicat
848 1233 911 1261 sine
922 1241 1021 1267 causa,

199 1277 244 1305 vel
260 1285 327 1305 cum
337 1277 451 1305 fatuum
461 1286 516 1305 non
526 1278 652 1314 appellet
662 1278 725 1306 sine
740 1277 918 1314 causa,quod
928 1279 1021 1305 totum

200 1321 412 1358 superbissime
424 1322 608 1356 admittitur;
622 1322 668 1350 vel
684 1323 757 1350 forte
771 1322 796 1350 si
812 1322 841 1350 in
857 1322 955 1358 aliquo
970 1321 1021 1349 ho-

201 1375 267 1394 rum
280 1365 382 1402 lapsus
396 1366 493 1401 fuerit,
505 1368 582 1403 quod
598 1369 643 1395 est
659 1376 750 1395 unum
765 1367 939 1401 remedium,
950 1376 1023 1403 sup-

201 1410 270 1448 plici
286 1411 383 1439 animo
400 1411 513 1439 veniam
530 1412 718 1448 deprecetur;
736 1412 792 1440 nisi
809 1411 944 1448 quisquis
960 1412 1023 1439 ina-

203 1457 249 1484 nis
262 1456 408 1492 jaclantiaa
437 1456 560 1492 spiritus
589 1465 646 1485 non
671 1457 835 1484 intlatur‘?
863 1458 942 1485 Beati
956 1465 1024 1493 ergo

200 1509 334 1538 pauperes
349 1501 450 1537 spiritu
461 1510 472 1532 ;
487 1502 616 1537 quoniam
630 1502 750 1537 ipsorum
762 1504 800 1530 est
815 1510 933 1537 regnum
945 1502 1025 1529 caelo-

204 1554 277 1574 rum.
293 1546 376 1573 Nunc
387 1546 449 1581 jam
467 1546 619 1575 videamus
635 1547 712 1583 quod
729 1547 873 1582 sequitur.

240 1598 357 1627 CAPUT
371 1599 418 1626 Xi.
434 1614 469 1619 —
483 1600 526 1626 29.
543 1600 616 1634 Esto,
632 1599 738 1635 inquit,
754 1599 911 1628 adversario
925 1602 971 1628 tuo
983 1600 1027 1628 be-

204 1644 318 1672 nevolus
333 1644 386 1671 cito
400 1643 466 1670 dum
480 1652 507 1671 es
522 1645 552 1670 in
567 1645 612 1672 via
625 1652 688 1671 cum
702 1652 752 1675 eo;
767 1652 802 1672 ne
810 1645 881 1680 forte
895 1648 919 1672 te
935 1644 1027 1672 tradat

203 1688 381 1716 adversarius
399 1688 501 1723 judici,
516 1692 543 1716 et
552 1688 640 1723 judez
655 1689 745 1716 tradat
764 1693 788 1716 te
801 1690 939 1722 ministro,
955 1691 983 1716 et
998 1690 1029 1716 in

206 1740 342 1760 carcerem
356 1733 486 1760 mittaris.
511 1733 595 1761 Amen
618 1733 679 1761 dico
694 1734 758 1768 tibi,
777 1741 838 1761 non
862 1734 938 1761 caries
954 1733 1027 1767 inde,

205 1779 288 1807 donec
300 1779 397 1807 reddas
405 1780 587 1807 nouissimum
595 1779 792 1815 quadrantem.
801 1780 816 1807 J
821 1779 934 1807 udicem
947 1780 1030 1808 intel-

205 1822 266 1859 ligo
279 1832 285 1851 :
301 1824 384 1851 Pater
396 1825 471 1851 enim
493 1832 551 1851 non
574 1824 678 1858 iudicat
702 1833 875 1860 quemquam,
890 1825 936 1852 sed
950 1832 1031 1852 omne

203 1868 426 1905 judiciumdedit
434 1869 504 1897 Filio
511 1870 600 1902 (Joan.
608 1877 636 1902 v,
643 1870 699 1903 22).
708 1869 874 1897 Ministrum
883 1869 1028 1905 intelligo:

209 1914 241 1941 Et
255 1913 361 1949 Angeli,
378 1913 485 1949 inquit,
498 1914 697 1941 ministrabant
709 1915 736 1941 ei
750 1913 852 1948 (Matth.
870 1922 907 1945 Iv,
925 1915 987 1949 ti):
1004 1916 1032 1941 et

209 1965 277 1985 eum
291 1957 411 1993 Angelis
420 1957 482 1985 suis
490 1960 645 1985 venturum
657 1957 804 1986 credimus
811 1958 1032 1993 adjudicsndos

209 2002 289 2030 vivos
304 2005 333 2030 et
348 2005 488 2030 mortuos.
505 2002 656 2031 Carcerem
672 2002 823 2039 intelligo;
840 2011 939 2039 pinnas
954 2003 1031 2031 vide-

212 2046 280 2074 licet
288 2047 487 2079 tenebrarum,
499 2055 572 2083 quas
584 2047 641 2074 alio
652 2047 714 2075 loco
727 2047 882 2075 exteriores
890 2051 971 2075 vocat
983 2047 1031 2083 (Id.

211 2099 272 2126 vm,
290 2092 353 2125 12):
371 2091 456 2119 credo
481 2094 633 2127 propterea
656 2092 734 2127 quod
759 2091 936 2120 intrinsecus
952 2092 991 2119 sit
1005 2092 1034 2119 in

212 2136 278 2172 ipsa
304 2138 411 2170 mente,
435 2135 479 2164 vel
502 2136 591 2164 etiam
614 2136 638 2164 si
663 2136 734 2172 quid
749 2137 891 2164 secretius
914 2137 1035 2172 cogitari

214 2183 322 2216 potest,
349 2181 490 2216 gaudium
515 2180 680 2209 divinorum
705 2181 912 2217 praemiorum;
929 2182 963 2209 de
978 2190 1036 2217 quo

215 2225 323 2253 dicitur
336 2233 418 2253 servo
435 2226 506 2253 bene
521 2226 635 2259 merito,
651 2226 728 2253 Intra
742 2226 771 2253 in
780 2225 912 2261 gaudium
927 2226 1038 2255 Domini

216 2271 259 2298 tui
272 2270 323 2306 (Id.
339 2279 405 2302 xxv,
420 2271 483 2305 23):
509 2270 758 2305 quemadmodum
774 2270 861 2298 etiam
877 2271 907 2298 in
923 2271 977 2298 hac
991 2279 1038 2298 or-

217 2315 370 2343 dinatione
385 2314 561 2351 reipublicai,
578 2315 650 2342 vela
665 2315 833 2349 secretario,
849 2315 893 2342 vel
906 2324 923 2343 a
936 2319 1038 2351 praeto-

217 2360 260 2388 rio
271 2359 382 2396 judicis
398 2363 478 2387 extra
494 2359 620 2387 mittitur
634 2360 684 2395 qui
701 2360 728 2387 in
739 2368 882 2388 carcerem
898 2360 1038 2389 truditur.

252 2410 296 2438 30.
314 2412 354 2437 Ue
369 2409 506 2437 solvendo
520 2412 616 2437 autem
633 2409 793 2437 novissimo
809 2411 1041 2446 quadrante.po-

216 2457 274 2483 test
285 2463 343 2482 non
355 2455 482 2482 absurde
498 2453 620 2489 intelligi
637 2456 687 2481 aut
704 2462 753 2488 pro
768 2462 801 2482 eo
818 2455 944 2490 positum
962 2456 1041 2491 quod

219 2499 292 2527 nihil
303 2498 477 2533 relinquitur
491 2498 669 2533 impunitum
684 2499 779 2526 :sicut
789 2498 942 2534 loquentes
953 2499 1041 2527 etiam

219 2544 357 2575 dicimus.
369 2543 467 2579 Usque
478 2543 513 2571 ad
526 2543 634 2577 faecem,
650 2551 716 2570 cum
732 2543 867 2571 volumus
883 2544 1044 2580 exprimere

219 2588 327 2624 aliquid
345 2588 385 2615 ita
393 2591 519 2621 evatum,
534 2590 566 2615 ut
574 2587 646 2614 nihil
660 2588 874 2623 relinqueretur
887 2597 893 2616 :
910 2588 952 2616 vel
965 2591 997 2616 ut
1005 2589 1044 2616 si-

221 2633 427 2668 gniﬁcarentur
443 2633 560 2660 nomine
574 2632 746 2668 quadrantis
756 2632 918 2667 novissimi,
930 2635 1045 2661 terrena

221 2680 348 2713 peccata.
356 2679 464 2710 Quarta
470 2678 547 2705 enim
557 2685 623 2713 pars
632 2677 836 2705 distinctorum
845 2678 1044 2706 membrorum

223 2722 313 2757 hujus
328 2722 442 2753 mundi,
454 2725 482 2750 et
497 2731 529 2750 ea
539 2721 789 2754 novissima,terra
800 2721 992 2758 invenitur,ut
1001 2723 1045 2750 in-

231 2856 235 2861 _
256 2826 354 2861 [ιο-πμ
371 2824 538 2861 deprecetur}
554 2824 632 2861 gum!
645 2824 829 2861 quisquisﬂnon
842 2824 944 2861 fecerit,
960 2824 1046 2861 inanis

218 2856 355 2888 jactantil
369 2856 599 2888 spiritujnﬁatar.
614 2856 665 2881 Sed
681 2856 807 2888 liquidior
823 2859 863 2881 est
886 2859 978 2882 nostra
991 2857 1048 2882 leo-

224 2888 271 2918 tio,
285 2890 311 2913 et
326 2896 341 2913 a
356 2886 458 2913 caeteris
472 2886 546 2912 libris
559 2888 679 2920 probata.

564 178 613 209 DE
635 178 821 209 SERMONB
845 178 985 209 DOMlNI
1006 177 1046 208 IN
1071 177 1216 214 MONTE,
1240 178 1272 209 S.
1296 175 1513 208 AUGUSTlNl

1819 173 1833 201 Ι
1842 172 1905 203 2η

1066 244 1158 281 cipias
1169 254 1186 273 a
1198 244 1445 278 ccelo,secnndum
1455 250 1551 271 aerem
1563 247 1827 277 numeres,aquam
1841 241 1905 267 ter-

1069 289 1151 323 tiam,
1167 292 1302 325 quartam
1313 291 1432 317 terram.
1444 288 1541 315 Potest
1554 295 1623 323 ergo
1636 285 1848 314 convenienter
1860 283 1904 310 vi-

1070 333 1131 362 deri
1146 333 1268 367 dictum,
1294 335 1382 362 Donec
1404 333 1492 361 solvas
1506 332 1686 360 novissimum
1701 329 1903 366 quadrantem,

1070 383 1161 411 donec
1170 383 1236 411 luas
1247 386 1361 410 terrena
1370 383 1503 419 peccata:
1514 381 1567 409 hoc
1576 380 1654 408 enim
1663 382 1692 407 et
1703 380 1842 415 peccator
1850 385 1903 404 an-

1070 427 1151 462 divit,
1169 428 1250 455 Terra
1260 435 1298 460 es,
1314 428 1380 455 etin
1396 428 1498 454 terram
1513 426 1567 453 ibis
1582 424 1659 461 (Gen.
1676 432 1718 457 ιιι,
1733 423 1790 456 19).
1808 422 1904 449 Donec

1069 472 1159 500 solvas
1173 475 1270 500 autem
1287 471 1364 507 quod
1377 472 1487 499 dictum
1499 469 1647 505 est,miror
1662 468 1687 509 si
1703 475 1763 495 non
1780 474 1847 494 eam
1861 465 1903 493 si-

1070 517 1191 552 gniﬁcat
1202 525 1315 552 poenam
1328 524 1390 552 qua)
1402 518 1521 543 vocatur
1531 512 1735 542 aterna.Unde
1747 510 1827 539 enim
1841 510 1905 538 sol-

1072 563 1147 589 vitur
1160 562 1228 588 illud
1245 559 1441 592 debitum,ubi
1451 561 1512 595 jam
1526 568 1581 586 non
1594 559 1681 585 datur
1693 555 1859 593 paenitendi
1875 556 1904 581 et

1072 607 1230 634 corrcctius
1244 606 1356 632 vivendi
1372 606 1450 632 locus
1461 605 1474 631 ‘t
1488 605 1527 631 lta
1536 605 1612 630 enim
1624 603 1746 629 fortasse
1758 600 1806 627 hic
1821 598 1904 635 posi-

1073 654 1134 678 tum
1145 649 1548 685 cst,Donrcsoluas,quoniodo
1560 648 1588 674 in
1599 647 1647 675 illo
1658 646 1705 674 ubi
1715 645 1830 673 dictum
1845 646 1903 676 est,

1073 701 1142 728 Sede
1158 700 1191 727 ad
1203 701 1347 727 dexteram
1360 698 1546 730 meanudonec
1558 705 1659 732 ponam
1667 702 1760 723 omnes
1770 693 1906 721 inimicos

1073 751 1130 773 tuos
1150 745 1197 771 sub
1217 745 1328 779 pedibus
1347 745 1402 770 tuis
1418 743 1503 777 (I’sal.
1526 750 1583 774 (ηις,
1600 742 1643 774 1);
1661 748 1717 767 non
1731 738 1812 767 enim
1829 745 1901 765 cum

1075 789 1182 817 fuerint
1192 788 1302 815 inimici
1313 788 1366 814 sub
1381 787 1503 822 pedibus
1513 782 1782 821 positi,desinetillc
1794 782 1902 809 sedere

1074 835 1107 861 ad
1121 834 1267 861 dexteram
1282 842 1288 859 :
1301 831 1431 858 autillud
1448 830 1589 866 Apostoli,
1604 830 1711 864 Oportet
1725 828 1801 855 enim
1817 826 1902 854 illum

1074 886 1198 913 regnare,
1211 877 1293 904 donec
1307 880 1389 911 poaat
1404 883 1495 903 omnes
1507 875 1635 902 inimicos
1645 881 1705 900 suos
1719 872 1768 900 sub
1781 870 1902 907 pedibus

1074 925 1132 951 suis
1147 925 1169 956 (ι
1186 922 1245 949 Cor.
1262 930 1308 955 xv,
1323 921 1367 953 '35)
1382 929 1388 953 ;
1416 928 1471 946 non
1488 919 1565 945 enim
1582 926 1649 945 cum
1675 916 1761 952 positi
1777 914 1902 945 fuerint,

1075 971 1187 998 desinet
1197 967 1459 1004 regnare.Quemad
1466 967 1583 994 modum
1591 973 1658 1000 ergo
1665 964 1705 992 ibi
1713 961 1902 998 intelligitur,

1076 1016 1110 1043 de
1126 1023 1183 1050 quo
1195 1015 1304 1040 dictum
1317 1015 1370 1045 est,
1384 1013 1496 1047 Oportet
1508 1019 1569 1038 eum
1581 1017 1707 1045 regnare,
1719 1008 1804 1035 donec
1815 1005 1902 1042 ponat

1076 1061 1203 1088 inimicos
1217 1059 1265 1085 sub
1279 1058 1390 1092 pedibus
1399 1058 1465 1090 suis,
1481 1063 1595 1090 semper
1606 1055 1808 1089 regnaturum,
1825 1057 1902 1085 quo-

1077 1105 1154 1131 niam
1171 1111 1286 1138 semper
1301 1101 1342 1128 illi
1358 1103 1445 1127 crunt
1460 1101 1514 1127 sub
1531 1099 1674 1135 pedibus:
1690 1097 1730 1124 ita
1744 1095 1792 1123 hic
1807 1094 1902 1129 accipi

1078 1148 1220 1185 potest,de
1234 1155 1291 1182 quo
1308 1147 1419 1172 dictum
1433 1148 1486 1177 est,
1504 1146 1562 1172 Non
1577 1144 1651 1170 exies
1660 1141 1734 1175 inde,
1747 1141 1835 1168 donec
1843 1138 1903 1166 sol-

1078 1184 1123 1221 i'as
1140 1193 1316 1219 novissimum
1331 1190 1526 1225 quadrantem,
1542 1196 1657 1222 semper
1672 1194 1729 1213 non
1749 1184 1899 1213 exiturum

1076 1246 1140 1265 esse
1154 1246 1160 1270 ς
1177 1237 1245 1272 quia
1261 1244 1376 1271 semper
1392 1234 1479 1261 solvit
1490 1233 1681 1260 novissimum
1691 1230 1898 1266 quadrantem,

1077 1287 1148 1313 dum
1165 1285 1358 1320 sempiternas
1383 1291 1482 1318 poenas
1505 1285 1685 1308 terrenorum
1712 1279 1898 1314 peccatorum

1079 1331 1142 1357 luit.
1160 1330 1258 1364 Neque
1274 1329 1313 1355 ita
1329 1328 1381 1355 hoc
1396 1327 1530 1358 dixerim,
1549 1328 1580 1352 ut
1595 1323 1808 1359 diligentiorem
1823 1324 1898 1348 trac-

1078 1375 1217 1402 tationem
1243 1373 1341 1399 videar
1364 1371 1509 1398 ademisse
1535 1371 1569 1397 de
1594 1369 1687 1405 poenis
1703 1369 1900 1403 peccatorum.

1080 1419 1224 1455 quomodo
1237 1418 1264 1444 in
1276 1417 1434 1451 Scripturis
1446 1416 1581 1442 dicuntur
1591 1416 1719 1441 aeternae:
1732 1417 1900 1455 quanquam

1080 1453 1210 1500 quolibet
1227 1463 1310 1489 modo
1327 1461 1448 1487 vitandze
1464 1462 1533 1486 sunt
1550 1458 1645 1494 potius
1661 1465 1748 1493 quam
1765 1453 1900 1482 scienda}.

1116 1518 1159 1543 31.
1177 1517 1231 1543 Sed
1248 1515 1398 1542 videamus
1410 1514 1473 1548 jam
1490 1512 1556 1547 quis
1577 1511 1615 1538 sit
1630 1510 1692 1546 ipse
1707 1507 1903 1538 adversarius,

1081 1561 1273 1595 cuijubemur
1284 1567 1347 1586 esse
1358 1557 1488 1585 benevoli
1500 1556 1567 1588 cito,
1581 1563 1646 1582 cum
1661 1561 1765 1581 sumus
1775 1559 1843 1579 cum
1854 1550 1904 1578 illo

1082 1607 1110 1632 in
1129 1606 1183 1632 via.
1203 1607 1261 1631 Aut
1276 1604 1353 1630 enim
1370 1601 1503 1628 diabolus
1515 1603 1569 1631 est,
1582 1602 1632 1626 aut
1646 1599 1743 1633 homo,
1760 1599 1811 1624 aut
1826 1603 1902 1629 caro,

1083 1658 1133 1683 aut
1147 1657 1231 1685 Deus,
1242 1655 1292 1679 aut
1302 1654 1477 1687 praeceptum
1488 1648 1620 1683 ejus.Sed
1631 1646 1746 1675 diabolo
1754 1654 1812 1673 non
1821 1645 1903 1672 video

1083 1699 1228 1735 quomodo
1241 1697 1399 1731 jubeamur
1414 1693 1543 1721 benevoli
1555 1700 1629 1725 esse,
1645 1692 1672 1719 id
1688 1693 1732 1719 est
1745 1689 1902 1718 concordes

1084 1734 1133 1771 aut
1144 1739 1505 1774 conscntientcs.Namquc
1516 1737 1564 1764 alii
1581 1737 1657 1772 quod
1671 1743 1761 1772 graece
1774 1734 1901 1770 positum

1084 1791 1127 1815 est
1136 1786 1246 1817 εὐνοῶν,
1257 1783 1439 1819 interpretati
1451 1785 1520 1810 sunt
1529 1789 1648 1812 com‘ors,
1661 1780 1708 1807 alii
1718 1779 1886 1807 consentiens
1893 1786 1902 1804 :

1085 1837 1134 1865 sed
1143 1843 1236 1871 neque
1244 1833 1474 1860 benevolentiam
1485 1829 1743 1865 diabolojubemur
1751 1827 1901 1859 exhibere;

1086 1881 1133 1909 ubi
1144 1881 1219 1908 enim
1228 1877 1438 1911 benevolentia,
1448 1876 1486 1903 ibi
1495 1874 1625 1903 amicitia
1636 1881 1739 1909 :ncque
1748 1872 1902 1908 quisquam

1086 1923 1354 1953 dixcritmnicitiam
1365 1930 1429 1949 cum
1439 1919 1554 1948 diabolo
1561 1927 1625 1946 esse
1633 1918 1794 1946 faciendam
1803 1924 1904 1952 :ncque

1086 1969 1262 1999 concordare
1273 1976 1338 1994 cum
1352 1966 1402 1993 illo
1416 1964 1540 2001 expedit,
1553 1964 1599 1991 cui
1612 1963 1702 1991 semel
1714 1961 1904 1989 renuntiando

1087 2015 1194 2043 bellum
1210 2012 1412 2042 indiximus,ct
1423 2018 1479 2045 quo
1490 2009 1564 2036 victo
1580 2007 1785 2035 coronabimur
1797 2014 1804 2039 ;
1815 2014 1904 2040 neque

1088 2058 1251 2088 consentire
1267 2056 1307 2083 illi
1319 2056 1379 2090 jam
1394 2056 1515 2089 oportet,
1527 2053 1572 2080 cui
1585 2053 1608 2079 si
1620 2059 1769 2087 nunquam
1786 2059 1903 2079 consen-

1088 2105 1241 2134 sissemus,
1252 2108 1403 2135 nunquam
1416 2099 1443 2125 in
1457 2099 1527 2125 istas
1548 2095 1903 2137 incidissemus'miserias.

1091 2154 1128 2180 De
1144 2151 1263 2178 homine
1272 2152 1380 2181 autem,
1394 2154 1558 2182 quanquam
1569 2145 1725 2181 jubeamur
1735 2152 1799 2172 cum
1813 2144 1903 2172 omni-

1091 2193 1337 2230 bus,quantumin
1346 2188 1766 2226 nobisest,pacemhabero,ubi
1777 2188 1906 2224 utiqueet

1092 2243 1302 2275 benevolentia,
1318 2244 1346 2270 et
1363 2241 1528 2273 concordia,
1545 2242 1572 2268 et
1587 2238 1740 2267 consensio
1756 2240 1849 2273 potest
1862 2237 1905 2264 in-

1093 2289 1181 2325 telligi
1196 2299 1203 2322 -,
1220 2296 1276 2315 non
1288 2287 1370 2314 video
1387 2288 1482 2312 tamen
1496 2283 1640 2320 quomodo
1658 2282 1798 2318 accipiam
1811 2282 1847 2310 ab
1858 2282 1906 2310 ho-

1094 2335 1171 2362 mine
1180 2332 1327 2367 nosjudici
1336 2330 1421 2361 tradi.
1430 2326 1904 2363 ubiCliristumjudicemintelligo,

1093 2381 1156 2406 ante
1172 2379 1257 2412 cujus
1267 2375 1390 2404 tribunal
1399 2383 1490 2402 omnes
1499 2375 1601 2409 oportet
1611 2372 1743 2403 exhiberi,
1758 2371 1834 2399 sicut
1844 2371 1907 2399 dicit

1095 2427 1251 2465 Apostolus
1262 2426 1294 2456 (ll
1306 2426 1364 2452 Cor.
1377 2434 1401 2457 v,
1416 2424 1459 2458 10)
1472 2432 1478 2450 :
1489 2422 1634 2458 quomodo
1646 2420 1813 2456 ergojudici
1824 2420 1905 2447 tradi-

1097 2477 1178 2501 turus
1191 2471 1298 2506 cst,qui
1310 2469 1515 2504 antcjudicem
1527 2467 1635 2503 pariter
1644 2465 1827 2493 exhibebitur
1836 2464 1907 2492 ‘tAut

1097 2519 1119 2546 si
1134 2519 1285 2554 propterea
1298 2514 1424 2542 traditur
1436 2510 1670 2548 quisquejudici,
1683 2509 1752 2545 quia
1767 2509 1905 2537 hominem

1096 2561 1317 2597 lteslt,quumvis
1329 2559 1377 2586 illo
1387 2567 1443 2585 non
1454 2557 1585 2584 trudente
1594 2555 1642 2591 qui
1656 2555 1740 2582 lassus
1751 2556 1810 2586 est;
1823 2553 1905 2582 multo

1097 2606 1280 2636 commodius
1297 2603 1465 2639 accipitura
1481 2601 1617 2637 legeipsa
1628 2608 1708 2627 reum
1725 2599 1799 2626 tradi
1816 2598 1905 2635 iudici,

1098 2659 1197 2685 contra
1214 2662 1301 2690 quam
1319 2653 1465 2685 fecit,cum
1478 2650 1626 2677 hominem
1639 2647 1840 2679 laederet.0uia
1850 2649 1874 2675 et
1885 2648 1906 2675 si

1098 2699 1256 2729 occidendo
1264 2698 1329 2733 quis
1337 2696 1466 2724 nocuerit
1478 2694 1661 2728 homini,non
1672 2692 1793 2727 eritjam
1804 2695 1907 2727 tempus

1098 2754 1155 2782 quo
1171 2743 1325 2772 concordet
1337 2750 1402 2769 cum
1411 2749 1443 2768 eo
1455 2749 1461 2774 ;
1472 2739 1609 2776 quiajam
1623 2746 1679 2765 non
1692 2739 1735 2765 est
1745 2745 1810 2764 cum
1823 2737 1867 2764 illo
1881 2737 1905 2764 in

1098 2781 1155 2824 via,
1167 2789 1194 2817 id
1207 2791 1251 2815 est
1263 2788 1290 2814 in
1303 2787 1356 2814 hac
1366 2787 1423 2813 vita
1436 2794 1442 2813 :
1454 2793 1506 2813 nec
1518 2787 1612 2811 tamen
1622 2783 1686 2810 ideo
1697 2790 1751 2809 non
1764 2781 1907 2809 sanabitur

1099 2834 1305 2873 pcenitendo,et
1317 2833 1351 2859 ad
1365 2831 1443 2858 illius
1456 2828 1685 2857 misericordiam
1697 2834 1761 2854 cum
1774 2826 1904 2854 sacriﬁcio

1099 2878 1230 2910 tribulati
1242 2878 1338 2906 cordis
1347 2875 1515 2911 refugiendo
1523 2873 1668 2909 quidonat
1679 2873 1905 2909 peccataoonver-
