  <div class='ocr_page' id='page_1' title='image "/cluster/home/n/w/nwhite01/storage/ocr_20150623/34/umn.31951002477328u/626.png"; bbox 0 0 3978 6332; ppageno 0'>
   <div class='ocr_carea' id='block_1_1' title="bbox 232 340 395 401">
    <p class='ocr_par' dir='ltr' id='par_1_1' title="bbox 232 340 395 401">
     <span class='ocr_line' id='line_1_1' title="bbox 232 340 395 401; baseline -0.006 -1"><span class='ocrx_word' id='word_1_1' title='bbox 232 340 395 401; x_wconf 72' lang='grc'>1245</span> 
     </span>
    </p>
   </div>
   <div class='ocr_carea' id='block_1_2' title="bbox 230 472 1891 547">
    <p class='ocr_par' dir='ltr' id='par_1_2' title="bbox 230 472 1891 547">
     <span class='ocr_line' id='line_1_2' title="bbox 230 472 1891 547; baseline 0.002 -19"><span class='ocrx_word' id='word_1_2' title='bbox 230 472 321 528; x_wconf 90' lang='lat' dir='ltr'>sis</span> <span class='ocrx_word' id='word_1_3' title='bbox 353 473 423 528; x_wconf 90' lang='lat' dir='ltr'>ad</span> <span class='ocrx_word' id='word_1_4' title='bbox 457 476 601 543; x_wconf 92' lang='lat' dir='ltr'>se,et</span> <span class='ocrx_word' id='word_1_5' title='bbox 633 472 730 544; x_wconf 88' lang='lat' dir='ltr'>qui</span> <span class='ocrx_word' id='word_1_6' title='bbox 752 472 881 545; x_wconf 91' lang='lat' dir='ltr'>plus</span> <span class='ocrx_word' id='word_1_7' title='bbox 908 473 1121 546; x_wconf 78' lang='lat' dir='ltr'>gaudet</span> <span class='ocrx_word' id='word_1_8' title='bbox 1139 474 1209 529; x_wconf 92' lang='lat' dir='ltr'>de</span> <span class='ocrx_word' id='word_1_9' title='bbox 1226 491 1340 530; x_wconf 93' lang='lat' dir='ltr'>uno</span> <span class='ocrx_word' id='word_1_10' title='bbox 1371 475 1891 547; x_wconf 80' lang='lat' dir='ltr'>pcenitente,quam</span> 
     </span>
    </p>
   </div>
   <div class='ocr_carea' id='block_1_3' title="bbox 230 561 1891 636">
    <p class='ocr_par' dir='ltr' id='par_1_3' title="bbox 230 561 1891 636">
     <span class='ocr_line' id='line_1_3' title="bbox 230 561 1891 636; baseline 0.002 -19"><span class='ocrx_word' id='word_1_11' title='bbox 230 562 308 617; x_wconf 90' lang='lat' dir='ltr'>de</span> <span class='ocrx_word' id='word_1_12' title='bbox 341 561 663 633; x_wconf 79' lang='lat' dir='ltr'>nonaginta</span> <span class='ocrx_word' id='word_1_13' title='bbox 696 578 900 617; x_wconf 90' lang='lat' dir='ltr'>novem</span> <span class='ocrx_word' id='word_1_14' title='bbox 923 562 1108 632; x_wconf 87' lang='lat' dir='ltr'>justis</span> <span class='ocrx_word' id='word_1_15' title='bbox 1140 563 1290 635; x_wconf 87' lang='lat' dir='ltr'>(Luc.</span> <span class='ocrx_word' id='word_1_16' title='bbox 1324 581 1415 630; x_wconf 85' lang='lat' dir='ltr'>xv,</span> <span class='ocrx_word' id='word_1_17' title='bbox 1447 565 1523 636; x_wconf 90' lang='lat'>7).</span> <span class='ocrx_word' id='word_1_18' title='bbox 1556 566 1726 621; x_wconf 87' lang='lat' dir='ltr'>Carni</span> <span class='ocrx_word' id='word_1_19' title='bbox 1759 581 1891 620; x_wconf 85' lang='lat' dir='ltr'>vero</span> 
     </span>
    </p>
   </div>
   <div class='ocr_carea' id='block_1_4' title="bbox 232 650 1890 722">
    <p class='ocr_par' dir='ltr' id='par_1_4' title="bbox 232 650 1890 722">
     <span class='ocr_line' id='line_1_4' title="bbox 232 650 1890 722; baseline 0.001 -15"><span class='ocrx_word' id='word_1_20' title='bbox 232 651 424 707; x_wconf 87' lang='lat' dir='ltr'>multo</span> <span class='ocrx_word' id='word_1_21' title='bbox 458 650 656 706; x_wconf 91' lang='lat' dir='ltr'>minus</span> <span class='ocrx_word' id='word_1_22' title='bbox 686 651 851 705; x_wconf 90' lang='lat' dir='ltr'>video</span> <span class='ocrx_word' id='word_1_23' title='bbox 896 653 1190 722; x_wconf 91' lang='lat' dir='ltr'>quomodo</span> <span class='ocrx_word' id='word_1_24' title='bbox 1221 652 1480 707; x_wconf 80' lang='lat' dir='ltr'>benevoli</span> <span class='ocrx_word' id='word_1_25' title='bbox 1532 653 1620 709; x_wconf 91' lang='lat' dir='ltr'>vel</span> <span class='ocrx_word' id='word_1_26' title='bbox 1653 670 1890 709; x_wconf 86' lang='lat' dir='ltr'>concor-</span> 
     </span>
    </p>
   </div>
   <div class='ocr_carea' id='block_1_5' title="bbox 230 739 1889 814">
    <p class='ocr_par' dir='ltr' id='par_1_5' title="bbox 230 739 1889 814">
     <span class='ocr_line' id='line_1_5' title="bbox 230 739 1889 814; baseline 0.001 -18"><span class='ocrx_word' id='word_1_27' title='bbox 230 742 338 797; x_wconf 85' lang='lat' dir='ltr'>des</span> <span class='ocrx_word' id='word_1_28' title='bbox 371 739 458 795; x_wconf 89' lang='lat' dir='ltr'>vel</span> <span class='ocrx_word' id='word_1_29' title='bbox 505 740 935 795; x_wconf 80' lang='lat' dir='ltr'>consentientes</span> <span class='ocrx_word' id='word_1_30' title='bbox 967 757 1095 796; x_wconf 90' lang='lat' dir='ltr'>esse</span> <span class='ocrx_word' id='word_1_31' title='bbox 1135 741 1471 811; x_wconf 86' lang='lat' dir='ltr'>jubeamur.</span> <span class='ocrx_word' id='word_1_32' title='bbox 1508 743 1694 814; x_wconf 83' lang='lat' dir='ltr'>Magis</span> <span class='ocrx_word' id='word_1_33' title='bbox 1734 742 1889 797; x_wconf 90' lang='lat' dir='ltr'>enim</span> 
     </span>
    </p>
   </div>
   <div class='ocr_carea' id='block_1_6' title="bbox 229 832 1889 903">
    <p class='ocr_par' dir='ltr' id='par_1_6' title="bbox 229 832 1889 903">
     <span class='ocr_line' id='line_1_6' title="bbox 229 832 1889 903; baseline 0.001 -18"><span class='ocrx_word' id='word_1_34' title='bbox 229 836 567 903; x_wconf 90' lang='lat' dir='ltr'>peccatores</span> <span class='ocrx_word' id='word_1_35' title='bbox 598 833 800 885; x_wconf 90' lang='lat' dir='ltr'>amant</span> <span class='ocrx_word' id='word_1_36' title='bbox 829 845 1063 884; x_wconf 86' lang='lat' dir='ltr'>carnem</span> <span class='ocrx_word' id='word_1_37' title='bbox 1085 836 1338 897; x_wconf 82' lang='lat' dir='ltr'>suam,el;</span> <span class='ocrx_word' id='word_1_38' title='bbox 1368 832 1725 886; x_wconf 83' lang='lat' dir='ltr'>concordant</span> <span class='ocrx_word' id='word_1_39' title='bbox 1757 847 1889 887; x_wconf 90' lang='lat' dir='ltr'>cum</span> 
     </span>
    </p>
   </div>
   <div class='ocr_carea' id='block_1_7' title="bbox 225 917 1890 989">
    <p class='ocr_par' dir='ltr' id='par_1_7' title="bbox 225 917 1890 989">
     <span class='ocr_line' id='line_1_7' title="bbox 225 917 1890 989; baseline 0.001 -16"><span class='ocrx_word' id='word_1_40' title='bbox 225 919 353 989; x_wconf 89' lang='lat' dir='ltr'>illa,</span> <span class='ocrx_word' id='word_1_41' title='bbox 386 923 442 974; x_wconf 90' lang='lat' dir='ltr'>et</span> <span class='ocrx_word' id='word_1_42' title='bbox 471 917 849 973; x_wconf 86' lang='lat' dir='ltr'>consentiunt</span> <span class='ocrx_word' id='word_1_43' title='bbox 876 918 925 972; x_wconf 92' lang='lat' dir='ltr'>ei</span> <span class='ocrx_word' id='word_1_44' title='bbox 954 935 965 972; x_wconf 89' lang='lat'>:</span> <span class='ocrx_word' id='word_1_45' title='bbox 1002 918 1101 989; x_wconf 87' lang='lat' dir='ltr'>qui</span> <span class='ocrx_word' id='word_1_46' title='bbox 1132 935 1263 974; x_wconf 93' lang='lat' dir='ltr'>vero</span> <span class='ocrx_word' id='word_1_47' title='bbox 1295 936 1424 975; x_wconf 88' lang='lat' dir='ltr'>eam</span> <span class='ocrx_word' id='word_1_48' title='bbox 1457 920 1719 975; x_wconf 81' lang='lat' dir='ltr'>servituti</span> <span class='ocrx_word' id='word_1_49' title='bbox 1750 921 1890 975; x_wconf 89' lang='lat' dir='ltr'>sub-</span> 
     </span>
    </p>
   </div>
   <div class='ocr_carea' id='block_1_8' title="bbox 220 1007 1887 1081">
    <p class='ocr_par' dir='ltr' id='par_1_8' title="bbox 220 1007 1887 1081">
     <span class='ocr_line' id='line_1_8' title="bbox 220 1007 1887 1081; baseline 0.001 -18"><span class='ocrx_word' id='word_1_50' title='bbox 220 1008 577 1079; x_wconf 89' lang='lat' dir='ltr'>jiciunt,non</span> <span class='ocrx_word' id='word_1_51' title='bbox 614 1008 724 1081; x_wconf 86' lang='lat' dir='ltr'>ipsi</span> <span class='ocrx_word' id='word_1_52' title='bbox 749 1007 798 1062; x_wconf 93' lang='lat' dir='ltr'>ei</span> <span class='ocrx_word' id='word_1_53' title='bbox 825 1009 1328 1076; x_wconf 80' lang='lat' dir='ltr'>oonsentiunt,sed</span> <span class='ocrx_word' id='word_1_54' title='bbox 1351 1026 1475 1064; x_wconf 84' lang='lat' dir='ltr'>cam</span> <span class='ocrx_word' id='word_1_55' title='bbox 1499 1008 1611 1064; x_wconf 86' lang='lat' dir='ltr'>sibi</span> <span class='ocrx_word' id='word_1_56' title='bbox 1642 1026 1887 1065; x_wconf 86' lang='lat' dir='ltr'>consen-</span> 
     </span>
    </p>
   </div>
   <div class='ocr_carea' id='block_1_9' title="bbox 226 1097 614 1170">
    <p class='ocr_par' dir='ltr' id='par_1_9' title="bbox 226 1097 614 1170">
     <span class='ocr_line' id='line_1_9' title="bbox 226 1097 614 1170; baseline 0 -17"><span class='ocrx_word' id='word_1_57' title='bbox 226 1097 343 1154; x_wconf 88' lang='lat' dir='ltr'>tire</span> <span class='ocrx_word' id='word_1_58' title='bbox 374 1102 614 1170; x_wconf 89' lang='lat' dir='ltr'>cogunt.</span> 
     </span>
    </p>
   </div>
   <div class='ocr_carea' id='block_1_10' title="bbox 302 1187 1891 1259">
    <p class='ocr_par' dir='ltr' id='par_1_10' title="bbox 302 1187 1891 1259">
     <span class='ocr_line' id='line_1_10' title="bbox 302 1187 1891 1259; baseline 0 -16"><span class='ocrx_word' id='word_1_59' title='bbox 302 1187 392 1243; x_wconf 82' lang='lat'>32.</span> <span class='ocrx_word' id='word_1_60' title='bbox 428 1188 691 1243; x_wconf 81' lang='lat' dir='ltr'>Fortasse</span> <span class='ocrx_word' id='word_1_61' title='bbox 722 1203 857 1259; x_wconf 90' lang='lat' dir='ltr'>ergo</span> <span class='ocrx_word' id='word_1_62' title='bbox 879 1187 1162 1259; x_wconf 90' lang='lat' dir='ltr'>jubemur</span> <span class='ocrx_word' id='word_1_63' title='bbox 1194 1192 1304 1242; x_wconf 90' lang='lat' dir='ltr'>Deo</span> <span class='ocrx_word' id='word_1_64' title='bbox 1335 1188 1684 1255; x_wconf 89' lang='lat' dir='ltr'>consentire,</span> <span class='ocrx_word' id='word_1_65' title='bbox 1719 1191 1774 1242; x_wconf 91' lang='lat' dir='ltr'>et</span> <span class='ocrx_word' id='word_1_66' title='bbox 1803 1187 1891 1243; x_wconf 89' lang='lat' dir='ltr'>illi</span> 
     </span>
    </p>
   </div>
   <div class='ocr_carea' id='block_1_11' title="bbox 228 1276 1888 1347">
    <p class='ocr_par' dir='ltr' id='par_1_11' title="bbox 228 1276 1888 1347">
     <span class='ocr_line' id='line_1_11' title="bbox 228 1276 1888 1347; baseline -0.002 -13"><span class='ocrx_word' id='word_1_67' title='bbox 228 1291 362 1334; x_wconf 75' lang='lat' dir='ltr'>esse</span> <span class='ocrx_word' id='word_1_68' title='bbox 392 1276 677 1345; x_wconf 86' lang='lat' dir='ltr'>benevoli,</span> <span class='ocrx_word' id='word_1_69' title='bbox 714 1281 777 1331; x_wconf 89' lang='lat' dir='ltr'>ut</span> <span class='ocrx_word' id='word_1_70' title='bbox 806 1277 853 1331; x_wconf 88' lang='lat' dir='ltr'>ei</span> <span class='ocrx_word' id='word_1_71' title='bbox 891 1277 1357 1345; x_wconf 90' lang='lat' dir='ltr'>reconciliemur,</span> <span class='ocrx_word' id='word_1_72' title='bbox 1380 1294 1413 1331; x_wconf 90' lang='lat' dir='ltr'>a</span> <span class='ocrx_word' id='word_1_73' title='bbox 1444 1294 1561 1347; x_wconf 91' lang='lat' dir='ltr'>quo</span> <span class='ocrx_word' id='word_1_74' title='bbox 1595 1278 1888 1347; x_wconf 89' lang='lat' dir='ltr'>peccando</span> 
     </span>
    </p>
   </div>
   <div class='ocr_carea' id='block_1_12' title="bbox 231 1365 1889 1436">
    <p class='ocr_par' dir='ltr' id='par_1_12' title="bbox 231 1365 1889 1436">
     <span class='ocr_line' id='line_1_12' title="bbox 231 1365 1889 1436; baseline -0.002 -13"><span class='ocrx_word' id='word_1_75' title='bbox 231 1365 420 1423; x_wconf 83' lang='lat' dir='ltr'>aversi</span> <span class='ocrx_word' id='word_1_76' title='bbox 452 1370 750 1436; x_wconf 90' lang='lat' dir='ltr'>sumus,ut</span> <span class='ocrx_word' id='word_1_77' title='bbox 782 1366 1152 1421; x_wconf 87' lang='lat' dir='ltr'>adversarius</span> <span class='ocrx_word' id='word_1_78' title='bbox 1182 1369 1379 1421; x_wconf 81' lang='lat' dir='ltr'>noster</span> <span class='ocrx_word' id='word_1_79' title='bbox 1400 1366 1512 1419; x_wconf 90' lang='lat' dir='ltr'>dici</span> <span class='ocrx_word' id='word_1_80' title='bbox 1539 1365 1889 1436; x_wconf 87' lang='lat' dir='ltr'>possit.Qui-</span> 
     </span>
    </p>
   </div>
   <div class='ocr_carea' id='block_1_13' title="bbox 232 1454 1885 1525">
    <p class='ocr_par' dir='ltr' id='par_1_13' title="bbox 232 1454 1885 1525">
     <span class='ocr_line' id='line_1_13' title="bbox 232 1454 1885 1525; baseline -0.001 -14"><span class='ocrx_word' id='word_1_81' title='bbox 232 1456 347 1511; x_wconf 91' lang='lat' dir='ltr'>bus</span> <span class='ocrx_word' id='word_1_82' title='bbox 372 1455 527 1510; x_wconf 91' lang='lat' dir='ltr'>enim</span> <span class='ocrx_word' id='word_1_83' title='bbox 550 1454 791 1525; x_wconf 85' lang='lat' dir='ltr'>resistit,</span> <span class='ocrx_word' id='word_1_84' title='bbox 826 1458 976 1510; x_wconf 88' lang='lat' dir='ltr'>recte</span> <span class='ocrx_word' id='word_1_85' title='bbox 998 1454 1212 1509; x_wconf 91' lang='lat' dir='ltr'>dicitur</span> <span class='ocrx_word' id='word_1_86' title='bbox 1239 1471 1440 1509; x_wconf 90' lang='lat' dir='ltr'>eorum</span> <span class='ocrx_word' id='word_1_87' title='bbox 1471 1454 1885 1510; x_wconf 86' lang='lat' dir='ltr'>adversarius:</span> 
     </span>
    </p>
   </div>
   <div class='ocr_carea' id='block_1_14' title="bbox 230 1543 1892 1615">
    <p class='ocr_par' dir='ltr' id='par_1_14' title="bbox 230 1543 1892 1615">
     <span class='ocr_line' id='line_1_14' title="bbox 230 1543 1892 1615; baseline -0.001 -15"><span class='ocrx_word' id='word_1_88' title='bbox 230 1546 375 1600; x_wconf 82' lang='lat' dir='ltr'>Deus</span> <span class='ocrx_word' id='word_1_89' title='bbox 403 1543 558 1599; x_wconf 83' lang='lat' dir='ltr'>enim</span> <span class='ocrx_word' id='word_1_90' title='bbox 589 1544 839 1615; x_wconf 81' lang='lat' dir='ltr'>superbis</span> <span class='ocrx_word' id='word_1_91' title='bbox 869 1544 1412 1613; x_wconf 85' lang='lat' dir='ltr'>resistit,humilibus</span> <span class='ocrx_word' id='word_1_92' title='bbox 1444 1550 1626 1598; x_wconf 83' lang='lat' dir='ltr'>autem</span> <span class='ocrx_word' id='word_1_93' title='bbox 1645 1543 1740 1598; x_wconf 87' lang='lat' dir='ltr'>dat</span> <span class='ocrx_word' id='word_1_94' title='bbox 1765 1560 1892 1613; x_wconf 87' lang='lat' dir='ltr'>gra-</span> 
     </span>
    </p>
   </div>
   <div class='ocr_carea' id='block_1_15' title="bbox 226 1633 1888 1704">
    <p class='ocr_par' dir='ltr' id='par_1_15' title="bbox 226 1633 1888 1704">
     <span class='ocr_line' id='line_1_15' title="bbox 226 1633 1888 1704; baseline -0.001 -16"><span class='ocrx_word' id='word_1_95' title='bbox 226 1635 369 1689; x_wconf 78' lang='lat' dir='ltr'>tiam</span> <span class='ocrx_word' id='word_1_96' title='bbox 398 1634 605 1703; x_wconf 82' lang='lat' dir='ltr'>(Jacobi</span> <span class='ocrx_word' id='word_1_97' title='bbox 634 1649 710 1699; x_wconf 84' lang='lat' dir='ltr'>1v,</span> <span class='ocrx_word' id='word_1_98' title='bbox 743 1633 797 1704; x_wconf 87' lang='lat'>6)</span> <span class='ocrx_word' id='word_1_99' title='bbox 824 1649 836 1700; x_wconf 89' lang='lat'>;</span> <span class='ocrx_word' id='word_1_100' title='bbox 870 1636 946 1700; x_wconf 90' lang='lat' dir='ltr'>et,</span> <span class='ocrx_word' id='word_1_101' title='bbox 979 1633 1213 1687; x_wconf 76' lang='lat' dir='ltr'>Initium</span> <span class='ocrx_word' id='word_1_102' title='bbox 1243 1634 1420 1688; x_wconf 87' lang='lat' dir='ltr'>omnis</span> <span class='ocrx_word' id='word_1_103' title='bbox 1452 1634 1667 1703; x_wconf 78' lang='lat' dir='ltr'>peccati</span> <span class='ocrx_word' id='word_1_104' title='bbox 1693 1648 1888 1703; x_wconf 87' lang='lat' dir='ltr'>super-</span> 
     </span>
    </p>
   </div>
   <div class='ocr_carea' id='block_1_16' title="bbox 232 1721 1889 1794">
    <p class='ocr_par' dir='ltr' id='par_1_16' title="bbox 232 1721 1889 1794">
     <span class='ocr_line' id='line_1_16' title="bbox 232 1721 1889 1794; baseline -0.001 -16"><span class='ocrx_word' id='word_1_105' title='bbox 232 1724 323 1779; x_wconf 88' lang='lat' dir='ltr'>bia</span> <span class='ocrx_word' id='word_1_106' title='bbox 339 1740 359 1784; x_wconf 83' lang='lat'>;</span> <span class='ocrx_word' id='word_1_107' title='bbox 381 1723 607 1777; x_wconf 86' lang='lat' dir='ltr'>initium</span> <span class='ocrx_word' id='word_1_108' title='bbox 635 1731 818 1777; x_wconf 80' lang='lat' dir='ltr'>autem</span> <span class='ocrx_word' id='word_1_109' title='bbox 837 1721 1108 1793; x_wconf 71' lang='lat' dir='ltr'>superbiae</span> <span class='ocrx_word' id='word_1_110' title='bbox 1127 1722 1709 1794; x_wconf 81' lang='lat' dir='ltr'>hominis,apostatare</span> <span class='ocrx_word' id='word_1_111' title='bbox 1730 1740 1764 1778; x_wconf 89' lang='lat' dir='ltr'>a</span> <span class='ocrx_word' id='word_1_112' title='bbox 1781 1724 1889 1778; x_wconf 85' lang='lat' dir='ltr'>Deo</span> 
     </span>
    </p>
   </div>
   <div class='ocr_carea' id='block_1_17' title="bbox 230 1809 1892 1883">
    <p class='ocr_par' dir='ltr' id='par_1_17' title="bbox 230 1809 1892 1883">
     <span class='ocr_line' id='line_1_17' title="bbox 230 1809 1892 1883; baseline 0 -18"><span class='ocrx_word' id='word_1_113' title='bbox 230 1810 423 1883; x_wconf 84' lang='lat' dir='ltr'>(Eccli.</span> <span class='ocrx_word' id='word_1_114' title='bbox 455 1826 512 1879; x_wconf 86' lang='lat' dir='ltr'>x,</span> <span class='ocrx_word' id='word_1_115' title='bbox 544 1810 628 1875; x_wconf 89' lang='grc'>15,</span> <span class='ocrx_word' id='word_1_116' title='bbox 665 1810 791 1878; x_wconf 78' lang='grc'>14);</span> <span class='ocrx_word' id='word_1_117' title='bbox 825 1813 881 1864; x_wconf 90' lang='lat' dir='ltr'>ct</span> <span class='ocrx_word' id='word_1_118' title='bbox 921 1810 1237 1880; x_wconf 83' lang='lat' dir='ltr'>Apostolus</span> <span class='ocrx_word' id='word_1_119' title='bbox 1288 1809 1451 1875; x_wconf 88' lang='lat' dir='ltr'>dicit,</span> <span class='ocrx_word' id='word_1_120' title='bbox 1487 1809 1545 1864; x_wconf 88' lang='lat' dir='ltr'>Si</span> <span class='ocrx_word' id='word_1_121' title='bbox 1574 1811 1721 1864; x_wconf 86' lang='lat' dir='ltr'>enim</span> <span class='ocrx_word' id='word_1_122' title='bbox 1764 1826 1892 1865; x_wconf 79' lang='lat' dir='ltr'>cum</span> 
     </span>
    </p>
   </div>
   <div class='ocr_carea' id='block_1_18' title="bbox 235 1899 1889 1971">
    <p class='ocr_par' dir='ltr' id='par_1_18' title="bbox 235 1899 1889 1971">
     <span class='ocr_line' id='line_1_18' title="bbox 235 1899 1889 1971; baseline -0.001 -16"><span class='ocrx_word' id='word_1_123' title='bbox 235 1900 461 1955; x_wconf 82' lang='lat' dir='ltr'>inimici</span> <span class='ocrx_word' id='word_1_124' title='bbox 486 1915 745 1963; x_wconf 77' lang='lat' dir='ltr'>essemus,</span> <span class='ocrx_word' id='word_1_125' title='bbox 777 1899 1120 1954; x_wconf 81' lang='lat' dir='ltr'>reconciliati</span> <span class='ocrx_word' id='word_1_126' title='bbox 1145 1915 1333 1953; x_wconf 85' lang='lat' dir='ltr'>sumus</span> <span class='ocrx_word' id='word_1_127' title='bbox 1382 1902 1493 1955; x_wconf 82' lang='lat' dir='ltr'>Deo</span> <span class='ocrx_word' id='word_1_128' title='bbox 1518 1916 1617 1971; x_wconf 88' lang='lat' dir='ltr'>per</span> <span class='ocrx_word' id='word_1_129' title='bbox 1657 1904 1889 1955; x_wconf 86' lang='lat' dir='ltr'>mortem</span> 
     </span>
    </p>
   </div>
   <div class='ocr_carea' id='block_1_19' title="bbox 235 1988 1890 2057">
    <p class='ocr_par' dir='ltr' id='par_1_19' title="bbox 235 1988 1890 2057">
     <span class='ocr_line' id='line_1_19' title="bbox 235 1988 1890 2057; baseline 0 -14"><span class='ocrx_word' id='word_1_130' title='bbox 235 1988 373 2045; x_wconf 82' lang='lat' dir='ltr'>Filii</span> <span class='ocrx_word' id='word_1_131' title='bbox 399 1988 714 2056; x_wconf 81' lang='lat' dir='ltr'>eius,multo</span> <span class='ocrx_word' id='word_1_132' title='bbox 729 1990 908 2057; x_wconf 88' lang='lat' dir='ltr'>magis</span> <span class='ocrx_word' id='word_1_133' title='bbox 937 1988 1284 2043; x_wconf 83' lang='lat' dir='ltr'>reconciliati</span> <span class='ocrx_word' id='word_1_134' title='bbox 1296 1988 1437 2043; x_wconf 88' lang='lat' dir='ltr'>salvi</span> <span class='ocrx_word' id='word_1_135' title='bbox 1464 1989 1666 2043; x_wconf 90' lang='lat' dir='ltr'>erimus</span> <span class='ocrx_word' id='word_1_136' title='bbox 1690 1989 1746 2043; x_wconf 89' lang='lat' dir='ltr'>in</span> <span class='ocrx_word' id='word_1_137' title='bbox 1774 1991 1890 2043; x_wconf 85' lang='lat' dir='ltr'>vita</span> 
     </span>
    </p>
   </div>
   <div class='ocr_carea' id='block_1_20' title="bbox 236 2076 1886 2149">
    <p class='ocr_par' dir='ltr' id='par_1_20' title="bbox 236 2076 1886 2149">
     <span class='ocr_line' id='line_1_20' title="bbox 236 2076 1886 2149; baseline 0 -16"><span class='ocrx_word' id='word_1_138' title='bbox 236 2077 410 2149; x_wconf 86' lang='lat' dir='ltr'>ipsius</span> <span class='ocrx_word' id='word_1_139' title='bbox 439 2077 610 2148; x_wconf 81' lang='lat' dir='ltr'>(Rom.</span> <span class='ocrx_word' id='word_1_140' title='bbox 640 2093 695 2143; x_wconf 92' lang='lat' dir='ltr'>v,</span> <span class='ocrx_word' id='word_1_141' title='bbox 728 2077 839 2148; x_wconf 86' lang='grc'>10).</span> <span class='ocrx_word' id='word_1_142' title='bbox 876 2077 952 2131; x_wconf 84' lang='lat' dir='ltr'>Ex</span> <span class='ocrx_word' id='word_1_143' title='bbox 982 2092 1097 2148; x_wconf 92' lang='lat' dir='ltr'>quo</span> <span class='ocrx_word' id='word_1_144' title='bbox 1130 2076 1380 2148; x_wconf 86' lang='lat' dir='ltr'>intelligi</span> <span class='ocrx_word' id='word_1_145' title='bbox 1422 2080 1631 2148; x_wconf 87' lang='lat' dir='ltr'>potest,</span> <span class='ocrx_word' id='word_1_146' title='bbox 1663 2076 1886 2133; x_wconf 90' lang='lat' dir='ltr'>nullam</span> 
     </span>
    </p>
   </div>
   <div class='ocr_carea' id='block_1_21' title="bbox 228 2162 1888 2234">
    <p class='ocr_par' dir='ltr' id='par_1_21' title="bbox 228 2162 1888 2234">
     <span class='ocr_line' id='line_1_21' title="bbox 228 2162 1888 2234; baseline -0.001 -13"><span class='ocrx_word' id='word_1_147' title='bbox 228 2168 503 2221; x_wconf 88' lang='lat' dir='ltr'>naturam</span> <span class='ocrx_word' id='word_1_148' title='bbox 539 2162 755 2219; x_wconf 90' lang='lat' dir='ltr'>malam</span> <span class='ocrx_word' id='word_1_149' title='bbox 785 2163 1085 2218; x_wconf 92' lang='lat' dir='ltr'>inimicam</span> <span class='ocrx_word' id='word_1_150' title='bbox 1112 2165 1221 2218; x_wconf 91' lang='lat' dir='ltr'>Deo</span> <span class='ocrx_word' id='word_1_151' title='bbox 1254 2163 1888 2234; x_wconf 88' lang='lat' dir='ltr'>esse,quandoquidem</span> 
     </span>
    </p>
   </div>
   <div class='ocr_carea' id='block_1_22' title="bbox 229 2251 1889 2327">
    <p class='ocr_par' dir='ltr' id='par_1_22' title="bbox 229 2251 1889 2327">
     <span class='ocr_line' id='line_1_22' title="bbox 229 2251 1889 2327; baseline -0.001 -18"><span class='ocrx_word' id='word_1_152' title='bbox 229 2253 345 2327; x_wconf 89' lang='lat' dir='ltr'>ipsi</span> <span class='ocrx_word' id='word_1_153' title='bbox 377 2252 824 2309; x_wconf 88' lang='lat' dir='ltr'>reconciliantur</span> <span class='ocrx_word' id='word_1_154' title='bbox 853 2255 952 2323; x_wconf 91' lang='lat' dir='ltr'>qui</span> <span class='ocrx_word' id='word_1_155' title='bbox 982 2251 1212 2306; x_wconf 89' lang='lat' dir='ltr'>inimici</span> <span class='ocrx_word' id='word_1_156' title='bbox 1245 2251 1783 2323; x_wconf 86' lang='lat' dir='ltr'>fuerunt.Quisquis</span> <span class='ocrx_word' id='word_1_157' title='bbox 1803 2266 1889 2307; x_wconf 87' lang='lat' dir='ltr'>er-</span> 
     </span>
    </p>
   </div>
   <div class='ocr_carea' id='block_1_23' title="bbox 230 2340 1886 2416">
    <p class='ocr_par' dir='ltr' id='par_1_23' title="bbox 230 2340 1886 2416">
     <span class='ocr_line' id='line_1_23' title="bbox 230 2340 1886 2416; baseline -0.001 -19"><span class='ocrx_word' id='word_1_158' title='bbox 230 2359 302 2416; x_wconf 90' lang='lat' dir='ltr'>go</span> <span class='ocrx_word' id='word_1_159' title='bbox 333 2342 392 2397; x_wconf 91' lang='lat' dir='ltr'>in</span> <span class='ocrx_word' id='word_1_160' title='bbox 424 2342 535 2398; x_wconf 86' lang='lat' dir='ltr'>hac</span> <span class='ocrx_word' id='word_1_161' title='bbox 564 2341 677 2412; x_wconf 89' lang='lat' dir='ltr'>via,</span> <span class='ocrx_word' id='word_1_162' title='bbox 710 2341 768 2395; x_wconf 88' lang='lat' dir='ltr'>id</span> <span class='ocrx_word' id='word_1_163' title='bbox 820 2346 910 2396; x_wconf 89' lang='lat' dir='ltr'>est</span> <span class='ocrx_word' id='word_1_164' title='bbox 938 2341 996 2395; x_wconf 92' lang='lat' dir='ltr'>in</span> <span class='ocrx_word' id='word_1_165' title='bbox 1035 2341 1139 2396; x_wconf 89' lang='lat' dir='ltr'>hac</span> <span class='ocrx_word' id='word_1_166' title='bbox 1172 2341 1309 2406; x_wconf 87' lang='lat' dir='ltr'>vita,</span> <span class='ocrx_word' id='word_1_167' title='bbox 1335 2357 1449 2395; x_wconf 91' lang='lat' dir='ltr'>non</span> <span class='ocrx_word' id='word_1_168' title='bbox 1485 2340 1658 2395; x_wconf 87' lang='lat' dir='ltr'>fuerit</span> <span class='ocrx_word' id='word_1_169' title='bbox 1687 2356 1886 2396; x_wconf 90' lang='lat' dir='ltr'>recon-</span> 
     </span>
    </p>
   </div>
   <div class='ocr_carea' id='block_1_24' title="bbox 224 2428 1887 2501">
    <p class='ocr_par' dir='ltr' id='par_1_24' title="bbox 224 2428 1887 2501">
     <span class='ocr_line' id='line_1_24' title="bbox 224 2428 1887 2501; baseline -0.001 -15"><span class='ocrx_word' id='word_1_170' title='bbox 224 2430 460 2486; x_wconf 87' lang='lat' dir='ltr'>ciliatus</span> <span class='ocrx_word' id='word_1_171' title='bbox 493 2431 607 2485; x_wconf 92' lang='lat' dir='ltr'>Deo</span> <span class='ocrx_word' id='word_1_172' title='bbox 641 2447 742 2501; x_wconf 88' lang='lat' dir='ltr'>per</span> <span class='ocrx_word' id='word_1_173' title='bbox 772 2438 1017 2484; x_wconf 90' lang='lat' dir='ltr'>mortem</span> <span class='ocrx_word' id='word_1_174' title='bbox 1052 2428 1181 2484; x_wconf 87' lang='lat' dir='ltr'>Filii</span> <span class='ocrx_word' id='word_1_175' title='bbox 1213 2430 1364 2500; x_wconf 87' lang='lat' dir='ltr'>ejus,</span> <span class='ocrx_word' id='word_1_176' title='bbox 1396 2430 1662 2484; x_wconf 89' lang='lat' dir='ltr'>tradetur</span> <span class='ocrx_word' id='word_1_177' title='bbox 1698 2429 1887 2499; x_wconf 87' lang='lat' dir='ltr'>judici</span> 
     </span>
    </p>
   </div>
   <div class='ocr_carea' id='block_1_25' title="bbox 223 2517 1890 2590">
    <p class='ocr_par' dir='ltr' id='par_1_25' title="bbox 223 2517 1890 2590">
     <span class='ocr_line' id='line_1_25' title="bbox 223 2517 1890 2590; baseline -0.001 -15"><span class='ocrx_word' id='word_1_178' title='bbox 223 2520 296 2575; x_wconf 90' lang='lat' dir='ltr'>ab</span> <span class='ocrx_word' id='word_1_179' title='bbox 327 2518 428 2575; x_wconf 92' lang='lat' dir='ltr'>illo</span> <span class='ocrx_word' id='word_1_180' title='bbox 455 2536 468 2588; x_wconf 94' lang='lat'>;</span> <span class='ocrx_word' id='word_1_181' title='bbox 502 2519 641 2590; x_wconf 88' lang='lat' dir='ltr'>quia</span> <span class='ocrx_word' id='word_1_182' title='bbox 674 2520 847 2573; x_wconf 82' lang='lat' dir='ltr'>Pater</span> <span class='ocrx_word' id='word_1_183' title='bbox 876 2534 983 2573; x_wconf 86' lang='lat' dir='ltr'>non</span> <span class='ocrx_word' id='word_1_184' title='bbox 1008 2518 1227 2589; x_wconf 83' lang='lat' dir='ltr'>judicat</span> <span class='ocrx_word' id='word_1_185' title='bbox 1258 2534 1603 2589; x_wconf 70' lang='lat' dir='ltr'>quamquam,</span> <span class='ocrx_word' id='word_1_186' title='bbox 1618 2517 1709 2573; x_wconf 87' lang='lat' dir='ltr'>sed</span> <span class='ocrx_word' id='word_1_187' title='bbox 1728 2534 1890 2573; x_wconf 87' lang='lat' dir='ltr'>omne</span> 
     </span>
    </p>
   </div>
   <div class='ocr_carea' id='block_1_26' title="bbox 212 2606 1888 2680">
    <p class='ocr_par' dir='ltr' id='par_1_26' title="bbox 212 2606 1888 2680">
     <span class='ocr_line' id='line_1_26' title="bbox 212 2606 1888 2680; baseline -0.001 -17"><span class='ocrx_word' id='word_1_188' title='bbox 212 2608 491 2680; x_wconf 81' lang='lat' dir='ltr'>judicium</span> <span class='ocrx_word' id='word_1_189' title='bbox 540 2607 686 2664; x_wconf 83' lang='lat' dir='ltr'>dedit</span> <span class='ocrx_word' id='word_1_190' title='bbox 716 2608 858 2661; x_wconf 81' lang='lat' dir='ltr'>Filio</span> <span class='ocrx_word' id='word_1_191' title='bbox 890 2626 908 2661; x_wconf 88' lang='lat'><strong><em>:</em></strong></span> <span class='ocrx_word' id='word_1_192' title='bbox 941 2612 1115 2677; x_wconf 89' lang='lat' dir='ltr'>atque</span> <span class='ocrx_word' id='word_1_193' title='bbox 1144 2606 1227 2661; x_wconf 88' lang='lat' dir='ltr'>ita</span> <span class='ocrx_word' id='word_1_194' title='bbox 1277 2611 1486 2662; x_wconf 73' lang='lat' dir='ltr'>caatera</span> <span class='ocrx_word' id='word_1_195' title='bbox 1517 2623 1644 2677; x_wconf 73' lang='lat' dir='ltr'>quae</span> <span class='ocrx_word' id='word_1_196' title='bbox 1678 2606 1736 2661; x_wconf 87' lang='lat' dir='ltr'>in</span> <span class='ocrx_word' id='word_1_197' title='bbox 1778 2606 1888 2661; x_wconf 91' lang='lat' dir='ltr'>hoc</span> 
     </span>
    </p>
   </div>
   <div class='ocr_carea' id='block_1_27' title="bbox 226 2695 1888 2769">
    <p class='ocr_par' dir='ltr' id='par_1_27' title="bbox 226 2695 1888 2769">
     <span class='ocr_line' id='line_1_27' title="bbox 226 2695 1888 2769; baseline -0.001 -16"><span class='ocrx_word' id='word_1_198' title='bbox 226 2696 481 2769; x_wconf 89' lang='lat' dir='ltr'>capitulo</span> <span class='ocrx_word' id='word_1_199' title='bbox 513 2695 732 2767; x_wconf 89' lang='lat' dir='ltr'>scripta</span> <span class='ocrx_word' id='word_1_200' title='bbox 763 2700 903 2752; x_wconf 90' lang='lat' dir='ltr'>sunt</span> <span class='ocrx_word' id='word_1_201' title='bbox 935 2700 1399 2768; x_wconf 88' lang='lat' dir='ltr'>consequuntur,</span> <span class='ocrx_word' id='word_1_202' title='bbox 1421 2696 1491 2751; x_wconf 91' lang='lat' dir='ltr'>de</span> <span class='ocrx_word' id='word_1_203' title='bbox 1521 2696 1738 2767; x_wconf 86' lang='lat' dir='ltr'>quibus</span> <span class='ocrx_word' id='word_1_204' title='bbox 1760 2696 1888 2766; x_wconf 90' lang='lat' dir='ltr'>jam</span> 
     </span>
    </p>
   </div>
   <div class='ocr_carea' id='block_1_28' title="bbox 229 2784 1889 2857">
    <p class='ocr_par' dir='ltr' id='par_1_28' title="bbox 229 2784 1889 2857">
     <span class='ocr_line' id='line_1_28' title="bbox 229 2784 1889 2857; baseline -0.002 -15"><span class='ocrx_word' id='word_1_205' title='bbox 229 2785 830 2842; x_wconf 78' lang='lat' dir='ltr'>tractavimus.Unum</span> <span class='ocrx_word' id='word_1_206' title='bbox 864 2785 1056 2841; x_wconf 89' lang='lat' dir='ltr'>solum</span> <span class='ocrx_word' id='word_1_207' title='bbox 1097 2791 1185 2840; x_wconf 89' lang='lat' dir='ltr'>est</span> <span class='ocrx_word' id='word_1_208' title='bbox 1215 2786 1366 2857; x_wconf 91' lang='lat' dir='ltr'>quod</span> <span class='ocrx_word' id='word_1_209' title='bbox 1400 2784 1537 2840; x_wconf 87' lang='lat' dir='ltr'>huic</span> <span class='ocrx_word' id='word_1_210' title='bbox 1569 2784 1889 2840; x_wconf 88' lang='lat' dir='ltr'>intellectui</span> 
     </span>
    </p>
   </div>
   <div class='ocr_carea' id='block_1_29' title="bbox 234 2874 1890 2947">
    <p class='ocr_par' dir='ltr' id='par_1_29' title="bbox 234 2874 1890 2947">
     <span class='ocr_line' id='line_1_29' title="bbox 234 2874 1890 2947; baseline -0.001 -16"><span class='ocrx_word' id='word_1_211' title='bbox 234 2874 636 2931; x_wconf 86' lang='lat' dir='ltr'>difficultatem</span> <span class='ocrx_word' id='word_1_212' title='bbox 666 2874 822 2943; x_wconf 82' lang='lat' dir='ltr'>facit,</span> <span class='ocrx_word' id='word_1_213' title='bbox 843 2875 1140 2946; x_wconf 91' lang='lat' dir='ltr'>quomodo</span> <span class='ocrx_word' id='word_1_214' title='bbox 1174 2874 1359 2947; x_wconf 87' lang='lat' dir='ltr'>possit</span> <span class='ocrx_word' id='word_1_215' title='bbox 1388 2878 1540 2930; x_wconf 88' lang='lat' dir='ltr'>recte</span> <span class='ocrx_word' id='word_1_216' title='bbox 1565 2874 1676 2929; x_wconf 92' lang='lat' dir='ltr'>dici</span> <span class='ocrx_word' id='word_1_217' title='bbox 1711 2874 1769 2929; x_wconf 92' lang='lat' dir='ltr'>in</span> <span class='ocrx_word' id='word_1_218' title='bbox 1798 2874 1890 2930; x_wconf 90' lang='lat' dir='ltr'>via</span> 
     </span>
    </p>
   </div>
   <div class='ocr_carea' id='block_1_30' title="bbox 237 2963 1891 3035">
    <p class='ocr_par' dir='ltr' id='par_1_30' title="bbox 237 2963 1891 3035">
     <span class='ocr_line' id='line_1_30' title="bbox 237 2963 1891 3035; baseline -0.001 -14"><span class='ocrx_word' id='word_1_219' title='bbox 237 2981 343 3021; x_wconf 88' lang='lat' dir='ltr'>nos</span> <span class='ocrx_word' id='word_1_220' title='bbox 373 2981 502 3020; x_wconf 90' lang='lat' dir='ltr'>esse</span> <span class='ocrx_word' id='word_1_221' title='bbox 532 2981 664 3019; x_wconf 90' lang='lat' dir='ltr'>cum</span> <span class='ocrx_word' id='word_1_222' title='bbox 698 2965 833 3030; x_wconf 92' lang='lat' dir='ltr'>Deo,</span> <span class='ocrx_word' id='word_1_223' title='bbox 857 2964 904 3020; x_wconf 89' lang='lat' dir='ltr'>si</span> <span class='ocrx_word' id='word_1_224' title='bbox 937 2964 1046 3018; x_wconf 91' lang='lat' dir='ltr'>hoc</span> <span class='ocrx_word' id='word_1_225' title='bbox 1079 2963 1203 3019; x_wconf 87' lang='lat' dir='ltr'>loco</span> <span class='ocrx_word' id='word_1_226' title='bbox 1237 2964 1363 3035; x_wconf 90' lang='lat' dir='ltr'>ipse</span> <span class='ocrx_word' id='word_1_227' title='bbox 1394 2963 1770 3034; x_wconf 89' lang='lat' dir='ltr'>accipiendus</span> <span class='ocrx_word' id='word_1_228' title='bbox 1802 2968 1891 3019; x_wconf 88' lang='lat' dir='ltr'>est</span> 
     </span>
    </p>
   </div>
   <div class='ocr_carea' id='block_1_31' title="bbox 237 3052 1890 3125">
    <p class='ocr_par' dir='ltr' id='par_1_31' title="bbox 237 3052 1890 3125">
     <span class='ocr_line' id='line_1_31' title="bbox 237 3052 1890 3125; baseline -0.001 -15"><span class='ocrx_word' id='word_1_229' title='bbox 237 3053 608 3112; x_wconf 87' lang='lat' dir='ltr'>adversarius</span> <span class='ocrx_word' id='word_1_230' title='bbox 637 3052 1080 3125; x_wconf 83' lang='lat' dir='ltr'>impiorum,cui</span> <span class='ocrx_word' id='word_1_231' title='bbox 1102 3052 1388 3124; x_wconf 86' lang='lat' dir='ltr'>jubemur</span> <span class='ocrx_word' id='word_1_232' title='bbox 1408 3052 1521 3107; x_wconf 88' lang='lat' dir='ltr'>cito</span> <span class='ocrx_word' id='word_1_233' title='bbox 1552 3052 1890 3108; x_wconf 89' lang='lat' dir='ltr'>reconcilia-</span> 
     </span>
    </p>
   </div>
   <div class='ocr_carea' id='block_1_32' title="bbox 236 3142 1894 3213">
    <p class='ocr_par' dir='ltr' id='par_1_32' title="bbox 236 3142 1894 3213">
     <span class='ocr_line' id='line_1_32' title="bbox 236 3142 1894 3213; baseline -0.001 -14"><span class='ocrx_word' id='word_1_234' title='bbox 236 3144 283 3199; x_wconf 87' lang='lat' dir='ltr'>ri</span> <span class='ocrx_word' id='word_1_235' title='bbox 320 3160 333 3199; x_wconf 89' lang='lat'><strong>:</strong></span> <span class='ocrx_word' id='word_1_236' title='bbox 368 3143 479 3198; x_wconf 87' lang='lat' dir='ltr'>nisi</span> <span class='ocrx_word' id='word_1_237' title='bbox 514 3143 660 3198; x_wconf 90' lang='lat' dir='ltr'>forte</span> <span class='ocrx_word' id='word_1_238' title='bbox 692 3142 829 3213; x_wconf 86' lang='lat' dir='ltr'>quia</span> <span class='ocrx_word' id='word_1_239' title='bbox 859 3143 987 3213; x_wconf 91' lang='lat' dir='ltr'>ipse</span> <span class='ocrx_word' id='word_1_240' title='bbox 1014 3143 1232 3212; x_wconf 90' lang='lat' dir='ltr'>ubique</span> <span class='ocrx_word' id='word_1_241' title='bbox 1261 3146 1369 3208; x_wconf 91' lang='lat' dir='ltr'>est,</span> <span class='ocrx_word' id='word_1_242' title='bbox 1403 3159 1510 3197; x_wconf 91' lang='lat' dir='ltr'>nos</span> <span class='ocrx_word' id='word_1_243' title='bbox 1553 3142 1730 3197; x_wconf 89' lang='lat' dir='ltr'>etiam</span> <span class='ocrx_word' id='word_1_244' title='bbox 1764 3158 1894 3198; x_wconf 89' lang='lat' dir='ltr'>cum</span> 
     </span>
    </p>
   </div>
   <div class='ocr_carea' id='block_1_33' title="bbox 234 3230 1893 3302">
    <p class='ocr_par' dir='ltr' id='par_1_33' title="bbox 234 3230 1893 3302">
     <span class='ocr_line' id='line_1_33' title="bbox 234 3230 1893 3302; baseline 0 -15"><span class='ocrx_word' id='word_1_245' title='bbox 234 3232 295 3287; x_wconf 92' lang='lat' dir='ltr'>in</span> <span class='ocrx_word' id='word_1_246' title='bbox 326 3232 435 3287; x_wconf 90' lang='lat' dir='ltr'>hac</span> <span class='ocrx_word' id='word_1_247' title='bbox 464 3232 557 3286; x_wconf 87' lang='lat' dir='ltr'>via</span> <span class='ocrx_word' id='word_1_248' title='bbox 588 3248 819 3301; x_wconf 90' lang='lat' dir='ltr'>sumus,</span> <span class='ocrx_word' id='word_1_249' title='bbox 842 3248 975 3286; x_wconf 91' lang='lat' dir='ltr'>cum</span> <span class='ocrx_word' id='word_1_250' title='bbox 1009 3231 1110 3286; x_wconf 91' lang='lat' dir='ltr'>illo</span> <span class='ocrx_word' id='word_1_251' title='bbox 1145 3232 1349 3302; x_wconf 90' lang='lat' dir='ltr'>utique</span> <span class='ocrx_word' id='word_1_252' title='bbox 1381 3248 1610 3299; x_wconf 91' lang='lat' dir='ltr'>sumus,</span> <span class='ocrx_word' id='word_1_253' title='bbox 1640 3232 1704 3287; x_wconf 87' lang='lat' dir='ltr'>Si</span> <span class='ocrx_word' id='word_1_254' title='bbox 1734 3230 1893 3287; x_wconf 90' lang='lat' dir='ltr'>enim</span> 
     </span>
    </p>
   </div>
   <div class='ocr_carea' id='block_1_34' title="bbox 233 3320 1894 3392">
    <p class='ocr_par' dir='ltr' id='par_1_34' title="bbox 233 3320 1894 3392">
     <span class='ocr_line' id='line_1_34' title="bbox 233 3320 1894 3392; baseline -0.001 -14"><span class='ocrx_word' id='word_1_255' title='bbox 233 3321 529 3378; x_wconf 86' lang='lat' dir='ltr'>ascendero</span> <span class='ocrx_word' id='word_1_256' title='bbox 558 3322 618 3375; x_wconf 87' lang='lat' dir='ltr'>in</span> <span class='ocrx_word' id='word_1_257' title='bbox 648 3321 863 3387; x_wconf 70' lang='lat' dir='ltr'>etclam,</span> <span class='ocrx_word' id='word_1_258' title='bbox 900 3320 1116 3392; x_wconf 88' lang='lat' dir='ltr'>inquit,</span> <span class='ocrx_word' id='word_1_259' title='bbox 1148 3326 1209 3375; x_wconf 88' lang='lat' dir='ltr'>tu</span> <span class='ocrx_word' id='word_1_260' title='bbox 1258 3321 1339 3375; x_wconf 87' lang='lat' dir='ltr'>ibi</span> <span class='ocrx_word' id='word_1_261' title='bbox 1366 3336 1419 3375; x_wconf 85' lang='lat' dir='ltr'>es</span> <span class='ocrx_word' id='word_1_262' title='bbox 1440 3337 1461 3382; x_wconf 87' lang='lat'>;</span> <span class='ocrx_word' id='word_1_263' title='bbox 1491 3322 1543 3375; x_wconf 89' lang='lat' dir='ltr'>si</span> <span class='ocrx_word' id='word_1_264' title='bbox 1570 3321 1894 3376; x_wconf 81' lang='lat' dir='ltr'>descendere</span> 
     </span>
    </p>
   </div>
   <div class='ocr_carea' id='block_1_35' title="bbox 233 3409 1894 3482">
    <p class='ocr_par' dir='ltr' id='par_1_35' title="bbox 233 3409 1894 3482">
     <span class='ocr_line' id='line_1_35' title="bbox 233 3409 1894 3482; baseline -0.002 -16"><span class='ocrx_word' id='word_1_265' title='bbox 233 3413 291 3467; x_wconf 87' lang='lat' dir='ltr'>in</span> <span class='ocrx_word' id='word_1_266' title='bbox 325 3412 627 3482; x_wconf 82' lang='lat' dir='ltr'>infernum,</span> <span class='ocrx_word' id='word_1_267' title='bbox 645 3409 771 3465; x_wconf 83' lang='lat' dir='ltr'>ades</span> <span class='ocrx_word' id='word_1_268' title='bbox 796 3427 809 3475; x_wconf 92' lang='lat'>;</span> <span class='ocrx_word' id='word_1_269' title='bbox 842 3411 894 3464; x_wconf 85' lang='lat' dir='ltr'>si</span> <span class='ocrx_word' id='word_1_270' title='bbox 922 3411 1192 3482; x_wconf 83' lang='lat' dir='ltr'>recipiam</span> <span class='ocrx_word' id='word_1_271' title='bbox 1214 3424 1425 3480; x_wconf 80' lang='lat' dir='ltr'>pennas</span> <span class='ocrx_word' id='word_1_272' title='bbox 1453 3425 1599 3464; x_wconf 85' lang='lat' dir='ltr'>meas</span> <span class='ocrx_word' id='word_1_273' title='bbox 1628 3412 1688 3465; x_wconf 88' lang='lat' dir='ltr'>in</span> <span class='ocrx_word' id='word_1_274' title='bbox 1718 3409 1894 3464; x_wconf 83' lang='lat' dir='ltr'>direc-</span> 
     </span>
    </p>
   </div>
   <div class='ocr_carea' id='block_1_36' title="bbox 232 3498 1899 3565">
    <p class='ocr_par' dir='ltr' id='par_1_36' title="bbox 232 3498 1899 3565">
     <span class='ocr_line' id='line_1_36' title="bbox 232 3498 1899 3565; baseline 0.001 -15"><span class='ocrx_word' id='word_1_275' title='bbox 232 3499 370 3565; x_wconf 81' lang='lat' dir='ltr'>tum,</span> <span class='ocrx_word' id='word_1_276' title='bbox 400 3504 454 3555; x_wconf 87' lang='lat' dir='ltr'>et</span> <span class='ocrx_word' id='word_1_277' title='bbox 505 3498 767 3554; x_wconf 84' lang='lat' dir='ltr'>habitabo</span> <span class='ocrx_word' id='word_1_278' title='bbox 798 3498 857 3552; x_wconf 88' lang='lat' dir='ltr'>in</span> <span class='ocrx_word' id='word_1_279' title='bbox 886 3499 1191 3555; x_wconf 84' lang='lat' dir='ltr'>novissima</span> <span class='ocrx_word' id='word_1_280' title='bbox 1224 3499 1239 3533; x_wconf 80' lang='grc' dir='ltr'>ί</span> <span class='ocrx_word' id='word_1_281' title='bbox 1273 3500 1490 3563; x_wconf 85' lang='lat' dir='ltr'>maris;</span> <span class='ocrx_word' id='word_1_282' title='bbox 1518 3500 1717 3554; x_wconf 85' lang='lat' dir='ltr'>etenim</span> <span class='ocrx_word' id='word_1_283' title='bbox 1762 3498 1899 3553; x_wconf 86' lang='lat' dir='ltr'>illuc</span> 
     </span>
    </p>
   </div>
   <div class='ocr_carea' id='block_1_37' title="bbox 234 3587 1897 3653">
    <p class='ocr_par' dir='ltr' id='par_1_37' title="bbox 234 3587 1897 3653">
     <span class='ocr_line' id='line_1_37' title="bbox 234 3587 1897 3653; baseline 0 -9"><span class='ocrx_word' id='word_1_284' title='bbox 234 3606 431 3644; x_wconf 86' lang='lat' dir='ltr'>manus</span> <span class='ocrx_word' id='word_1_285' title='bbox 460 3593 555 3643; x_wconf 89' lang='lat' dir='ltr'>tua</span> <span class='ocrx_word' id='word_1_286' title='bbox 607 3587 834 3643; x_wconf 82' lang='lat' dir='ltr'>deducet</span> <span class='ocrx_word' id='word_1_287' title='bbox 860 3604 964 3653; x_wconf 86' lang='lat' dir='ltr'>me,</span> <span class='ocrx_word' id='word_1_288' title='bbox 998 3592 1051 3642; x_wconf 86' lang='lat' dir='ltr'>et</span> <span class='ocrx_word' id='word_1_289' title='bbox 1078 3588 1381 3643; x_wconf 81' lang='lat' dir='ltr'>continebit</span> <span class='ocrx_word' id='word_1_290' title='bbox 1410 3605 1500 3642; x_wconf 86' lang='lat' dir='ltr'>me</span> <span class='ocrx_word' id='word_1_291' title='bbox 1548 3588 1775 3644; x_wconf 72' lang='lat' dir='ltr'>dextera</span> <span class='ocrx_word' id='word_1_292' title='bbox 1801 3591 1897 3644; x_wconf 86' lang='lat' dir='ltr'>tua</span> 
     </span>
    </p>
   </div>
   <div class='ocr_carea' id='block_1_38' title="bbox 233 3674 1897 3750">
    <p class='ocr_par' dir='ltr' id='par_1_38' title="bbox 233 3674 1897 3750">
     <span class='ocr_line' id='line_1_38' title="bbox 233 3674 1897 3750; baseline -0.002 -17"><span class='ocrx_word' id='word_1_293' title='bbox 233 3678 410 3750; x_wconf 86' lang='lat' dir='ltr'>(Psal.</span> <span class='ocrx_word' id='word_1_294' title='bbox 440 3694 713 3747; x_wconf 84' lang='lat' dir='ltr'>cxxxvm,</span> <span class='ocrx_word' id='word_1_295' title='bbox 738 3678 916 3747; x_wconf 78' lang='lat'>8—10).</span> <span class='ocrx_word' id='word_1_296' title='bbox 944 3679 1055 3731; x_wconf 89' lang='lat' dir='ltr'>Aut</span> <span class='ocrx_word' id='word_1_297' title='bbox 1085 3676 1133 3732; x_wconf 91' lang='lat' dir='ltr'>si</span> <span class='ocrx_word' id='word_1_298' title='bbox 1168 3693 1283 3732; x_wconf 90' lang='lat' dir='ltr'>non</span> <span class='ocrx_word' id='word_1_299' title='bbox 1318 3676 1510 3748; x_wconf 89' lang='lat' dir='ltr'>placet</span> <span class='ocrx_word' id='word_1_300' title='bbox 1539 3677 1753 3749; x_wconf 91' lang='lat' dir='ltr'>impios</span> <span class='ocrx_word' id='word_1_301' title='bbox 1782 3674 1897 3732; x_wconf 89' lang='lat' dir='ltr'>dici</span> 
     </span>
    </p>
   </div>
   <div class='ocr_carea' id='block_1_39' title="bbox 234 3766 1900 3839">
    <p class='ocr_par' dir='ltr' id='par_1_39' title="bbox 234 3766 1900 3839">
     <span class='ocr_line' id='line_1_39' title="bbox 234 3766 1900 3839; baseline -0.002 -15"><span class='ocrx_word' id='word_1_302' title='bbox 234 3784 363 3824; x_wconf 84' lang='lat' dir='ltr'>esse</span> <span class='ocrx_word' id='word_1_303' title='bbox 393 3783 524 3821; x_wconf 89' lang='lat' dir='ltr'>cum</span> <span class='ocrx_word' id='word_1_304' title='bbox 562 3766 697 3833; x_wconf 87' lang='lat' dir='ltr'>Deo,</span> <span class='ocrx_word' id='word_1_305' title='bbox 732 3782 1069 3837; x_wconf 84' lang='lat' dir='ltr'>quanquam</span> <span class='ocrx_word' id='word_1_306' title='bbox 1102 3782 1396 3839; x_wconf 87' lang='lat' dir='ltr'>nusquam</span> <span class='ocrx_word' id='word_1_307' title='bbox 1432 3782 1547 3821; x_wconf 89' lang='lat' dir='ltr'>non</span> <span class='ocrx_word' id='word_1_308' title='bbox 1581 3771 1790 3837; x_wconf 70' lang='lat' dir='ltr'>praesto</span> <span class='ocrx_word' id='word_1_309' title='bbox 1824 3766 1900 3822; x_wconf 93' lang='lat' dir='ltr'>sit</span> 
     </span>
    </p>
   </div>
   <div class='ocr_carea' id='block_1_40' title="bbox 240 3850 1897 3927">
    <p class='ocr_par' dir='ltr' id='par_1_40' title="bbox 240 3850 1897 3927">
     <span class='ocr_line' id='line_1_40' title="bbox 240 3850 1897 3927; baseline 0 -15"><span class='ocrx_word' id='word_1_310' title='bbox 240 3863 389 3912; x_wconf 89' lang='lat' dir='ltr'>Deus</span> <span class='ocrx_word' id='word_1_311' title='bbox 416 3856 957 3927; x_wconf 89' lang='lat' dir='ltr'>;quemadmodum</span> <span class='ocrx_word' id='word_1_312' title='bbox 990 3872 1104 3910; x_wconf 92' lang='lat' dir='ltr'>non</span> <span class='ocrx_word' id='word_1_313' title='bbox 1126 3850 1381 3909; x_wconf 80' lang='lat' dir='ltr'>dicimus</span> <span class='ocrx_word' id='word_1_314' title='bbox 1408 3871 1588 3910; x_wconf 85' lang='lat' dir='ltr'>caseos</span> <span class='ocrx_word' id='word_1_315' title='bbox 1621 3873 1748 3912; x_wconf 91' lang='lat' dir='ltr'>esse</span> <span class='ocrx_word' id='word_1_316' title='bbox 1764 3873 1897 3911; x_wconf 92' lang='lat' dir='ltr'>cum</span> 
     </span>
    </p>
   </div>
   <div class='ocr_carea' id='block_1_41' title="bbox 238 3943 1899 4013">
    <p class='ocr_par' dir='ltr' id='par_1_41' title="bbox 238 3943 1899 4013">
     <span class='ocr_line' id='line_1_41' title="bbox 238 3943 1899 4013; baseline -0.001 -11"><span class='ocrx_word' id='word_1_317' title='bbox 238 3944 631 4013; x_wconf 84' lang='lat' dir='ltr'>luce,tametsi</span> <span class='ocrx_word' id='word_1_318' title='bbox 664 3943 864 4000; x_wconf 92' lang='lat' dir='ltr'>oculos</span> <span class='ocrx_word' id='word_1_319' title='bbox 881 3961 1081 3999; x_wconf 88' lang='lat' dir='ltr'>eorum</span> <span class='ocrx_word' id='word_1_320' title='bbox 1102 3943 1199 3998; x_wconf 85' lang='lat' dir='ltr'>lux</span> <span class='ocrx_word' id='word_1_321' title='bbox 1223 3944 1691 4013; x_wconf 88' lang='lat' dir='ltr'>circumfundat;</span> <span class='ocrx_word' id='word_1_322' title='bbox 1713 3962 1899 4001; x_wconf 91' lang='lat' dir='ltr'>unum</span> 
     </span>
    </p>
   </div>
   <div class='ocr_carea' id='block_1_42' title="bbox 242 4032 1897 4107">
    <p class='ocr_par' dir='ltr' id='par_1_42' title="bbox 242 4032 1897 4107">
     <span class='ocr_line' id='line_1_42' title="bbox 242 4032 1897 4107; baseline -0.001 -16"><span class='ocrx_word' id='word_1_323' title='bbox 242 4035 532 4107; x_wconf 90' lang='lat' dir='ltr'>reliquum</span> <span class='ocrx_word' id='word_1_324' title='bbox 557 4037 742 4099; x_wconf 89' lang='lat' dir='ltr'>est,ut</span> <span class='ocrx_word' id='word_1_325' title='bbox 765 4032 855 4088; x_wconf 90' lang='lat' dir='ltr'>hic</span> <span class='ocrx_word' id='word_1_326' title='bbox 874 4032 1271 4088; x_wconf 90' lang='lat' dir='ltr'>adversarium</span> <span class='ocrx_word' id='word_1_327' title='bbox 1298 4037 1655 4105; x_wconf 59' lang='lat' dir='ltr'>praceptum</span> <span class='ocrx_word' id='word_1_328' title='bbox 1680 4034 1897 4103; x_wconf 91' lang='lat' dir='ltr'>Dei,in-</span> 
     </span>
    </p>
   </div>
   <div class='ocr_carea' id='block_1_43' title="bbox 240 4121 1897 4196">
    <p class='ocr_par' dir='ltr' id='par_1_43' title="bbox 240 4121 1897 4196">
     <span class='ocr_line' id='line_1_43' title="bbox 240 4121 1897 4196; baseline -0.001 -15"><span class='ocrx_word' id='word_1_329' title='bbox 240 4125 601 4196; x_wconf 87' lang='lat' dir='ltr'>telligamus.</span> <span class='ocrx_word' id='word_1_330' title='bbox 619 4123 764 4187; x_wconf 90' lang='lat' dir='ltr'>Quid</span> <span class='ocrx_word' id='word_1_331' title='bbox 791 4122 943 4177; x_wconf 91' lang='lat' dir='ltr'>enim</span> <span class='ocrx_word' id='word_1_332' title='bbox 968 4121 1052 4177; x_wconf 90' lang='lat' dir='ltr'>sic</span> <span class='ocrx_word' id='word_1_333' title='bbox 1075 4123 1419 4178; x_wconf 87' lang='lat' dir='ltr'>adversatur</span> <span class='ocrx_word' id='word_1_334' title='bbox 1442 4138 1679 4194; x_wconf 89' lang='lat' dir='ltr'>peccare</span> <span class='ocrx_word' id='word_1_335' title='bbox 1702 4123 1897 4179; x_wconf 90' lang='lat' dir='ltr'>volen-</span> 
     </span>
    </p>
   </div>
   <div class='ocr_carea' id='block_1_44' title="bbox 240 4212 1900 4285">
    <p class='ocr_par' dir='ltr' id='par_1_44' title="bbox 240 4212 1900 4285">
     <span class='ocr_line' id='line_1_44' title="bbox 240 4212 1900 4285; baseline -0.002 -15"><span class='ocrx_word' id='word_1_336' title='bbox 240 4214 399 4271; x_wconf 89' lang='lat' dir='ltr'>tibus</span> <span class='ocrx_word' id='word_1_337' title='bbox 421 4229 599 4284; x_wconf 89' lang='lat' dir='ltr'>quam</span> <span class='ocrx_word' id='word_1_338' title='bbox 624 4216 978 4284; x_wconf 59' lang='lat' dir='ltr'>praeceptum</span> <span class='ocrx_word' id='word_1_339' title='bbox 1004 4212 1188 4279; x_wconf 92' lang='lat' dir='ltr'>Dei,id</span> <span class='ocrx_word' id='word_1_340' title='bbox 1211 4217 1299 4267; x_wconf 89' lang='lat' dir='ltr'>est</span> <span class='ocrx_word' id='word_1_341' title='bbox 1318 4212 1407 4268; x_wconf 84' lang='lat' dir='ltr'>lex</span> <span class='ocrx_word' id='word_1_342' title='bbox 1430 4213 1557 4283; x_wconf 88' lang='lat' dir='ltr'>ejus</span> <span class='ocrx_word' id='word_1_343' title='bbox 1578 4218 1635 4268; x_wconf 90' lang='lat' dir='ltr'>et</span> <span class='ocrx_word' id='word_1_344' title='bbox 1649 4214 1900 4285; x_wconf 86' lang='lat' dir='ltr'>Scriptu-</span> 
     </span>
    </p>
   </div>
   <div class='ocr_carea' id='block_1_45' title="bbox 242 4303 1901 4375">
    <p class='ocr_par' dir='ltr' id='par_1_45' title="bbox 242 4303 1901 4375">
     <span class='ocr_line' id='line_1_45' title="bbox 242 4303 1901 4375; baseline 0 -15"><span class='ocrx_word' id='word_1_345' title='bbox 242 4323 307 4361; x_wconf 91' lang='lat' dir='ltr'>ra</span> <span class='ocrx_word' id='word_1_346' title='bbox 328 4304 676 4375; x_wconf 69' lang='lat' dir='ltr'>divina,quaa</span> <span class='ocrx_word' id='word_1_347' title='bbox 695 4304 830 4358; x_wconf 91' lang='lat' dir='ltr'>data</span> <span class='ocrx_word' id='word_1_348' title='bbox 851 4306 940 4357; x_wconf 90' lang='lat' dir='ltr'>est</span> <span class='ocrx_word' id='word_1_349' title='bbox 960 4303 1128 4357; x_wconf 91' lang='lat' dir='ltr'>nobis</span> <span class='ocrx_word' id='word_1_350' title='bbox 1152 4304 1221 4358; x_wconf 90' lang='lat' dir='ltr'>ad</span> <span class='ocrx_word' id='word_1_351' title='bbox 1248 4304 1397 4359; x_wconf 88' lang='lat' dir='ltr'>hanc</span> <span class='ocrx_word' id='word_1_352' title='bbox 1423 4304 1697 4373; x_wconf 90' lang='lat' dir='ltr'>vitam,ut</span> <span class='ocrx_word' id='word_1_353' title='bbox 1711 4305 1901 4361; x_wconf 89' lang='lat' dir='ltr'>sitno-</span> 
     </span>
    </p>
   </div>
   <div class='ocr_carea' id='block_1_46' title="bbox 239 4392 1901 4463">
    <p class='ocr_par' dir='ltr' id='par_1_46' title="bbox 239 4392 1901 4463">
     <span class='ocr_line' id='line_1_46' title="bbox 239 4392 1901 4463; baseline 0.001 -14"><span class='ocrx_word' id='word_1_354' title='bbox 239 4393 469 4450; x_wconf 89' lang='lat' dir='ltr'>biscum</span> <span class='ocrx_word' id='word_1_355' title='bbox 496 4393 553 4447; x_wconf 94' lang='lat' dir='ltr'>in</span> <span class='ocrx_word' id='word_1_356' title='bbox 576 4393 690 4462; x_wconf 91' lang='lat' dir='ltr'>via,</span> <span class='ocrx_word' id='word_1_357' title='bbox 723 4392 952 4446; x_wconf 92' lang='lat' dir='ltr'>cuinon</span> <span class='ocrx_word' id='word_1_358' title='bbox 975 4395 1205 4463; x_wconf 81' lang='lat' dir='ltr'>Oportet</span> <span class='ocrx_word' id='word_1_359' title='bbox 1237 4392 1655 4455; x_wconf 84' lang='lat' dir='ltr'>contradicere.</span> <span class='ocrx_word' id='word_1_360' title='bbox 1691 4411 1763 4451; x_wconf 92' lang='lat' dir='ltr'>ne</span> <span class='ocrx_word' id='word_1_361' title='bbox 1794 4411 1901 4451; x_wconf 85' lang='lat' dir='ltr'>nos</span> 
     </span>
    </p>
   </div>
   <div class='ocr_carea' id='block_1_47' title="bbox 239 4480 1898 4552">
    <p class='ocr_par' dir='ltr' id='par_1_47' title="bbox 239 4480 1898 4552">
     <span class='ocr_line' id='line_1_47' title="bbox 239 4480 1898 4552; baseline 0 -13"><span class='ocrx_word' id='word_1_362' title='bbox 239 4480 755 4552; x_wconf 83' lang='lat' dir='ltr'>tradatjudici;sed</span> <span class='ocrx_word' id='word_1_363' title='bbox 773 4481 823 4537; x_wconf 90' lang='lat' dir='ltr'>ei</span> <span class='ocrx_word' id='word_1_364' title='bbox 841 4484 1068 4552; x_wconf 88' lang='lat' dir='ltr'>oportet</span> <span class='ocrx_word' id='word_1_365' title='bbox 1080 4482 1410 4538; x_wconf 83' lang='lat' dir='ltr'>consentire</span> <span class='ocrx_word' id='word_1_366' title='bbox 1422 4482 1534 4538; x_wconf 91' lang='lat' dir='ltr'>cito</span> <span class='ocrx_word' id='word_1_367' title='bbox 1548 4484 1576 4537; x_wconf 85' lang='lat'><strong>?</strong></span> <span class='ocrx_word' id='word_1_368' title='bbox 1595 4484 1718 4541; x_wconf 87' lang='lat' dir='ltr'>Non</span> <span class='ocrx_word' id='word_1_369' title='bbox 1742 4483 1898 4539; x_wconf 90' lang='lat' dir='ltr'>enim</span> 
     </span>
    </p>
   </div>
   <div class='ocr_carea' id='block_1_48' title="bbox 241 4568 1899 4644">
    <p class='ocr_par' dir='ltr' id='par_1_48' title="bbox 241 4568 1899 4644">
     <span class='ocr_line' id='line_1_48' title="bbox 241 4568 1899 4644; baseline 0.001 -18"><span class='ocrx_word' id='word_1_370' title='bbox 241 4571 555 4644; x_wconf 88' lang='lat' dir='ltr'>quisquam</span> <span class='ocrx_word' id='word_1_371' title='bbox 581 4568 743 4625; x_wconf 89' lang='lat' dir='ltr'>novit</span> <span class='ocrx_word' id='word_1_372' title='bbox 766 4569 1002 4641; x_wconf 91' lang='lat' dir='ltr'>quando</span> <span class='ocrx_word' id='word_1_373' title='bbox 1034 4569 1104 4624; x_wconf 90' lang='lat' dir='ltr'>de</span> <span class='ocrx_word' id='word_1_374' title='bbox 1132 4568 1242 4625; x_wconf 92' lang='lat' dir='ltr'>hac</span> <span class='ocrx_word' id='word_1_375' title='bbox 1264 4570 1380 4625; x_wconf 88' lang='lat' dir='ltr'>vita</span> <span class='ocrx_word' id='word_1_376' title='bbox 1418 4576 1605 4626; x_wconf 84' lang='lat' dir='ltr'>exeat.</span> <span class='ocrx_word' id='word_1_377' title='bbox 1634 4572 1773 4638; x_wconf 88' lang='lat' dir='ltr'>Quis</span> <span class='ocrx_word' id='word_1_378' title='bbox 1796 4589 1899 4627; x_wconf 90' lang='lat' dir='ltr'>au-</span> 
     </span>
    </p>
   </div>
   <div class='ocr_carea' id='block_1_49' title="bbox 242 4656 1899 4733">
    <p class='ocr_par' dir='ltr' id='par_1_49' title="bbox 242 4656 1899 4733">
     <span class='ocr_line' id='line_1_49' title="bbox 242 4656 1899 4733; baseline -0.001 -17"><span class='ocrx_word' id='word_1_379' title='bbox 242 4665 358 4716; x_wconf 88' lang='lat' dir='ltr'>tem</span> <span class='ocrx_word' id='word_1_380' title='bbox 393 4658 685 4715; x_wconf 88' lang='lat' dir='ltr'>consentit</span> <span class='ocrx_word' id='word_1_381' title='bbox 716 4656 1032 4729; x_wconf 72' lang='lat' dir='ltr'>Scriptum</span> <span class='ocrx_word' id='word_1_382' title='bbox 1063 4658 1291 4727; x_wconf 57' lang='lat' dir='ltr'>divinas,</span> <span class='ocrx_word' id='word_1_383' title='bbox 1326 4658 1437 4715; x_wconf 90' lang='lat' dir='ltr'>nisi</span> <span class='ocrx_word' id='word_1_384' title='bbox 1495 4660 1592 4732; x_wconf 90' lang='lat' dir='ltr'>qui</span> <span class='ocrx_word' id='word_1_385' title='bbox 1626 4659 1766 4733; x_wconf 80' lang='lat' dir='ltr'>legit</span> <span class='ocrx_word' id='word_1_386' title='bbox 1810 4663 1899 4716; x_wconf 88' lang='lat' dir='ltr'>vel</span> 
     </span>
    </p>
   </div>
   <div class='ocr_carea' id='block_1_50' title="bbox 244 4746 1898 4821">
    <p class='ocr_par' dir='ltr' id='par_1_50' title="bbox 244 4746 1898 4821">
     <span class='ocr_line' id='line_1_50' title="bbox 244 4746 1898 4821; baseline -0.001 -15"><span class='ocrx_word' id='word_1_387' title='bbox 244 4749 410 4806; x_wconf 88' lang='lat' dir='ltr'>audit</span> <span class='ocrx_word' id='word_1_388' title='bbox 438 4749 552 4820; x_wconf 90' lang='lat' dir='ltr'>pie,</span> <span class='ocrx_word' id='word_1_389' title='bbox 587 4747 852 4803; x_wconf 77' lang='lat' dir='ltr'>deferens</span> <span class='ocrx_word' id='word_1_390' title='bbox 881 4746 931 4801; x_wconf 90' lang='lat' dir='ltr'>ei</span> <span class='ocrx_word' id='word_1_391' title='bbox 965 4746 1196 4803; x_wconf 89' lang='lat' dir='ltr'>culmen</span> <span class='ocrx_word' id='word_1_392' title='bbox 1230 4749 1613 4815; x_wconf 84' lang='lat' dir='ltr'>auctoritatis,</span> <span class='ocrx_word' id='word_1_393' title='bbox 1650 4754 1714 4805; x_wconf 92' lang='lat' dir='ltr'>ut</span> <span class='ocrx_word' id='word_1_394' title='bbox 1744 4751 1898 4821; x_wconf 88' lang='lat' dir='ltr'>quod</span> 
     </span>
    </p>
   </div>
   <div class='ocr_carea' id='block_1_51' title="bbox 243 4836 1899 4910">
    <p class='ocr_par' dir='ltr' id='par_1_51' title="bbox 243 4836 1899 4910">
     <span class='ocr_line' id='line_1_51' title="bbox 243 4836 1899 4910; baseline 0 -17"><span class='ocrx_word' id='word_1_395' title='bbox 243 4837 661 4909; x_wconf 87' lang='lat' dir='ltr'>intelligit,non</span> <span class='ocrx_word' id='word_1_396' title='bbox 695 4840 932 4908; x_wconf 90' lang='lat' dir='ltr'>propter</span> <span class='ocrx_word' id='word_1_397' title='bbox 959 4836 1068 4891; x_wconf 91' lang='lat' dir='ltr'>hoc</span> <span class='ocrx_word' id='word_1_398' title='bbox 1099 4838 1286 4893; x_wconf 90' lang='lat' dir='ltr'>oderit</span> <span class='ocrx_word' id='word_1_399' title='bbox 1312 4839 1464 4910; x_wconf 93' lang='lat' dir='ltr'>quod</span> <span class='ocrx_word' id='word_1_400' title='bbox 1496 4839 1744 4910; x_wconf 88' lang='lat' dir='ltr'>peccatis</span> <span class='ocrx_word' id='word_1_401' title='bbox 1775 4840 1899 4894; x_wconf 89' lang='lat' dir='ltr'>suis</span> 
     </span>
    </p>
   </div>
   <div class='ocr_carea' id='block_1_52' title="bbox 246 4926 1899 5001">
    <p class='ocr_par' dir='ltr' id='par_1_52' title="bbox 246 4926 1899 5001">
     <span class='ocr_line' id='line_1_52' title="bbox 246 4926 1899 5001; baseline -0.001 -17"><span class='ocrx_word' id='word_1_402' title='bbox 246 4926 539 4984; x_wconf 86' lang='lat' dir='ltr'>adversari</span> <span class='ocrx_word' id='word_1_403' title='bbox 591 4926 808 4992; x_wconf 86' lang='lat' dir='ltr'>sentit;</span> <span class='ocrx_word' id='word_1_404' title='bbox 844 4926 943 4980; x_wconf 89' lang='lat' dir='ltr'>sed</span> <span class='ocrx_word' id='word_1_405' title='bbox 999 4927 1186 4997; x_wconf 86' lang='lat' dir='ltr'>magis</span> <span class='ocrx_word' id='word_1_406' title='bbox 1228 4927 1433 4999; x_wconf 81' lang='lat' dir='ltr'>diligat</span> <span class='ocrx_word' id='word_1_407' title='bbox 1474 4929 1899 5001; x_wconf 87' lang='lat' dir='ltr'>correptionem</span> 
     </span>
    </p>
   </div>
   <div class='ocr_carea' id='block_1_53' title="bbox 245 5014 1899 5086">
    <p class='ocr_par' dir='ltr' id='par_1_53' title="bbox 245 5014 1899 5086">
     <span class='ocr_line' id='line_1_53' title="bbox 245 5014 1899 5086; baseline -0.001 -14"><span class='ocrx_word' id='word_1_408' title='bbox 245 5020 502 5083; x_wconf 88' lang='lat' dir='ltr'>suam,et</span> <span class='ocrx_word' id='word_1_409' title='bbox 530 5014 784 5085; x_wconf 84' lang='lat' dir='ltr'>gaudeat</span> <span class='ocrx_word' id='word_1_410' title='bbox 813 5014 967 5085; x_wconf 90' lang='lat' dir='ltr'>quod</span> <span class='ocrx_word' id='word_1_411' title='bbox 992 5015 1212 5070; x_wconf 91' lang='lat' dir='ltr'>morbis</span> <span class='ocrx_word' id='word_1_412' title='bbox 1238 5017 1573 5086; x_wconf 90' lang='lat' dir='ltr'>suis,donec</span> <span class='ocrx_word' id='word_1_413' title='bbox 1595 5020 1899 5086; x_wconf 88' lang='lat' dir='ltr'>sanentur,</span> 
     </span>
    </p>
   </div>
   <div class='ocr_carea' id='block_1_54' title="bbox 246 5104 1903 5177">
    <p class='ocr_par' dir='ltr' id='par_1_54' title="bbox 246 5104 1903 5177">
     <span class='ocr_line' id='line_1_54' title="bbox 246 5104 1903 5177; baseline -0.001 -15"><span class='ocrx_word' id='word_1_414' title='bbox 246 5123 362 5163; x_wconf 92' lang='lat' dir='ltr'>non</span> <span class='ocrx_word' id='word_1_415' title='bbox 394 5104 654 5177; x_wconf 90' lang='lat' dir='ltr'>parcitur</span> <span class='ocrx_word' id='word_1_416' title='bbox 687 5120 699 5157; x_wconf 93' lang='lat'>:</span> <span class='ocrx_word' id='word_1_417' title='bbox 736 5104 887 5174; x_wconf 91' lang='lat' dir='ltr'>quod</span> <span class='ocrx_word' id='word_1_418' title='bbox 921 5119 1056 5158; x_wconf 91' lang='lat' dir='ltr'>vero</span> <span class='ocrx_word' id='word_1_419' title='bbox 1090 5109 1192 5159; x_wconf 88' lang='lat' dir='ltr'>aut</span> <span class='ocrx_word' id='word_1_420' title='bbox 1222 5106 1669 5177; x_wconf 88' lang='lat' dir='ltr'>obscurum,aut</span> <span class='ocrx_word' id='word_1_421' title='bbox 1698 5107 1903 5163; x_wconf 88' lang='lat' dir='ltr'>absur-</span> 
     </span>
    </p>
   </div>
   <div class='ocr_carea' id='block_1_55' title="bbox 246 5192 1901 5260">
    <p class='ocr_par' dir='ltr' id='par_1_55' title="bbox 246 5192 1901 5260">
     <span class='ocr_line' id='line_1_55' title="bbox 246 5192 1901 5260; baseline 0 -8"><span class='ocrx_word' id='word_1_422' title='bbox 246 5198 385 5252; x_wconf 90' lang='lat' dir='ltr'>dum</span> <span class='ocrx_word' id='word_1_423' title='bbox 420 5193 503 5248; x_wconf 88' lang='lat' dir='ltr'>illi</span> <span class='ocrx_word' id='word_1_424' title='bbox 537 5198 725 5260; x_wconf 89' lang='lat' dir='ltr'>sonat,</span> <span class='ocrx_word' id='word_1_425' title='bbox 758 5209 869 5247; x_wconf 93' lang='lat' dir='ltr'>non</span> <span class='ocrx_word' id='word_1_426' title='bbox 906 5192 1045 5247; x_wconf 90' lang='lat' dir='ltr'>inde</span> <span class='ocrx_word' id='word_1_427' title='bbox 1077 5195 1326 5250; x_wconf 89' lang='lat' dir='ltr'>concitet</span> <span class='ocrx_word' id='word_1_428' title='bbox 1370 5196 1901 5253; x_wconf 89' lang='lat' dir='ltr'>contradictionum</span> 
     </span>
    </p>
   </div>
   <div class='ocr_carea' id='block_1_56' title="bbox 246 5280 1903 5353">
    <p class='ocr_par' dir='ltr' id='par_1_56' title="bbox 246 5280 1903 5353">
     <span class='ocr_line' id='line_1_56' title="bbox 246 5280 1903 5353; baseline -0.001 -12"><span class='ocrx_word' id='word_1_429' title='bbox 246 5281 700 5347; x_wconf 89' lang='lat' dir='ltr'>certamina,sed</span> <span class='ocrx_word' id='word_1_430' title='bbox 736 5284 858 5336; x_wconf 91' lang='lat' dir='ltr'>oret</span> <span class='ocrx_word' id='word_1_431' title='bbox 891 5285 956 5335; x_wconf 90' lang='lat' dir='ltr'>ut</span> <span class='ocrx_word' id='word_1_432' title='bbox 984 5280 1275 5353; x_wconf 82' lang='lat' dir='ltr'>intelligat</span> <span class='ocrx_word' id='word_1_433' title='bbox 1298 5302 1310 5350; x_wconf 93' lang='lat'>;</span> <span class='ocrx_word' id='word_1_434' title='bbox 1333 5284 1791 5340; x_wconf 87' lang='lat' dir='ltr'>benevolentiam</span> <span class='ocrx_word' id='word_1_435' title='bbox 1818 5290 1903 5341; x_wconf 89' lang='lat' dir='ltr'>ta-</span> 
     </span>
    </p>
   </div>
   <div class='ocr_carea' id='block_1_57' title="bbox 247 5370 1902 5430">
    <p class='ocr_par' dir='ltr' id='par_1_57' title="bbox 247 5370 1902 5430">
     <span class='ocr_line' id='line_1_57' title="bbox 247 5370 1902 5430; baseline -0.001 0"><span class='ocrx_word' id='word_1_436' title='bbox 247 5390 380 5430; x_wconf 85' lang='lat' dir='ltr'>men</span> <span class='ocrx_word' id='word_1_437' title='bbox 415 5376 471 5426; x_wconf 89' lang='lat' dir='ltr'>et</span> <span class='ocrx_word' id='word_1_438' title='bbox 502 5370 880 5426; x_wconf 87' lang='lat' dir='ltr'>reverentiam</span> <span class='ocrx_word' id='word_1_439' title='bbox 927 5374 1099 5424; x_wconf 74' lang='lat' dir='ltr'>tantm</span> <span class='ocrx_word' id='word_1_440' title='bbox 1133 5372 1462 5427; x_wconf 89' lang='lat' dir='ltr'>auctoritati</span> <span class='ocrx_word' id='word_1_441' title='bbox 1515 5373 1902 5430; x_wconf 83' lang='lat' dir='ltr'>exhibendam</span> 
     </span>
    </p>
   </div>
   <div class='ocr_carea' id='block_1_58' title="bbox 250 5458 1901 5534">
    <p class='ocr_par' dir='ltr' id='par_1_58' title="bbox 250 5458 1901 5534">
     <span class='ocr_line' id='line_1_58' title="bbox 250 5458 1901 5534; baseline -0.001 -14"><span class='ocrx_word' id='word_1_442' title='bbox 250 5479 380 5521; x_wconf 87' lang='lat' dir='ltr'>esse</span> <span class='ocrx_word' id='word_1_443' title='bbox 402 5458 782 5516; x_wconf 76' lang='lat' dir='ltr'>meminerit?</span> <span class='ocrx_word' id='word_1_444' title='bbox 810 5458 917 5513; x_wconf 89' lang='lat' dir='ltr'>Sed</span> <span class='ocrx_word' id='word_1_445' title='bbox 944 5458 1074 5527; x_wconf 83' lang='lat' dir='ltr'>quis</span> <span class='ocrx_word' id='word_1_446' title='bbox 1096 5458 1203 5514; x_wconf 89' lang='lat' dir='ltr'>hoc</span> <span class='ocrx_word' id='word_1_447' title='bbox 1228 5458 1383 5527; x_wconf 82' lang='lat' dir='ltr'>facit,</span> <span class='ocrx_word' id='word_1_448' title='bbox 1403 5460 1515 5516; x_wconf 87' lang='lat' dir='ltr'>nisi</span> <span class='ocrx_word' id='word_1_449' title='bbox 1540 5462 1807 5534; x_wconf 88' lang='lat' dir='ltr'>quisquis</span> <span class='ocrx_word' id='word_1_450' title='bbox 1830 5465 1901 5519; x_wconf 91' lang='lat' dir='ltr'>ad</span> 
     </span>
    </p>
   </div>
   <div class='ocr_carea' id='block_1_59' title="bbox 252 5548 1900 5624">
    <p class='ocr_par' dir='ltr' id='par_1_59' title="bbox 252 5548 1900 5624">
     <span class='ocr_line' id='line_1_59' title="bbox 252 5548 1900 5624; baseline -0.001 -15"><span class='ocrx_word' id='word_1_451' title='bbox 252 5553 674 5610; x_wconf 89' lang='lat' dir='ltr'>testamentum</span> <span class='ocrx_word' id='word_1_452' title='bbox 707 5549 889 5619; x_wconf 91' lang='lat' dir='ltr'>patris</span> <span class='ocrx_word' id='word_1_453' title='bbox 921 5548 1298 5620; x_wconf 89' lang='lat' dir='ltr'>aperiendum</span> <span class='ocrx_word' id='word_1_454' title='bbox 1323 5554 1378 5606; x_wconf 92' lang='lat' dir='ltr'>et</span> <span class='ocrx_word' id='word_1_455' title='bbox 1408 5553 1900 5624; x_wconf 87' lang='lat' dir='ltr'>cognoscendum,</span> 
     </span>
    </p>
   </div>
   <div class='ocr_carea' id='block_1_60' title="bbox 325 5690 1904 5749">
    <p class='ocr_par' dir='ltr' id='par_1_60' title="bbox 325 5690 1904 5749">
     <span class='ocr_line' id='line_1_60' title="bbox 325 5690 1904 5749; baseline 0.001 -6"><span class='ocrx_word' id='word_1_456' title='bbox 325 5697 341 5729; x_wconf 86' lang='grc'>¹</span> <span class='ocrx_word' id='word_1_457' title='bbox 374 5693 489 5743; x_wconf 79' lang='lat' dir='ltr'>Am.</span> <span class='ocrx_word' id='word_1_458' title='bbox 521 5693 605 5742; x_wconf 89' lang='lat' dir='ltr'>Er.</span> <span class='ocrx_word' id='word_1_459' title='bbox 638 5694 692 5740; x_wconf 85' lang='lat' dir='ltr'>et</span> <span class='ocrx_word' id='word_1_460' title='bbox 721 5692 863 5749; x_wconf 84' lang='lat' dir='ltr'>Lov.,</span> <span class='ocrx_word' id='word_1_461' title='bbox 895 5691 949 5741; x_wconf 90' lang='lat' dir='ltr'>in</span> <span class='ocrx_word' id='word_1_462' title='bbox 982 5690 1267 5741; x_wconf 82' lang='lat' dir='ltr'>novissimo.</span> <span class='ocrx_word' id='word_1_463' title='bbox 1305 5694 1371 5743; x_wconf 85' lang='lat' dir='ltr'>At</span> <span class='ocrx_word' id='word_1_464' title='bbox 1407 5694 1530 5744; x_wconf 88' lang='lat' dir='ltr'>Mss.</span> <span class='ocrx_word' id='word_1_465' title='bbox 1559 5708 1769 5744; x_wconf 70' lang='lat' dir='ltr'>necnon</span> <span class='ocrx_word' id='word_1_466' title='bbox 1792 5696 1904 5745; x_wconf 84' lang='lat' dir='ltr'>adi-</span> 
     </span>
    </p>
   </div>
   <div class='ocr_carea' id='block_1_61' title="bbox 256 5752 1903 5872">
    <p class='ocr_par' dir='ltr' id='par_1_61' title="bbox 256 5752 1903 5872">
     <span class='ocr_line' id='line_1_61' title="bbox 256 5752 1903 5872; baseline 0.002 -65"><span class='ocrx_word' id='word_1_467' title='bbox 256 5756 520 5872; x_wconf 42' lang='lat' dir='ltr'>tihiztltalarq</span> <span class='ocrx_word' id='word_1_468' title='bbox 548 5756 604 5805; x_wconf 81' lang='lat' dir='ltr'>in</span> <span class='ocrx_word' id='word_1_469' title='bbox 632 5752 953 5818; x_wconf 82' lang='lat' dir='ltr'>novissima;</span> <span class='ocrx_word' id='word_1_470' title='bbox 994 5754 1150 5818; x_wconf 85' lang='lat' dir='ltr'>juxta</span> <span class='ocrx_word' id='word_1_471' title='bbox 1195 5768 1425 5821; x_wconf 54' lang='lat' dir='ltr'>graecum</span> <span class='ocrx_word' id='word_1_472' title='bbox 1460 5757 1599 5820; x_wconf 85' lang='lat' dir='ltr'>LXX,</span> <span class='ocrx_word' id='word_1_473' title='bbox 1645 5756 1718 5809; x_wconf 87' lang='lat' dir='ltr'>eis</span> <span class='ocrx_word' id='word_1_474' title='bbox 1747 5760 1800 5808; x_wconf 87' lang='lat' dir='ltr'>ta</span> <span class='ocrx_word' id='word_1_475' title='bbox 1828 5774 1903 5810; x_wconf 81' lang='lat' dir='ltr'>es-</span> 
     </span>
     <span class='ocr_line' id='line_1_62' title="bbox 256 5836 429 5872; baseline 0.006 -1"><span class='ocrx_word' id='word_1_476' title='bbox 256 5836 283 5871; x_wconf 90' lang='lat' dir='ltr'>c</span> <span class='ocrx_word' id='word_1_477' title='bbox 414 5855 429 5872; x_wconf 94' lang='lat'>.</span> 
     </span>
    </p>
   </div>
   <div class='ocr_carea' id='block_1_62' title="bbox 1669 343 2265 407">
    <p class='ocr_par' dir='ltr' id='par_1_62' title="bbox 1669 343 2265 407">
     <span class='ocr_line' id='line_1_63' title="bbox 1669 343 2265 407; baseline 0.007 -4"><span class='ocrx_word' id='word_1_478' title='bbox 1669 343 1901 404; x_wconf 80' lang='lat' dir='ltr'><strong>LIBER</strong></span> <span class='ocrx_word' id='word_1_479' title='bbox 1943 343 2265 407; x_wconf 83' lang='lat' dir='ltr'>PRIMUS.</span> 
     </span>
    </p>
   </div>
   <div class='ocr_carea' id='block_1_63' title="bbox 3495 341 3652 403">
    <p class='ocr_par' dir='ltr' id='par_1_63' title="bbox 3495 341 3652 403">
     <span class='ocr_line' id='line_1_64' title="bbox 3495 341 3652 403; baseline -0.013 -1"><span class='ocrx_word' id='word_1_480' title='bbox 3495 341 3652 403; x_wconf 72' lang='grc'>1246</span> 
     </span>
    </p>
   </div>
   <div class='ocr_carea' id='block_1_64' title="bbox 2005 474 3653 547">
    <p class='ocr_par' dir='ltr' id='par_1_64' title="bbox 2005 474 3653 547">
     <span class='ocr_line' id='line_1_65' title="bbox 2005 474 3653 547; baseline -0.001 -16"><span class='ocrx_word' id='word_1_481' title='bbox 2005 493 2118 533; x_wconf 92' lang='lat' dir='ltr'>non</span> <span class='ocrx_word' id='word_1_482' title='bbox 2150 477 2341 534; x_wconf 87' lang='lat' dir='ltr'>litium</span> <span class='ocrx_word' id='word_1_483' title='bbox 2375 478 2744 536; x_wconf 88' lang='lat' dir='ltr'>minitatione</span> <span class='ocrx_word' id='word_1_484' title='bbox 2794 478 3059 545; x_wconf 90' lang='lat' dir='ltr'>acerbus,</span> <span class='ocrx_word' id='word_1_485' title='bbox 3094 478 3194 532; x_wconf 90' lang='lat' dir='ltr'>sed</span> <span class='ocrx_word' id='word_1_486' title='bbox 3227 475 3442 547; x_wconf 88' lang='lat' dir='ltr'>pietate</span> <span class='ocrx_word' id='word_1_487' title='bbox 3492 474 3653 530; x_wconf 85' lang='lat' dir='ltr'>mitis</span> 
     </span>
    </p>
   </div>
   <div class='ocr_carea' id='block_1_65' title="bbox 2005 563 3653 639">
    <p class='ocr_par' dir='ltr' id='par_1_65' title="bbox 2005 563 3653 639">
     <span class='ocr_line' id='line_1_66' title="bbox 2005 563 3653 639; baseline -0.002 -17"><span class='ocrx_word' id='word_1_488' title='bbox 2005 569 2363 623; x_wconf 85' lang='lat' dir='ltr'>accesserit?</span> <span class='ocrx_word' id='word_1_489' title='bbox 2398 570 2555 625; x_wconf 80' lang='lat' dir='ltr'>Beati</span> <span class='ocrx_word' id='word_1_490' title='bbox 2585 586 2721 639; x_wconf 75' lang='lat' dir='ltr'>ergo</span> <span class='ocrx_word' id='word_1_491' title='bbox 2751 571 2949 630; x_wconf 84' lang='lat' dir='ltr'>mites;</span> <span class='ocrx_word' id='word_1_492' title='bbox 2975 568 3241 639; x_wconf 90' lang='lat' dir='ltr'>quoniam</span> <span class='ocrx_word' id='word_1_493' title='bbox 3272 566 3379 636; x_wconf 87' lang='lat' dir='ltr'>ipsi</span> <span class='ocrx_word' id='word_1_494' title='bbox 3410 563 3653 621; x_wconf 59' lang='lat' dir='ltr'>hwredi-</span> 
     </span>
    </p>
   </div>
   <div class='ocr_carea' id='block_1_66' title="bbox 1995 654 3452 727">
    <p class='ocr_par' dir='ltr' id='par_1_66' title="bbox 1995 654 3452 727">
     <span class='ocr_line' id='line_1_67' title="bbox 1995 654 3452 727; baseline -0.001 -17"><span class='ocrx_word' id='word_1_495' title='bbox 1995 658 2106 711; x_wconf 83' lang='lat' dir='ltr'>tate</span> <span class='ocrx_word' id='word_1_496' title='bbox 2132 657 2481 726; x_wconf 82' lang='lat' dir='ltr'>possidebunt</span> <span class='ocrx_word' id='word_1_497' title='bbox 2510 666 2742 715; x_wconf 84' lang='lat' dir='ltr'>terram.</span> <span class='ocrx_word' id='word_1_498' title='bbox 2775 658 3095 713; x_wconf 87' lang='lat' dir='ltr'>Videamus</span> <span class='ocrx_word' id='word_1_499' title='bbox 3126 654 3452 727; x_wconf 89' lang='lat' dir='ltr'>sequentia.</span> 
     </span>
    </p>
   </div>
   <div class='ocr_carea' id='block_1_67' title="bbox 2069 743 3650 819">
    <p class='ocr_par' dir='ltr' id='par_1_67' title="bbox 2069 743 3650 819">
     <span class='ocr_line' id='line_1_68' title="bbox 2069 743 3650 819; baseline -0.002 -20"><span class='ocrx_word' id='word_1_500' title='bbox 2069 746 2297 801; x_wconf 87' lang='lat' dir='ltr'><strong>CAPUT</strong></span> <span class='ocrx_word' id='word_1_501' title='bbox 2330 748 2522 802; x_wconf 86' lang='lat' dir='ltr'>XII.—-</span> <span class='ocrx_word' id='word_1_502' title='bbox 2539 748 2882 803; x_wconf 80' lang='lat' dir='ltr'>33.Audistis</span> <span class='ocrx_word' id='word_1_503' title='bbox 2913 746 3041 819; x_wconf 85' lang='lat' dir='ltr'>quia</span> <span class='ocrx_word' id='word_1_504' title='bbox 3060 745 3269 802; x_wconf 77' lang='lat' dir='ltr'>dictum</span> <span class='ocrx_word' id='word_1_505' title='bbox 3288 752 3364 799; x_wconf 84' lang='lat' dir='ltr'>est</span> <span class='ocrx_word' id='word_1_506' title='bbox 3382 743 3650 813; x_wconf 82' lang='lat' dir='ltr'>antiquis,</span> 
     </span>
    </p>
   </div>
   <div class='ocr_carea' id='block_1_68' title="bbox 1996 830 3656 908">
    <p class='ocr_par' dir='ltr' id='par_1_68' title="bbox 1996 830 3656 908">
     <span class='ocr_line' id='line_1_69' title="bbox 1996 830 3656 908; baseline 0 -20"><span class='ocrx_word' id='word_1_507' title='bbox 1996 834 2114 889; x_wconf 86' lang='lat' dir='ltr'>Non</span> <span class='ocrx_word' id='word_1_508' title='bbox 2135 835 2623 908; x_wconf 66' lang='lat' dir='ltr'>machaberisEgo</span> <span class='ocrx_word' id='word_1_509' title='bbox 2644 842 2826 893; x_wconf 84' lang='lat' dir='ltr'>autem</span> <span class='ocrx_word' id='word_1_510' title='bbox 2852 838 2971 891; x_wconf 79' lang='lat' dir='ltr'>dico</span> <span class='ocrx_word' id='word_1_511' title='bbox 2990 836 3161 902; x_wconf 86' lang='lat' dir='ltr'>vobis,</span> <span class='ocrx_word' id='word_1_512' title='bbox 3192 835 3323 907; x_wconf 84' lang='lat' dir='ltr'>quia</span> <span class='ocrx_word' id='word_1_513' title='bbox 3349 833 3529 888; x_wconf 89' lang='lat' dir='ltr'>omnis</span> <span class='ocrx_word' id='word_1_514' title='bbox 3558 830 3656 903; x_wconf 85' lang='lat' dir='ltr'>qui</span> 
     </span>
    </p>
   </div>
   <div class='ocr_carea' id='block_1_69' title="bbox 1995 921 3656 998">
    <p class='ocr_par' dir='ltr' id='par_1_69' title="bbox 1995 921 3656 998">
     <span class='ocr_line' id='line_1_70' title="bbox 1995 921 3656 998; baseline -0.002 -19"><span class='ocrx_word' id='word_1_515' title='bbox 1995 923 2194 979; x_wconf 82' lang='lat' dir='ltr'>viderit</span> <span class='ocrx_word' id='word_1_516' title='bbox 2224 927 2515 982; x_wconf 84' lang='lat' dir='ltr'>mulierem</span> <span class='ocrx_word' id='word_1_517' title='bbox 2544 928 2620 982; x_wconf 85' lang='lat' dir='ltr'>ad</span> <span class='ocrx_word' id='word_1_518' title='bbox 2635 926 3124 998; x_wconf 81' lang='lat' dir='ltr'>concupiscendum</span> <span class='ocrx_word' id='word_1_519' title='bbox 3145 927 3410 995; x_wconf 66' lang='lat' dir='ltr'>eamjam</span> <span class='ocrx_word' id='word_1_520' title='bbox 3424 921 3656 977; x_wconf 65' lang='lat' dir='ltr'>mercha-</span> 
     </span>
    </p>
   </div>
   <div class='ocr_carea' id='block_1_70' title="bbox 1997 1012 3652 1085">
    <p class='ocr_par' dir='ltr' id='par_1_70' title="bbox 1997 1012 3652 1085">
     <span class='ocr_line' id='line_1_71' title="bbox 1997 1012 3652 1085; baseline -0.001 -19"><span class='ocrx_word' id='word_1_521' title='bbox 1997 1020 2083 1067; x_wconf 85' lang='lat' dir='ltr'>tus</span> <span class='ocrx_word' id='word_1_522' title='bbox 2102 1018 2181 1068; x_wconf 88' lang='lat' dir='ltr'>est</span> <span class='ocrx_word' id='word_1_523' title='bbox 2196 1031 2315 1069; x_wconf 85' lang='lat' dir='ltr'>eam</span> <span class='ocrx_word' id='word_1_524' title='bbox 2344 1018 2399 1071; x_wconf 87' lang='lat' dir='ltr'>in</span> <span class='ocrx_word' id='word_1_525' title='bbox 2420 1016 2577 1072; x_wconf 79' lang='lat' dir='ltr'>corde</span> <span class='ocrx_word' id='word_1_526' title='bbox 2595 1032 2711 1071; x_wconf 90' lang='lat' dir='ltr'>suo.</span> <span class='ocrx_word' id='word_1_527' title='bbox 2742 1014 2984 1071; x_wconf 88' lang='lat' dir='ltr'>Justitia</span> <span class='ocrx_word' id='word_1_528' title='bbox 3013 1031 3147 1085; x_wconf 86' lang='lat' dir='ltr'>ergo</span> <span class='ocrx_word' id='word_1_529' title='bbox 3179 1012 3371 1068; x_wconf 90' lang='lat' dir='ltr'>minor</span> <span class='ocrx_word' id='word_1_530' title='bbox 3391 1014 3503 1080; x_wconf 89' lang='lat' dir='ltr'>est,</span> <span class='ocrx_word' id='word_1_531' title='bbox 3535 1026 3652 1066; x_wconf 89' lang='lat' dir='ltr'>non</span> 
     </span>
    </p>
   </div>
   <div class='ocr_carea' id='block_1_71' title="bbox 1999 1100 3654 1177">
    <p class='ocr_par' dir='ltr' id='par_1_71' title="bbox 1999 1100 3654 1177">
     <span class='ocr_line' id='line_1_72' title="bbox 1999 1100 3654 1177; baseline -0.001 -21"><span class='ocrx_word' id='word_1_532' title='bbox 1999 1103 2275 1157; x_wconf 84' lang='lat' dir='ltr'>moechari</span> <span class='ocrx_word' id='word_1_533' title='bbox 2301 1120 2609 1177; x_wconf 89' lang='lat' dir='ltr'>corporum</span> <span class='ocrx_word' id='word_1_534' title='bbox 2633 1101 3442 1177; x_wconf 77' lang='lat' dir='ltr'>conjunotionezjustitiavere</span> <span class='ocrx_word' id='word_1_535' title='bbox 3466 1100 3654 1169; x_wconf 81' lang='lat' dir='ltr'>major</span> 
     </span>
    </p>
   </div>
   <div class='ocr_carea' id='block_1_72' title="bbox 1997 1191 3651 1264">
    <p class='ocr_par' dir='ltr' id='par_1_72' title="bbox 1997 1191 3651 1264">
     <span class='ocr_line' id='line_1_73' title="bbox 1997 1191 3651 1264; baseline -0.001 -20"><span class='ocrx_word' id='word_1_536' title='bbox 1997 1192 2157 1262; x_wconf 91' lang='lat' dir='ltr'>regni</span> <span class='ocrx_word' id='word_1_537' title='bbox 2180 1192 2421 1258; x_wconf 89' lang='lat' dir='ltr'>Dei,non</span> <span class='ocrx_word' id='word_1_538' title='bbox 2442 1194 2716 1249; x_wconf 88' lang='lat' dir='ltr'>moechari</span> <span class='ocrx_word' id='word_1_539' title='bbox 2731 1194 2786 1248; x_wconf 91' lang='lat' dir='ltr'>in</span> <span class='ocrx_word' id='word_1_540' title='bbox 2804 1194 2996 1249; x_wconf 86' lang='lat' dir='ltr'>corde.</span> <span class='ocrx_word' id='word_1_541' title='bbox 3017 1191 3296 1264; x_wconf 88' lang='lat' dir='ltr'>Quisquis</span> <span class='ocrx_word' id='word_1_542' title='bbox 3312 1194 3505 1244; x_wconf 89' lang='lat' dir='ltr'>autem</span> <span class='ocrx_word' id='word_1_543' title='bbox 3535 1205 3651 1244; x_wconf 90' lang='lat' dir='ltr'>non</span> 
     </span>
    </p>
   </div>
   <div class='ocr_carea' id='block_1_73' title="bbox 1998 1279 3653 1352">
    <p class='ocr_par' dir='ltr' id='par_1_73' title="bbox 1998 1279 3653 1352">
     <span class='ocr_line' id='line_1_74' title="bbox 1998 1279 3653 1352; baseline -0.001 -18"><span class='ocrx_word' id='word_1_544' title='bbox 1998 1280 2325 1336; x_wconf 74' lang='lat' dir='ltr'>moechatur</span> <span class='ocrx_word' id='word_1_545' title='bbox 2348 1282 2402 1335; x_wconf 89' lang='lat' dir='ltr'>in</span> <span class='ocrx_word' id='word_1_546' title='bbox 2429 1283 2622 1352; x_wconf 91' lang='lat' dir='ltr'>corde,</span> <span class='ocrx_word' id='word_1_547' title='bbox 2656 1282 2840 1338; x_wconf 88' lang='lat' dir='ltr'>multo</span> <span class='ocrx_word' id='word_1_548' title='bbox 2864 1280 3093 1337; x_wconf 80' lang='lat' dir='ltr'>facilius</span> <span class='ocrx_word' id='word_1_549' title='bbox 3125 1279 3381 1335; x_wconf 89' lang='lat' dir='ltr'>custodit</span> <span class='ocrx_word' id='word_1_550' title='bbox 3404 1295 3475 1333; x_wconf 89' lang='lat' dir='ltr'>ne</span> <span class='ocrx_word' id='word_1_551' title='bbox 3506 1294 3653 1333; x_wconf 70' lang='lat' dir='ltr'>mo:-</span> 
     </span>
    </p>
   </div>
   <div class='ocr_carea' id='block_1_74' title="bbox 1996 1367 3651 1443">
    <p class='ocr_par' dir='ltr' id='par_1_74' title="bbox 1996 1367 3651 1443">
     <span class='ocr_line' id='line_1_75' title="bbox 1996 1367 3651 1443; baseline -0.001 -20"><span class='ocrx_word' id='word_1_552' title='bbox 1996 1367 2204 1424; x_wconf 89' lang='lat' dir='ltr'>chetur</span> <span class='ocrx_word' id='word_1_553' title='bbox 2234 1370 2290 1424; x_wconf 90' lang='lat' dir='ltr'>in</span> <span class='ocrx_word' id='word_1_554' title='bbox 2340 1387 2599 1443; x_wconf 88' lang='lat' dir='ltr'>corpore.</span> <span class='ocrx_word' id='word_1_555' title='bbox 2633 1370 2776 1427; x_wconf 91' lang='lat' dir='ltr'>Illud</span> <span class='ocrx_word' id='word_1_556' title='bbox 2832 1387 2969 1443; x_wconf 89' lang='lat' dir='ltr'>ergo</span> <span class='ocrx_word' id='word_1_557' title='bbox 3015 1368 3377 1425; x_wconf 81' lang='lat' dir='ltr'>confirmavit</span> <span class='ocrx_word' id='word_1_558' title='bbox 3411 1368 3509 1439; x_wconf 92' lang='lat' dir='ltr'>qui</span> <span class='ocrx_word' id='word_1_559' title='bbox 3541 1367 3651 1422; x_wconf 88' lang='lat' dir='ltr'>hoc</span> 
     </span>
    </p>
   </div>
   <div class='ocr_carea' id='block_1_75' title="bbox 1997 1455 3653 1530">
    <p class='ocr_par' dir='ltr' id='par_1_75' title="bbox 1997 1455 3653 1530">
     <span class='ocr_line' id='line_1_76' title="bbox 1997 1455 3653 1530; baseline 0 -20"><span class='ocrx_word' id='word_1_560' title='bbox 1997 1458 2313 1529; x_wconf 68' lang='lat' dir='ltr'>praecepit:</span> <span class='ocrx_word' id='word_1_561' title='bbox 2368 1475 2484 1514; x_wconf 91' lang='lat' dir='ltr'>non</span> <span class='ocrx_word' id='word_1_562' title='bbox 2517 1459 2673 1515; x_wconf 90' lang='lat' dir='ltr'>enim</span> <span class='ocrx_word' id='word_1_563' title='bbox 2705 1459 2863 1515; x_wconf 88' lang='lat' dir='ltr'>venit</span> <span class='ocrx_word' id='word_1_564' title='bbox 2893 1460 3103 1530; x_wconf 82' lang='lat' dir='ltr'>Legem</span> <span class='ocrx_word' id='word_1_565' title='bbox 3136 1456 3376 1521; x_wconf 89' lang='lat' dir='ltr'>solvere,</span> <span class='ocrx_word' id='word_1_566' title='bbox 3410 1456 3511 1511; x_wconf 91' lang='lat' dir='ltr'>sed</span> <span class='ocrx_word' id='word_1_567' title='bbox 3542 1455 3653 1510; x_wconf 89' lang='lat' dir='ltr'>im-</span> 
     </span>
    </p>
   </div>
   <div class='ocr_carea' id='block_1_76' title="bbox 1997 1544 3651 1618">
    <p class='ocr_par' dir='ltr' id='par_1_76' title="bbox 1997 1544 3651 1618">
     <span class='ocr_line' id='line_1_77' title="bbox 1997 1544 3651 1618; baseline 0 -20"><span class='ocrx_word' id='word_1_568' title='bbox 1997 1544 2171 1615; x_wconf 88' lang='lat' dir='ltr'>plere.</span> <span class='ocrx_word' id='word_1_569' title='bbox 2199 1546 2350 1601; x_wconf 88' lang='lat' dir='ltr'>Sane</span> <span class='ocrx_word' id='word_1_570' title='bbox 2373 1548 2867 1603; x_wconf 85' lang='lat' dir='ltr'>considerandum</span> <span class='ocrx_word' id='word_1_571' title='bbox 2891 1552 2981 1603; x_wconf 90' lang='lat' dir='ltr'>est</span> <span class='ocrx_word' id='word_1_572' title='bbox 2998 1547 3151 1618; x_wconf 90' lang='lat' dir='ltr'>quod</span> <span class='ocrx_word' id='word_1_573' title='bbox 3183 1562 3295 1600; x_wconf 90' lang='lat' dir='ltr'>non</span> <span class='ocrx_word' id='word_1_574' title='bbox 3321 1544 3489 1610; x_wconf 88' lang='lat' dir='ltr'>dixit,</span> <span class='ocrx_word' id='word_1_575' title='bbox 3524 1544 3651 1600; x_wconf 91' lang='lat' dir='ltr'>0m-</span> 
     </span>
    </p>
   </div>
   <div class='ocr_carea' id='block_1_77' title="bbox 1994 1633 3655 1707">
    <p class='ocr_par' dir='ltr' id='par_1_77' title="bbox 1994 1633 3655 1707">
     <span class='ocr_line' id='line_1_78' title="bbox 1994 1633 3655 1707; baseline -0.001 -19"><span class='ocrx_word' id='word_1_576' title='bbox 1994 1635 2085 1689; x_wconf 84' lang='lat' dir='ltr'>nis</span> <span class='ocrx_word' id='word_1_577' title='bbox 2117 1636 2217 1705; x_wconf 91' lang='lat' dir='ltr'>qui</span> <span class='ocrx_word' id='word_1_578' title='bbox 2240 1636 2640 1707; x_wconf 88' lang='lat' dir='ltr'>concupiverit</span> <span class='ocrx_word' id='word_1_579' title='bbox 2662 1636 3223 1706; x_wconf 87' lang='lat' dir='ltr'>mulierem;sed,qui</span> <span class='ocrx_word' id='word_1_580' title='bbox 3242 1634 3441 1689; x_wconf 87' lang='lat' dir='ltr'>viderit</span> <span class='ocrx_word' id='word_1_581' title='bbox 3458 1633 3655 1688; x_wconf 87' lang='lat' dir='ltr'>mulie-</span> 
     </span>
    </p>
   </div>
   <div class='ocr_carea' id='block_1_78' title="bbox 1995 1721 3653 1797">
    <p class='ocr_par' dir='ltr' id='par_1_78' title="bbox 1995 1721 3653 1797">
     <span class='ocr_line' id='line_1_79' title="bbox 1995 1721 3653 1797; baseline -0.001 -19"><span class='ocrx_word' id='word_1_582' title='bbox 1995 1739 2111 1779; x_wconf 87' lang='lat' dir='ltr'>rem</span> <span class='ocrx_word' id='word_1_583' title='bbox 2140 1724 2211 1779; x_wconf 83' lang='lat' dir='ltr'>ad</span> <span class='ocrx_word' id='word_1_584' title='bbox 2237 1726 2725 1797; x_wconf 85' lang='lat' dir='ltr'>concupiscendum</span> <span class='ocrx_word' id='word_1_585' title='bbox 2755 1742 2898 1790; x_wconf 86' lang='lat' dir='ltr'>eam,</span> <span class='ocrx_word' id='word_1_586' title='bbox 2934 1724 2991 1780; x_wconf 92' lang='lat' dir='ltr'>id</span> <span class='ocrx_word' id='word_1_587' title='bbox 3022 1729 3131 1793; x_wconf 90' lang='lat' dir='ltr'>est,</span> <span class='ocrx_word' id='word_1_588' title='bbox 3166 1724 3274 1780; x_wconf 85' lang='lat' dir='ltr'>hoc</span> <span class='ocrx_word' id='word_1_589' title='bbox 3307 1722 3423 1778; x_wconf 83' lang='lat' dir='ltr'>fine</span> <span class='ocrx_word' id='word_1_590' title='bbox 3452 1726 3509 1778; x_wconf 89' lang='lat' dir='ltr'>et</span> <span class='ocrx_word' id='word_1_591' title='bbox 3544 1721 3653 1777; x_wconf 91' lang='lat' dir='ltr'>hoc</span> 
     </span>
    </p>
   </div>
   <div class='ocr_carea' id='block_1_79' title="bbox 1996 1812 3652 1885">
    <p class='ocr_par' dir='ltr' id='par_1_79' title="bbox 1996 1812 3652 1885">
     <span class='ocr_line' id='line_1_80' title="bbox 1996 1812 3652 1885; baseline -0.002 -17"><span class='ocrx_word' id='word_1_592' title='bbox 1996 1812 2196 1868; x_wconf 88' lang='lat' dir='ltr'>animo</span> <span class='ocrx_word' id='word_1_593' title='bbox 2222 1814 2537 1870; x_wconf 87' lang='lat' dir='ltr'>attenderit</span> <span class='ocrx_word' id='word_1_594' title='bbox 2560 1819 2624 1869; x_wconf 91' lang='lat' dir='ltr'>ut</span> <span class='ocrx_word' id='word_1_595' title='bbox 2642 1831 2770 1870; x_wconf 90' lang='lat' dir='ltr'>eam</span> <span class='ocrx_word' id='word_1_596' title='bbox 2794 1814 3189 1885; x_wconf 82' lang='lat' dir='ltr'>concupiscat;</span> <span class='ocrx_word' id='word_1_597' title='bbox 3214 1812 3368 1884; x_wconf 90' lang='lat' dir='ltr'>quod</span> <span class='ocrx_word' id='word_1_598' title='bbox 3387 1812 3511 1882; x_wconf 89' lang='lat' dir='ltr'>jam</span> <span class='ocrx_word' id='word_1_599' title='bbox 3535 1826 3652 1866; x_wconf 87' lang='lat' dir='ltr'>non</span> 
     </span>
    </p>
   </div>
   <div class='ocr_carea' id='block_1_80' title="bbox 1995 1899 3653 1973">
    <p class='ocr_par' dir='ltr' id='par_1_80' title="bbox 1995 1899 3653 1973">
     <span class='ocr_line' id='line_1_81' title="bbox 1995 1899 3653 1973; baseline -0.001 -16"><span class='ocrx_word' id='word_1_600' title='bbox 1995 1906 2080 1957; x_wconf 88' lang='lat' dir='ltr'>est</span> <span class='ocrx_word' id='word_1_601' title='bbox 2102 1901 2324 1958; x_wconf 87' lang='lat' dir='ltr'>titillari</span> <span class='ocrx_word' id='word_1_602' title='bbox 2347 1903 2727 1959; x_wconf 88' lang='lat' dir='ltr'>delectatione</span> <span class='ocrx_word' id='word_1_603' title='bbox 2750 1904 3071 1973; x_wconf 89' lang='lat' dir='ltr'>carnis,sed</span> <span class='ocrx_word' id='word_1_604' title='bbox 3097 1902 3261 1973; x_wconf 89' lang='lat' dir='ltr'>plene</span> <span class='ocrx_word' id='word_1_605' title='bbox 3282 1904 3297 1937; x_wconf 79' lang='grc' dir='ltr'>ί</span> <span class='ocrx_word' id='word_1_606' title='bbox 3324 1899 3653 1956; x_wconf 88' lang='lat' dir='ltr'>consentire</span> 
     </span>
    </p>
   </div>
   <div class='ocr_carea' id='block_1_81' title="bbox 1996 1988 3650 2061">
    <p class='ocr_par' dir='ltr' id='par_1_81' title="bbox 1996 1988 3650 2061">
     <span class='ocr_line' id='line_1_82' title="bbox 1996 1988 3650 2061; baseline -0.001 -15"><span class='ocrx_word' id='word_1_607' title='bbox 1996 1990 2226 2046; x_wconf 90' lang='lat' dir='ltr'>libidini</span> <span class='ocrx_word' id='word_1_608' title='bbox 2256 2009 2269 2058; x_wconf 91' lang='lat'>;</span> <span class='ocrx_word' id='word_1_609' title='bbox 2302 1992 2380 2047; x_wconf 89' lang='lat' dir='ltr'>ita</span> <span class='ocrx_word' id='word_1_610' title='bbox 2413 1997 2477 2047; x_wconf 91' lang='lat' dir='ltr'>ut</span> <span class='ocrx_word' id='word_1_611' title='bbox 2507 2009 2618 2047; x_wconf 89' lang='lat' dir='ltr'>non</span> <span class='ocrx_word' id='word_1_612' title='bbox 2674 1994 2997 2048; x_wconf 78' lang='lat' dir='ltr'>refrenetur</span> <span class='ocrx_word' id='word_1_613' title='bbox 3039 1990 3279 2046; x_wconf 90' lang='lat' dir='ltr'>illicitus</span> <span class='ocrx_word' id='word_1_614' title='bbox 3332 1988 3650 2061; x_wconf 89' lang='lat' dir='ltr'>appetitus,</span> 
     </span>
    </p>
   </div>
   <div class='ocr_carea' id='block_1_82' title="bbox 1994 2080 3145 2149">
    <p class='ocr_par' dir='ltr' id='par_1_82' title="bbox 1994 2080 3145 2149">
     <span class='ocr_line' id='line_1_83' title="bbox 1994 2080 3145 2149; baseline -0.001 -14"><span class='ocrx_word' id='word_1_615' title='bbox 1994 2080 2095 2136; x_wconf 90' lang='lat' dir='ltr'>sed</span> <span class='ocrx_word' id='word_1_616' title='bbox 2128 2081 2180 2136; x_wconf 91' lang='lat' dir='ltr'>si</span> <span class='ocrx_word' id='word_1_617' title='bbox 2211 2081 2457 2136; x_wconf 86' lang='lat' dir='ltr'>facultas</span> <span class='ocrx_word' id='word_1_618' title='bbox 2488 2081 2623 2136; x_wconf 88' lang='lat' dir='ltr'>data</span> <span class='ocrx_word' id='word_1_619' title='bbox 2654 2082 2847 2149; x_wconf 89' lang='lat' dir='ltr'>fuerit,</span> <span class='ocrx_word' id='word_1_620' title='bbox 2881 2080 3145 2136; x_wconf 87' lang='lat' dir='ltr'>satietur.</span> 
     </span>
    </p>
   </div>
   <div class='ocr_carea' id='block_1_83' title="bbox 2066 2169 3650 2242">
    <p class='ocr_par' dir='ltr' id='par_1_83' title="bbox 2066 2169 3650 2242">
     <span class='ocr_line' id='line_1_84' title="bbox 2066 2169 3650 2242; baseline 0 -20"><span class='ocrx_word' id='word_1_621' title='bbox 2066 2170 2155 2224; x_wconf 80' lang='grc'>34.</span> <span class='ocrx_word' id='word_1_622' title='bbox 2210 2170 2354 2224; x_wconf 89' lang='lat' dir='ltr'>Nam</span> <span class='ocrx_word' id='word_1_623' title='bbox 2388 2170 2500 2225; x_wconf 87' lang='lat' dir='ltr'>tria</span> <span class='ocrx_word' id='word_1_624' title='bbox 2530 2175 2667 2225; x_wconf 90' lang='lat' dir='ltr'>sunt</span> <span class='ocrx_word' id='word_1_625' title='bbox 2714 2170 2931 2242; x_wconf 90' lang='lat' dir='ltr'>quibus</span> <span class='ocrx_word' id='word_1_626' title='bbox 2983 2169 3262 2241; x_wconf 90' lang='lat' dir='ltr'>impletur</span> <span class='ocrx_word' id='word_1_627' title='bbox 3310 2172 3650 2240; x_wconf 90' lang='lat' dir='ltr'>peccatum;</span> 
     </span>
    </p>
   </div>
   <div class='ocr_carea' id='block_1_84' title="bbox 1996 2256 3648 2330">
    <p class='ocr_par' dir='ltr' id='par_1_84' title="bbox 1996 2256 3648 2330">
     <span class='ocr_line' id='line_1_85' title="bbox 1996 2256 3648 2330; baseline -0.001 -18"><span class='ocrx_word' id='word_1_628' title='bbox 1996 2259 2874 2330; x_wconf 86' lang='lat' dir='ltr'>suggestione,delectatione,et</span> <span class='ocrx_word' id='word_1_629' title='bbox 2905 2256 3648 2328; x_wconf 87' lang='lat' dir='ltr'>consensione.Suggestio,</span> 
     </span>
    </p>
   </div>
   <div class='ocr_carea' id='block_1_85' title="bbox 1995 2345 3650 2420">
    <p class='ocr_par' dir='ltr' id='par_1_85' title="bbox 1995 2345 3650 2420">
     <span class='ocr_line' id='line_1_86' title="bbox 1995 2345 3650 2420; baseline -0.001 -18"><span class='ocrx_word' id='word_1_630' title='bbox 1995 2346 2117 2402; x_wconf 91' lang='lat' dir='ltr'>sive</span> <span class='ocrx_word' id='word_1_631' title='bbox 2168 2364 2271 2420; x_wconf 90' lang='lat' dir='ltr'>per</span> <span class='ocrx_word' id='word_1_632' title='bbox 2300 2349 2643 2403; x_wconf 89' lang='lat' dir='ltr'>memoriam</span> <span class='ocrx_word' id='word_1_633' title='bbox 2676 2348 2760 2412; x_wconf 85' lang='lat' dir='ltr'>fit,</span> <span class='ocrx_word' id='word_1_634' title='bbox 2795 2348 2914 2403; x_wconf 90' lang='lat' dir='ltr'>sive</span> <span class='ocrx_word' id='word_1_635' title='bbox 2971 2366 3069 2419; x_wconf 90' lang='lat' dir='ltr'>per</span> <span class='ocrx_word' id='word_1_636' title='bbox 3114 2345 3375 2418; x_wconf 90' lang='lat' dir='ltr'>corporis</span> <span class='ocrx_word' id='word_1_637' title='bbox 3417 2362 3650 2411; x_wconf 86' lang='lat' dir='ltr'>sensus,</span> 
     </span>
    </p>
   </div>
   <div class='ocr_carea' id='block_1_86' title="bbox 1995 2434 3651 2508">
    <p class='ocr_par' dir='ltr' id='par_1_86' title="bbox 1995 2434 3651 2508">
     <span class='ocr_line' id='line_1_87' title="bbox 1995 2434 3651 2508; baseline -0.002 -17"><span class='ocrx_word' id='word_1_638' title='bbox 1995 2452 2129 2491; x_wconf 91' lang='lat' dir='ltr'>cum</span> <span class='ocrx_word' id='word_1_639' title='bbox 2161 2436 2384 2508; x_wconf 87' lang='lat' dir='ltr'>aliquid</span> <span class='ocrx_word' id='word_1_640' title='bbox 2416 2437 2704 2506; x_wconf 87' lang='lat' dir='ltr'>videmus,</span> <span class='ocrx_word' id='word_1_641' title='bbox 2736 2437 2823 2493; x_wconf 92' lang='lat' dir='ltr'>vel</span> <span class='ocrx_word' id='word_1_642' title='bbox 2856 2438 3155 2504; x_wconf 87' lang='lat' dir='ltr'>audimus,</span> <span class='ocrx_word' id='word_1_643' title='bbox 3188 2435 3273 2491; x_wconf 91' lang='lat' dir='ltr'>vel</span> <span class='ocrx_word' id='word_1_644' title='bbox 3317 2434 3651 2491; x_wconf 67' lang='lat' dir='ltr'>olfacimus:</span> 
     </span>
    </p>
   </div>
   <div class='ocr_carea' id='block_1_87' title="bbox 1994 2522 3652 2598">
    <p class='ocr_par' dir='ltr' id='par_1_87' title="bbox 1994 2522 3652 2598">
     <span class='ocr_line' id='line_1_88' title="bbox 1994 2522 3652 2598; baseline -0.002 -18"><span class='ocrx_word' id='word_1_645' title='bbox 1994 2526 2081 2581; x_wconf 92' lang='lat' dir='ltr'>vel</span> <span class='ocrx_word' id='word_1_646' title='bbox 2114 2525 2535 2598; x_wconf 86' lang='lat' dir='ltr'>gustamus,vel</span> <span class='ocrx_word' id='word_1_647' title='bbox 2567 2527 3016 2598; x_wconf 86' lang='lat' dir='ltr'>tangimus.Quo</span> <span class='ocrx_word' id='word_1_648' title='bbox 3048 2525 3095 2581; x_wconf 90' lang='lat' dir='ltr'>si</span> <span class='ocrx_word' id='word_1_649' title='bbox 3129 2522 3652 2580; x_wconf 74' lang='lat' dir='ltr'>fruidelectaverit&#39;</span> 
     </span>
    </p>
   </div>
   <div class='ocr_carea' id='block_1_88' title="bbox 1995 2612 3654 2682">
    <p class='ocr_par' dir='ltr' id='par_1_88' title="bbox 1995 2612 3654 2682">
     <span class='ocr_line' id='line_1_89' title="bbox 1995 2612 3654 2682; baseline -0.003 -13"><span class='ocrx_word' id='word_1_650' title='bbox 1995 2614 2303 2671; x_wconf 89' lang='lat' dir='ltr'>delectatio</span> <span class='ocrx_word' id='word_1_651' title='bbox 2333 2613 2539 2669; x_wconf 90' lang='lat' dir='ltr'>illicita</span> <span class='ocrx_word' id='word_1_652' title='bbox 2572 2615 2918 2670; x_wconf 89' lang='lat' dir='ltr'>refrenanda</span> <span class='ocrx_word' id='word_1_653' title='bbox 2948 2613 3230 2670; x_wconf 87' lang='lat' dir='ltr'>est.Velut</span> <span class='ocrx_word' id='word_1_654' title='bbox 3258 2629 3391 2668; x_wconf 89' lang='lat' dir='ltr'>cum</span> <span class='ocrx_word' id='word_1_655' title='bbox 3418 2612 3654 2682; x_wconf 89' lang='lat' dir='ltr'>jejuna-</span> 
     </span>
    </p>
   </div>
   <div class='ocr_carea' id='block_1_89' title="bbox 2000 2700 3655 2776">
    <p class='ocr_par' dir='ltr' id='par_1_89' title="bbox 2000 2700 3655 2776">
     <span class='ocr_line' id='line_1_90' title="bbox 2000 2700 3655 2776; baseline -0.002 -18"><span class='ocrx_word' id='word_1_656' title='bbox 2000 2720 2133 2758; x_wconf 90' lang='lat' dir='ltr'>mus</span> <span class='ocrx_word' id='word_1_657' title='bbox 2162 2708 2219 2757; x_wconf 92' lang='lat' dir='ltr'>et</span> <span class='ocrx_word' id='word_1_658' title='bbox 2247 2704 2389 2758; x_wconf 89' lang='lat' dir='ltr'>visis</span> <span class='ocrx_word' id='word_1_659' title='bbox 2420 2703 2566 2758; x_wconf 86' lang='lat' dir='ltr'>cibis</span> <span class='ocrx_word' id='word_1_660' title='bbox 2596 2703 2773 2775; x_wconf 88' lang='lat' dir='ltr'>palati</span> <span class='ocrx_word' id='word_1_661' title='bbox 2807 2703 3100 2776; x_wconf 89' lang='lat' dir='ltr'>appetitus</span> <span class='ocrx_word' id='word_1_662' title='bbox 3131 2701 3408 2773; x_wconf 90' lang='lat' dir='ltr'>assurgit,</span> <span class='ocrx_word' id='word_1_663' title='bbox 3442 2717 3556 2756; x_wconf 91' lang='lat' dir='ltr'>non</span> <span class='ocrx_word' id='word_1_664' title='bbox 3589 2700 3655 2755; x_wconf 83' lang='lat' dir='ltr'>fit</span> 
     </span>
    </p>
   </div>
   <div class='ocr_carea' id='block_1_90' title="bbox 1998 2779 3650 2847">
    <p class='ocr_par' dir='ltr' id='par_1_90' title="bbox 1998 2779 3650 2847">
     <span class='ocr_line' id='line_1_91' title="bbox 1998 2779 3650 2847; baseline -0.001 -2"><span class='ocrx_word' id='word_1_665' title='bbox 1998 2790 2110 2845; x_wconf 90' lang='lat' dir='ltr'>nisi</span> <span class='ocrx_word' id='word_1_666' title='bbox 2160 2791 2541 2847; x_wconf 89' lang='lat' dir='ltr'>delectatione</span> <span class='ocrx_word' id='word_1_667' title='bbox 2576 2808 2588 2846; x_wconf 89' lang='lat'><strong>:</strong></span> <span class='ocrx_word' id='word_1_668' title='bbox 2623 2793 2725 2847; x_wconf 90' lang='lat' dir='ltr'>sed</span> <span class='ocrx_word' id='word_1_669' title='bbox 2778 2779 2911 2847; x_wconf 81' lang='lat' dir='ltr'>huic</span> <span class='ocrx_word' id='word_1_670' title='bbox 2941 2797 3137 2847; x_wconf 89' lang='lat' dir='ltr'>tamen</span> <span class='ocrx_word' id='word_1_671' title='bbox 3191 2807 3304 2846; x_wconf 89' lang='lat' dir='ltr'>non</span> <span class='ocrx_word' id='word_1_672' title='bbox 3353 2788 3650 2845; x_wconf 88' lang='lat' dir='ltr'>consenti-</span> 
     </span>
    </p>
   </div>
   <div class='ocr_carea' id='block_1_91' title="bbox 1999 2877 3649 2952">
    <p class='ocr_par' dir='ltr' id='par_1_91' title="bbox 1999 2877 3649 2952">
     <span class='ocr_line' id='line_1_92' title="bbox 1999 2877 3649 2952; baseline -0.002 -18"><span class='ocrx_word' id='word_1_673' title='bbox 1999 2885 2216 2945; x_wconf 90' lang='lat' dir='ltr'>mus,et</span> <span class='ocrx_word' id='word_1_674' title='bbox 2245 2896 2371 2935; x_wconf 89' lang='lat' dir='ltr'>eam</span> <span class='ocrx_word' id='word_1_675' title='bbox 2405 2882 2425 2915; x_wconf 54' lang='grc' dir='ltr'>Β</span> <span class='ocrx_word' id='word_1_676' title='bbox 2457 2880 2818 2936; x_wconf 85' lang='lat' dir='ltr'>dominantis</span> <span class='ocrx_word' id='word_1_677' title='bbox 2849 2880 3092 2936; x_wconf 87' lang='lat' dir='ltr'>rationis</span> <span class='ocrx_word' id='word_1_678' title='bbox 3116 2880 3251 2952; x_wconf 89' lang='lat' dir='ltr'>jure</span> <span class='ocrx_word' id='word_1_679' title='bbox 3281 2877 3649 2935; x_wconf 91' lang='lat' dir='ltr'>cohibemus.</span> 
     </span>
    </p>
   </div>
   <div class='ocr_carea' id='block_1_92' title="bbox 1995 2969 3652 3040">
    <p class='ocr_par' dir='ltr' id='par_1_92' title="bbox 1995 2969 3652 3040">
     <span class='ocr_line' id='line_1_93' title="bbox 1995 2969 3652 3040; baseline -0.002 -17"><span class='ocrx_word' id='word_1_680' title='bbox 1995 2969 2052 3023; x_wconf 88' lang='lat' dir='ltr'>Si</span> <span class='ocrx_word' id='word_1_681' title='bbox 2087 2973 2279 3023; x_wconf 91' lang='lat' dir='ltr'>autem</span> <span class='ocrx_word' id='word_1_682' title='bbox 2312 2970 2620 3025; x_wconf 89' lang='lat' dir='ltr'>consensio</span> <span class='ocrx_word' id='word_1_683' title='bbox 2664 2970 2814 3024; x_wconf 83' lang='lat' dir='ltr'>facta</span> <span class='ocrx_word' id='word_1_684' title='bbox 2843 2969 3040 3038; x_wconf 89' lang='lat' dir='ltr'>fuerit,</span> <span class='ocrx_word' id='word_1_685' title='bbox 3075 2969 3313 3040; x_wconf 88' lang='lat' dir='ltr'>plenum</span> <span class='ocrx_word' id='word_1_686' title='bbox 3346 2971 3652 3039; x_wconf 88' lang='lat' dir='ltr'>peccatum</span> 
     </span>
    </p>
   </div>
   <div class='ocr_carea' id='block_1_93' title="bbox 1999 3056 3653 3128">
    <p class='ocr_par' dir='ltr' id='par_1_93' title="bbox 1999 3056 3653 3128">
     <span class='ocr_line' id='line_1_94' title="bbox 1999 3056 3653 3128; baseline -0.002 -14"><span class='ocrx_word' id='word_1_687' title='bbox 1999 3057 2128 3124; x_wconf 90' lang='lat' dir='ltr'>erit,</span> <span class='ocrx_word' id='word_1_688' title='bbox 2163 3061 2367 3111; x_wconf 92' lang='lat' dir='ltr'>notum</span> <span class='ocrx_word' id='word_1_689' title='bbox 2401 3058 2516 3113; x_wconf 90' lang='lat' dir='ltr'>Deo</span> <span class='ocrx_word' id='word_1_690' title='bbox 2547 3058 2605 3111; x_wconf 90' lang='lat' dir='ltr'>in</span> <span class='ocrx_word' id='word_1_691' title='bbox 2636 3059 2807 3113; x_wconf 91' lang='lat' dir='ltr'>corde</span> <span class='ocrx_word' id='word_1_692' title='bbox 2840 3062 3060 3128; x_wconf 88' lang='lat' dir='ltr'>nostro,</span> <span class='ocrx_word' id='word_1_693' title='bbox 3092 3056 3318 3113; x_wconf 88' lang='lat' dir='ltr'>etiamsi</span> <span class='ocrx_word' id='word_1_694' title='bbox 3355 3056 3504 3111; x_wconf 90' lang='lat' dir='ltr'>facto</span> <span class='ocrx_word' id='word_1_695' title='bbox 3536 3071 3653 3110; x_wconf 88' lang='lat' dir='ltr'>non</span> 
     </span>
    </p>
   </div>
   <div class='ocr_carea' id='block_1_94' title="bbox 2001 3144 3656 3219">
    <p class='ocr_par' dir='ltr' id='par_1_94' title="bbox 2001 3144 3656 3219">
     <span class='ocr_line' id='line_1_95' title="bbox 2001 3144 3656 3219; baseline -0.002 -18"><span class='ocrx_word' id='word_1_696' title='bbox 2001 3146 2324 3202; x_wconf 87' lang='lat' dir='ltr'>innotescat</span> <span class='ocrx_word' id='word_1_697' title='bbox 2363 3146 2724 3202; x_wconf 87' lang='lat' dir='ltr'>hominibus.</span> <span class='ocrx_word' id='word_1_698' title='bbox 2760 3148 2843 3202; x_wconf 84' lang='lat' dir='ltr'>Ita</span> <span class='ocrx_word' id='word_1_699' title='bbox 2889 3164 3025 3219; x_wconf 91' lang='lat' dir='ltr'>ergo</span> <span class='ocrx_word' id='word_1_700' title='bbox 3074 3151 3213 3202; x_wconf 90' lang='lat' dir='ltr'>sunt</span> <span class='ocrx_word' id='word_1_701' title='bbox 3258 3144 3355 3200; x_wconf 86' lang='lat' dir='ltr'>isti</span> <span class='ocrx_word' id='word_1_702' title='bbox 3410 3145 3656 3216; x_wconf 82' lang='lat' dir='ltr'>gradus,</span> 
     </span>
    </p>
   </div>
   <div class='ocr_carea' id='block_1_95' title="bbox 2001 3232 3660 3309">
    <p class='ocr_par' dir='ltr' id='par_1_95' title="bbox 2001 3232 3660 3309">
     <span class='ocr_line' id='line_1_96' title="bbox 2001 3232 3660 3309; baseline -0.002 -19"><span class='ocrx_word' id='word_1_703' title='bbox 2001 3235 2169 3306; x_wconf 90' lang='lat' dir='ltr'>quasi</span> <span class='ocrx_word' id='word_1_704' title='bbox 2201 3253 2234 3290; x_wconf 92' lang='lat' dir='ltr'>a</span> <span class='ocrx_word' id='word_1_705' title='bbox 2264 3240 2533 3307; x_wconf 88' lang='lat' dir='ltr'>serpente</span> <span class='ocrx_word' id='word_1_706' title='bbox 2582 3236 2883 3309; x_wconf 90' lang='lat' dir='ltr'>suggestio</span> <span class='ocrx_word' id='word_1_707' title='bbox 2929 3236 3049 3303; x_wconf 78' lang='lat' dir='ltr'>fiat,</span> <span class='ocrx_word' id='word_1_708' title='bbox 3082 3235 3150 3289; x_wconf 93' lang='lat' dir='ltr'>id</span> <span class='ocrx_word' id='word_1_709' title='bbox 3184 3239 3295 3301; x_wconf 89' lang='lat' dir='ltr'>est,</span> <span class='ocrx_word' id='word_1_710' title='bbox 3331 3232 3552 3288; x_wconf 90' lang='lat' dir='ltr'>lubrico</span> <span class='ocrx_word' id='word_1_711' title='bbox 3602 3236 3660 3287; x_wconf 91' lang='lat' dir='ltr'>et</span> 
     </span>
    </p>
   </div>
   <div class='ocr_carea' id='block_1_96' title="bbox 2002 3322 3661 3397">
    <p class='ocr_par' dir='ltr' id='par_1_96' title="bbox 2002 3322 3661 3397">
     <span class='ocr_line' id='line_1_97' title="bbox 2002 3322 3661 3397; baseline 0 -20"><span class='ocrx_word' id='word_1_712' title='bbox 2002 3324 2266 3395; x_wconf 87' lang='lat' dir='ltr'>volubili,</span> <span class='ocrx_word' id='word_1_713' title='bbox 2300 3325 2406 3380; x_wconf 86' lang='lat' dir='ltr'>hoc</span> <span class='ocrx_word' id='word_1_714' title='bbox 2438 3329 2526 3381; x_wconf 90' lang='lat' dir='ltr'>est</span> <span class='ocrx_word' id='word_1_715' title='bbox 2555 3324 2861 3397; x_wconf 88' lang='lat' dir='ltr'>temporali</span> <span class='ocrx_word' id='word_1_716' title='bbox 2893 3341 3200 3396; x_wconf 89' lang='lat' dir='ltr'>corporum</span> <span class='ocrx_word' id='word_1_717' title='bbox 3234 3326 3255 3359; x_wconf 82' lang='grc'><strong>³</strong></span> <span class='ocrx_word' id='word_1_718' title='bbox 3286 3327 3449 3379; x_wconf 87' lang='lat' dir='ltr'>motu</span> <span class='ocrx_word' id='word_1_719' title='bbox 3475 3339 3489 3389; x_wconf 90' lang='lat'>;</span> <span class='ocrx_word' id='word_1_720' title='bbox 3522 3322 3661 3393; x_wconf 87' lang='lat' dir='ltr'>quia</span> 
     </span>
    </p>
   </div>
   <div class='ocr_carea' id='block_1_97' title="bbox 2004 3411 3659 3486">
    <p class='ocr_par' dir='ltr' id='par_1_97' title="bbox 2004 3411 3659 3486">
     <span class='ocr_line' id='line_1_98' title="bbox 2004 3411 3659 3486; baseline -0.003 -17"><span class='ocrx_word' id='word_1_721' title='bbox 2004 3417 2060 3469; x_wconf 89' lang='lat' dir='ltr'>et</span> <span class='ocrx_word' id='word_1_722' title='bbox 2088 3414 2137 3469; x_wconf 90' lang='lat' dir='ltr'>si</span> <span class='ocrx_word' id='word_1_723' title='bbox 2169 3431 2286 3486; x_wconf 89' lang='lat' dir='ltr'>qua</span> <span class='ocrx_word' id='word_1_724' title='bbox 2316 3413 2456 3468; x_wconf 86' lang='lat' dir='ltr'>talia</span> <span class='ocrx_word' id='word_1_725' title='bbox 2486 3414 3075 3485; x_wconf 88' lang='lat' dir='ltr'>phantasmataintus</span> <span class='ocrx_word' id='word_1_726' title='bbox 3106 3417 3414 3469; x_wconf 88' lang='lat' dir='ltr'>versantur</span> <span class='ocrx_word' id='word_1_727' title='bbox 3442 3412 3498 3465; x_wconf 91' lang='lat' dir='ltr'>in</span> <span class='ocrx_word' id='word_1_728' title='bbox 3535 3411 3659 3466; x_wconf 90' lang='lat' dir='ltr'>ani-</span> 
     </span>
    </p>
   </div>
   <div class='ocr_carea' id='block_1_98' title="bbox 2008 3498 3660 3575">
    <p class='ocr_par' dir='ltr' id='par_1_98' title="bbox 2008 3498 3660 3575">
     <span class='ocr_line' id='line_1_99' title="bbox 2008 3498 3660 3575; baseline -0.003 -16"><span class='ocrx_word' id='word_1_729' title='bbox 2008 3519 2124 3570; x_wconf 90' lang='lat' dir='ltr'>ma,</span> <span class='ocrx_word' id='word_1_730' title='bbox 2159 3505 2229 3559; x_wconf 94' lang='lat' dir='ltr'>de</span> <span class='ocrx_word' id='word_1_731' title='bbox 2258 3519 2498 3575; x_wconf 88' lang='lat' dir='ltr'>corpore</span> <span class='ocrx_word' id='word_1_732' title='bbox 2530 3504 2854 3559; x_wconf 86' lang='lat' dir='ltr'>forinsecus</span> <span class='ocrx_word' id='word_1_733' title='bbox 2898 3507 3081 3558; x_wconf 85' lang='lat' dir='ltr'>tracta</span> <span class='ocrx_word' id='word_1_734' title='bbox 3129 3508 3306 3569; x_wconf 88' lang='lat' dir='ltr'>sunt;</span> <span class='ocrx_word' id='word_1_735' title='bbox 3340 3506 3397 3557; x_wconf 86' lang='lat' dir='ltr'>et</span> <span class='ocrx_word' id='word_1_736' title='bbox 3427 3500 3476 3555; x_wconf 88' lang='lat' dir='ltr'>si</span> <span class='ocrx_word' id='word_1_737' title='bbox 3525 3498 3660 3571; x_wconf 90' lang='lat' dir='ltr'>quis</span> 
     </span>
    </p>
   </div>
   <div class='ocr_carea' id='block_1_99' title="bbox 2008 3592 3665 3665">
    <p class='ocr_par' dir='ltr' id='par_1_99' title="bbox 2008 3592 3665 3665">
     <span class='ocr_line' id='line_1_100' title="bbox 2008 3592 3665 3665; baseline -0.002 -16"><span class='ocrx_word' id='word_1_738' title='bbox 2008 3592 2271 3649; x_wconf 91' lang='lat' dir='ltr'>occultus</span> <span class='ocrx_word' id='word_1_739' title='bbox 2301 3597 2511 3665; x_wconf 67' lang='lat' dir='ltr'>praeter</span> <span class='ocrx_word' id='word_1_740' title='bbox 2538 3593 2681 3649; x_wconf 90' lang='lat' dir='ltr'>istos</span> <span class='ocrx_word' id='word_1_741' title='bbox 2713 3593 2975 3665; x_wconf 90' lang='lat' dir='ltr'>quinque</span> <span class='ocrx_word' id='word_1_742' title='bbox 3006 3609 3216 3648; x_wconf 88' lang='lat' dir='ltr'>sensus</span> <span class='ocrx_word' id='word_1_743' title='bbox 3239 3595 3434 3646; x_wconf 89' lang='lat' dir='ltr'>motus</span> <span class='ocrx_word' id='word_1_744' title='bbox 3465 3605 3665 3661; x_wconf 89' lang='lat' dir='ltr'>corpo-</span> 
     </span>
    </p>
   </div>
   <div class='ocr_carea' id='block_1_100' title="bbox 2007 3679 3662 3754">
    <p class='ocr_par' dir='ltr' id='par_1_100' title="bbox 2007 3679 3662 3754">
     <span class='ocr_line' id='line_1_101' title="bbox 2007 3679 3662 3754; baseline -0.002 -17"><span class='ocrx_word' id='word_1_745' title='bbox 2007 3681 2088 3737; x_wconf 89' lang='lat' dir='ltr'>ris</span> <span class='ocrx_word' id='word_1_746' title='bbox 2120 3682 2373 3737; x_wconf 90' lang='lat' dir='ltr'>animam</span> <span class='ocrx_word' id='word_1_747' title='bbox 2408 3682 2616 3754; x_wconf 88' lang='lat' dir='ltr'>tangit,</span> <span class='ocrx_word' id='word_1_748' title='bbox 2650 3687 2738 3737; x_wconf 88' lang='lat' dir='ltr'>est</span> <span class='ocrx_word' id='word_1_749' title='bbox 2761 3682 2932 3737; x_wconf 85' lang='lat' dir='ltr'>etiam</span> <span class='ocrx_word' id='word_1_750' title='bbox 2959 3682 3085 3753; x_wconf 90' lang='lat' dir='ltr'>ipse</span> <span class='ocrx_word' id='word_1_751' title='bbox 3131 3680 3472 3752; x_wconf 91' lang='lat' dir='ltr'>temporalis</span> <span class='ocrx_word' id='word_1_752' title='bbox 3494 3684 3551 3733; x_wconf 90' lang='lat' dir='ltr'>et</span> <span class='ocrx_word' id='word_1_753' title='bbox 3574 3679 3662 3733; x_wconf 91' lang='lat' dir='ltr'>lu-</span> 
     </span>
    </p>
   </div>
   <div class='ocr_carea' id='block_1_101' title="bbox 2008 3766 3663 3843">
    <p class='ocr_par' dir='ltr' id='par_1_101' title="bbox 2008 3766 3663 3843">
     <span class='ocr_line' id='line_1_102' title="bbox 2008 3766 3663 3843; baseline -0.003 -17"><span class='ocrx_word' id='word_1_754' title='bbox 2008 3772 2243 3840; x_wconf 88' lang='lat' dir='ltr'>bricus;</span> <span class='ocrx_word' id='word_1_755' title='bbox 2278 3776 2332 3827; x_wconf 89' lang='lat' dir='ltr'>et</span> <span class='ocrx_word' id='word_1_756' title='bbox 2361 3772 2490 3827; x_wconf 92' lang='lat' dir='ltr'>ideo</span> <span class='ocrx_word' id='word_1_757' title='bbox 2523 3776 2740 3843; x_wconf 88' lang='lat' dir='ltr'>quanto</span> <span class='ocrx_word' id='word_1_758' title='bbox 2791 3771 3055 3826; x_wconf 89' lang='lat' dir='ltr'>illabitur</span> <span class='ocrx_word' id='word_1_759' title='bbox 3083 3769 3369 3826; x_wconf 90' lang='lat' dir='ltr'>occultius</span> <span class='ocrx_word' id='word_1_760' title='bbox 3410 3772 3475 3823; x_wconf 89' lang='lat' dir='ltr'>ut</span> <span class='ocrx_word' id='word_1_761' title='bbox 3505 3766 3663 3839; x_wconf 88' lang='lat' dir='ltr'>cogi-</span> 
     </span>
    </p>
   </div>
   <div class='ocr_carea' id='block_1_102' title="bbox 2007 3855 3659 3933">
    <p class='ocr_par' dir='ltr' id='par_1_102' title="bbox 2007 3855 3659 3933">
     <span class='ocr_line' id='line_1_103' title="bbox 2007 3855 3659 3933; baseline -0.004 -17"><span class='ocrx_word' id='word_1_762' title='bbox 2007 3862 2288 3916; x_wconf 84' lang='lat' dir='ltr'>tationem</span> <span class='ocrx_word' id='word_1_763' title='bbox 2342 3862 2660 3933; x_wconf 89' lang='lat' dir='ltr'>contingat,</span> <span class='ocrx_word' id='word_1_764' title='bbox 2710 3865 2875 3915; x_wconf 90' lang='lat' dir='ltr'>tanto</span> <span class='ocrx_word' id='word_1_765' title='bbox 2918 3858 3355 3915; x_wconf 81' lang='lat' dir='ltr'>convenientius</span> <span class='ocrx_word' id='word_1_766' title='bbox 3403 3855 3659 3928; x_wconf 90' lang='lat' dir='ltr'>serpenti</span> 
     </span>
    </p>
   </div>
   <div class='ocr_carea' id='block_1_103' title="bbox 2010 3944 3662 4022">
    <p class='ocr_par' dir='ltr' id='par_1_103' title="bbox 2010 3944 3662 4022">
     <span class='ocr_line' id='line_1_104' title="bbox 2010 3944 3662 4022; baseline -0.004 -18"><span class='ocrx_word' id='word_1_767' title='bbox 2010 3954 2399 4022; x_wconf 88' lang='lat' dir='ltr'>comparatur.</span> <span class='ocrx_word' id='word_1_768' title='bbox 2436 3949 2571 4005; x_wconf 83' lang='lat' dir='ltr'>Tria</span> <span class='ocrx_word' id='word_1_769' title='bbox 2602 3965 2737 4021; x_wconf 89' lang='lat' dir='ltr'>ergo</span> <span class='ocrx_word' id='word_1_770' title='bbox 2770 3949 2983 4014; x_wconf 83' lang='lat' dir='ltr'>haec,ut</span> <span class='ocrx_word' id='word_1_771' title='bbox 3013 3948 3203 4003; x_wconf 91' lang='lat' dir='ltr'>dicere</span> <span class='ocrx_word' id='word_1_772' title='bbox 3234 3961 3542 4018; x_wconf 85' lang='lat' dir='ltr'>coeperam,</span> <span class='ocrx_word' id='word_1_773' title='bbox 3576 3944 3662 3999; x_wconf 83' lang='lat' dir='ltr'>si-</span> 
     </span>
    </p>
   </div>
   <div class='ocr_carea' id='block_1_104' title="bbox 2010 4035 3660 4111">
    <p class='ocr_par' dir='ltr' id='par_1_104' title="bbox 2010 4035 3660 4111">
     <span class='ocr_line' id='line_1_105' title="bbox 2010 4035 3660 4111; baseline -0.005 -17"><span class='ocrx_word' id='word_1_774' title='bbox 2010 4039 2175 4094; x_wconf 88' lang='lat' dir='ltr'>milia</span> <span class='ocrx_word' id='word_1_775' title='bbox 2206 4043 2345 4094; x_wconf 92' lang='lat' dir='ltr'>sunt</span> <span class='ocrx_word' id='word_1_776' title='bbox 2375 4038 2457 4093; x_wconf 91' lang='lat' dir='ltr'>illi</span> <span class='ocrx_word' id='word_1_777' title='bbox 2490 4043 2664 4111; x_wconf 64' lang='lat' dir='ltr'>gesta:</span> <span class='ocrx_word' id='word_1_778' title='bbox 2694 4038 2771 4093; x_wconf 89' lang='lat' dir='ltr'>rei</span> <span class='ocrx_word' id='word_1_779' title='bbox 2808 4054 2937 4109; x_wconf 69' lang='lat' dir='ltr'>qua)</span> <span class='ocrx_word' id='word_1_780' title='bbox 2968 4037 3028 4092; x_wconf 90' lang='lat' dir='ltr'>in</span> <span class='ocrx_word' id='word_1_781' title='bbox 3060 4036 3265 4093; x_wconf 87' lang='lat' dir='ltr'>Genesi</span> <span class='ocrx_word' id='word_1_782' title='bbox 3301 4035 3519 4107; x_wconf 90' lang='lat' dir='ltr'>scripta</span> <span class='ocrx_word' id='word_1_783' title='bbox 3549 4036 3660 4099; x_wconf 87' lang='lat' dir='ltr'>est,</span> 
     </span>
    </p>
   </div>
   <div class='ocr_carea' id='block_1_105' title="bbox 2010 4124 3666 4200">
    <p class='ocr_par' dir='ltr' id='par_1_105' title="bbox 2010 4124 3666 4200">
     <span class='ocr_line' id='line_1_106' title="bbox 2010 4124 3666 4200; baseline -0.004 -18"><span class='ocrx_word' id='word_1_784' title='bbox 2010 4132 2074 4183; x_wconf 93' lang='lat' dir='ltr'>ut</span> <span class='ocrx_word' id='word_1_785' title='bbox 2104 4128 2273 4200; x_wconf 89' lang='lat' dir='ltr'>quasi</span> <span class='ocrx_word' id='word_1_786' title='bbox 2305 4146 2337 4183; x_wconf 90' lang='lat' dir='ltr'>a</span> <span class='ocrx_word' id='word_1_787' title='bbox 2367 4132 2633 4199; x_wconf 86' lang='lat' dir='ltr'>serpente</span> <span class='ocrx_word' id='word_1_788' title='bbox 2666 4128 2767 4181; x_wconf 81' lang='lat' dir='ltr'>fiat</span> <span class='ocrx_word' id='word_1_789' title='bbox 2805 4126 3103 4199; x_wconf 90' lang='lat' dir='ltr'>suggestio</span> <span class='ocrx_word' id='word_1_790' title='bbox 3135 4130 3191 4180; x_wconf 92' lang='lat' dir='ltr'>et</span> <span class='ocrx_word' id='word_1_791' title='bbox 3221 4124 3485 4196; x_wconf 65' lang='lat' dir='ltr'>quaedam</span> <span class='ocrx_word' id='word_1_792' title='bbox 3519 4138 3666 4177; x_wconf 88' lang='lat' dir='ltr'>sua-</span> 
     </span>
    </p>
   </div>
   <div class='ocr_carea' id='block_1_106' title="bbox 2011 4212 3661 4289">
    <p class='ocr_par' dir='ltr' id='par_1_106' title="bbox 2011 4212 3661 4289">
     <span class='ocr_line' id='line_1_107' title="bbox 2011 4212 3661 4289; baseline -0.004 -15"><span class='ocrx_word' id='word_1_793' title='bbox 2011 4219 2134 4285; x_wconf 88' lang='lat' dir='ltr'>sio;</span> <span class='ocrx_word' id='word_1_794' title='bbox 2166 4218 2223 4272; x_wconf 91' lang='lat' dir='ltr'>in</span> <span class='ocrx_word' id='word_1_795' title='bbox 2257 4217 2517 4289; x_wconf 88' lang='lat' dir='ltr'>appetitu</span> <span class='ocrx_word' id='word_1_796' title='bbox 2571 4221 2767 4271; x_wconf 90' lang='lat' dir='ltr'>autem</span> <span class='ocrx_word' id='word_1_797' title='bbox 2821 4214 3062 4283; x_wconf 87' lang='lat' dir='ltr'>carnali,</span> <span class='ocrx_word' id='word_1_798' title='bbox 3098 4219 3381 4285; x_wconf 89' lang='lat' dir='ltr'>tanquam</span> <span class='ocrx_word' id='word_1_799' title='bbox 3431 4212 3490 4267; x_wconf 91' lang='lat' dir='ltr'>in</span> <span class='ocrx_word' id='word_1_800' title='bbox 3524 4212 3661 4279; x_wconf 87' lang='lat' dir='ltr'>Eva,</span> 
     </span>
    </p>
   </div>
   <div class='ocr_carea' id='block_1_107' title="bbox 2011 4302 3661 4376">
    <p class='ocr_par' dir='ltr' id='par_1_107' title="bbox 2011 4302 3661 4376">
     <span class='ocr_line' id='line_1_108' title="bbox 2011 4302 3661 4376; baseline -0.005 -13"><span class='ocrx_word' id='word_1_801' title='bbox 2011 4307 2361 4374; x_wconf 86' lang='lat' dir='ltr'>delectatio;</span> <span class='ocrx_word' id='word_1_802' title='bbox 2390 4306 2447 4360; x_wconf 91' lang='lat' dir='ltr'>in</span> <span class='ocrx_word' id='word_1_803' title='bbox 2482 4307 2702 4361; x_wconf 89' lang='lat' dir='ltr'>ratione</span> <span class='ocrx_word' id='word_1_804' title='bbox 2750 4322 2907 4376; x_wconf 89' lang='lat' dir='ltr'>vero,</span> <span class='ocrx_word' id='word_1_805' title='bbox 2939 4309 3221 4376; x_wconf 90' lang='lat' dir='ltr'>tanquam</span> <span class='ocrx_word' id='word_1_806' title='bbox 3254 4304 3311 4357; x_wconf 89' lang='lat' dir='ltr'>in</span> <span class='ocrx_word' id='word_1_807' title='bbox 3342 4302 3487 4367; x_wconf 90' lang='lat' dir='ltr'>viro,</span> <span class='ocrx_word' id='word_1_808' title='bbox 3520 4317 3661 4356; x_wconf 82' lang='lat' dir='ltr'>con-</span> 
     </span>
    </p>
   </div>
   <div class='ocr_carea' id='block_1_108' title="bbox 2010 4390 3662 4467">
    <p class='ocr_par' dir='ltr' id='par_1_108' title="bbox 2010 4390 3662 4467">
     <span class='ocr_line' id='line_1_109' title="bbox 2010 4390 3662 4467; baseline -0.005 -14"><span class='ocrx_word' id='word_1_809' title='bbox 2010 4397 2204 4453; x_wconf 89' lang='lat' dir='ltr'>sensio</span> <span class='ocrx_word' id='word_1_810' title='bbox 2230 4413 2242 4451; x_wconf 91' lang='lat'><strong>:</strong></span> <span class='ocrx_word' id='word_1_811' title='bbox 2277 4395 2492 4465; x_wconf 91' lang='lat' dir='ltr'>quibus</span> <span class='ocrx_word' id='word_1_812' title='bbox 2524 4394 2795 4467; x_wconf 89' lang='lat' dir='ltr'>peractis,</span> <span class='ocrx_word' id='word_1_813' title='bbox 2826 4399 3106 4466; x_wconf 87' lang='lat' dir='ltr'>tanquam</span> <span class='ocrx_word' id='word_1_814' title='bbox 3139 4394 3209 4447; x_wconf 92' lang='lat' dir='ltr'>de</span> <span class='ocrx_word' id='word_1_815' title='bbox 3237 4390 3530 4464; x_wconf 90' lang='lat' dir='ltr'>paradiso,</span> <span class='ocrx_word' id='word_1_816' title='bbox 3554 4390 3662 4445; x_wconf 89' lang='lat' dir='ltr'>hoc</span> 
     </span>
    </p>
   </div>
   <div class='ocr_carea' id='block_1_109' title="bbox 2012 4480 3662 4556">
    <p class='ocr_par' dir='ltr' id='par_1_109' title="bbox 2012 4480 3662 4556">
     <span class='ocr_line' id='line_1_110' title="bbox 2012 4480 3662 4556; baseline -0.004 -15"><span class='ocrx_word' id='word_1_817' title='bbox 2012 4492 2119 4556; x_wconf 90' lang='lat' dir='ltr'>est,</span> <span class='ocrx_word' id='word_1_818' title='bbox 2152 4486 2221 4540; x_wconf 91' lang='lat' dir='ltr'>de</span> <span class='ocrx_word' id='word_1_819' title='bbox 2252 4484 2594 4539; x_wconf 87' lang='lat' dir='ltr'>beatissima</span> <span class='ocrx_word' id='word_1_820' title='bbox 2642 4484 2770 4540; x_wconf 91' lang='lat' dir='ltr'>luce</span> <span class='ocrx_word' id='word_1_821' title='bbox 2811 4483 3060 4555; x_wconf 71' lang='lat' dir='ltr'>justitiaa</span> <span class='ocrx_word' id='word_1_822' title='bbox 3090 4485 3147 4538; x_wconf 90' lang='lat' dir='ltr'>in</span> <span class='ocrx_word' id='word_1_823' title='bbox 3197 4486 3445 4537; x_wconf 90' lang='lat' dir='ltr'>mortem</span> <span class='ocrx_word' id='word_1_824' title='bbox 3488 4480 3662 4535; x_wconf 89' lang='lat' dir='ltr'>homo</span> 
     </span>
    </p>
   </div>
   <div class='ocr_carea' id='block_1_110' title="bbox 2010 4569 3658 4647">
    <p class='ocr_par' dir='ltr' id='par_1_110' title="bbox 2010 4569 3658 4647">
     <span class='ocr_line' id='line_1_111' title="bbox 2010 4569 3658 4647; baseline -0.005 -17"><span class='ocrx_word' id='word_1_825' title='bbox 2010 4574 2321 4647; x_wconf 81' lang='lat' dir='ltr'>expellitur</span> <span class='ocrx_word' id='word_1_826' title='bbox 2373 4574 2530 4644; x_wconf 85' lang='lat' dir='ltr'>(Gen.</span> <span class='ocrx_word' id='word_1_827' title='bbox 2586 4590 2668 4629; x_wconf 79' lang='lat' dir='ltr'>In.</span> <span class='ocrx_word' id='word_1_828' title='bbox 2704 4574 2794 4645; x_wconf 81' lang='lat' dir='ltr'>l);</span> <span class='ocrx_word' id='word_1_829' title='bbox 2838 4572 3174 4645; x_wconf 82' lang='lat' dir='ltr'>justissima</span> <span class='ocrx_word' id='word_1_830' title='bbox 3222 4571 3480 4627; x_wconf 90' lang='lat' dir='ltr'>omnino.</span> <span class='ocrx_word' id='word_1_831' title='bbox 3531 4569 3658 4623; x_wconf 88' lang='lat' dir='ltr'>Non</span> 
     </span>
    </p>
   </div>
   <div class='ocr_carea' id='block_1_111' title="bbox 2012 4657 3661 4735">
    <p class='ocr_par' dir='ltr' id='par_1_111' title="bbox 2012 4657 3661 4735">
     <span class='ocr_line' id='line_1_112' title="bbox 2012 4657 3661 4735; baseline -0.004 -16"><span class='ocrx_word' id='word_1_832' title='bbox 2012 4665 2167 4719; x_wconf 90' lang='lat' dir='ltr'>enim</span> <span class='ocrx_word' id='word_1_833' title='bbox 2200 4662 2355 4735; x_wconf 89' lang='lat' dir='ltr'>cogit</span> <span class='ocrx_word' id='word_1_834' title='bbox 2381 4663 2478 4733; x_wconf 90' lang='lat' dir='ltr'>qui</span> <span class='ocrx_word' id='word_1_835' title='bbox 2512 4663 2736 4717; x_wconf 86' lang='lat' dir='ltr'>suadet.</span> <span class='ocrx_word' id='word_1_836' title='bbox 2770 4662 2837 4716; x_wconf 88' lang='lat' dir='ltr'>Et</span> <span class='ocrx_word' id='word_1_837' title='bbox 2867 4678 3071 4717; x_wconf 84' lang='lat' dir='ltr'>omnes</span> <span class='ocrx_word' id='word_1_838' title='bbox 3103 4665 3323 4716; x_wconf 67' lang='lat' dir='ltr'>natura:</span> <span class='ocrx_word' id='word_1_839' title='bbox 3354 4658 3412 4713; x_wconf 93' lang='lat' dir='ltr'>in</span> <span class='ocrx_word' id='word_1_840' title='bbox 3454 4657 3661 4713; x_wconf 89' lang='lat' dir='ltr'>ordine</span> 
     </span>
    </p>
   </div>
   <div class='ocr_carea' id='block_1_112' title="bbox 2010 4747 3664 4823">
    <p class='ocr_par' dir='ltr' id='par_1_112' title="bbox 2010 4747 3664 4823">
     <span class='ocr_line' id='line_1_113' title="bbox 2010 4747 3664 4823; baseline -0.004 -16"><span class='ocrx_word' id='word_1_841' title='bbox 2010 4768 2115 4808; x_wconf 90' lang='lat' dir='ltr'>suo</span> <span class='ocrx_word' id='word_1_842' title='bbox 2146 4752 2427 4823; x_wconf 87' lang='lat' dir='ltr'>gradibus</span> <span class='ocrx_word' id='word_1_843' title='bbox 2459 4752 2582 4805; x_wconf 91' lang='lat' dir='ltr'>suis</span> <span class='ocrx_word' id='word_1_844' title='bbox 2613 4750 2868 4822; x_wconf 64' lang='lat' dir='ltr'>pulchrae</span> <span class='ocrx_word' id='word_1_845' title='bbox 2899 4756 3041 4806; x_wconf 88' lang='lat' dir='ltr'>sunt</span> <span class='ocrx_word' id='word_1_846' title='bbox 3074 4768 3085 4806; x_wconf 91' lang='lat'><strong>:</strong></span> <span class='ocrx_word' id='word_1_847' title='bbox 3121 4750 3220 4805; x_wconf 91' lang='lat' dir='ltr'>sed</span> <span class='ocrx_word' id='word_1_848' title='bbox 3254 4750 3323 4804; x_wconf 92' lang='lat' dir='ltr'>de</span> <span class='ocrx_word' id='word_1_849' title='bbox 3353 4747 3664 4818; x_wconf 91' lang='lat' dir='ltr'>superiori-</span> 
     </span>
    </p>
   </div>
   <div class='ocr_carea' id='block_1_113' title="bbox 2010 4836 3658 4911">
    <p class='ocr_par' dir='ltr' id='par_1_113' title="bbox 2010 4836 3658 4911">
     <span class='ocr_line' id='line_1_114' title="bbox 2010 4836 3658 4911; baseline -0.004 -16"><span class='ocrx_word' id='word_1_850' title='bbox 2010 4842 2120 4896; x_wconf 91' lang='lat' dir='ltr'>bus</span> <span class='ocrx_word' id='word_1_851' title='bbox 2156 4840 2211 4895; x_wconf 90' lang='lat' dir='ltr'>in</span> <span class='ocrx_word' id='word_1_852' title='bbox 2243 4839 2459 4911; x_wconf 86' lang='lat' dir='ltr'>quibus</span> <span class='ocrx_word' id='word_1_853' title='bbox 2493 4838 2797 4895; x_wconf 88' lang='lat' dir='ltr'>rationalis</span> <span class='ocrx_word' id='word_1_854' title='bbox 2841 4839 3076 4895; x_wconf 89' lang='lat' dir='ltr'>animus</span> <span class='ocrx_word' id='word_1_855' title='bbox 3108 4838 3416 4894; x_wconf 89' lang='lat' dir='ltr'>ordinatus</span> <span class='ocrx_word' id='word_1_856' title='bbox 3445 4841 3552 4903; x_wconf 91' lang='lat' dir='ltr'>est,</span> <span class='ocrx_word' id='word_1_857' title='bbox 3586 4836 3658 4890; x_wconf 91' lang='lat' dir='ltr'>ad</span> 
     </span>
    </p>
   </div>
   <div class='ocr_carea' id='block_1_114' title="bbox 2009 4924 3661 4999">
    <p class='ocr_par' dir='ltr' id='par_1_114' title="bbox 2009 4924 3661 4999">
     <span class='ocr_line' id='line_1_115' title="bbox 2009 4924 3661 4999; baseline -0.003 -15"><span class='ocrx_word' id='word_1_858' title='bbox 2009 4929 2284 4985; x_wconf 89' lang='lat' dir='ltr'>inferiora</span> <span class='ocrx_word' id='word_1_859' title='bbox 2333 4945 2443 4982; x_wconf 90' lang='lat' dir='ltr'>non</span> <span class='ocrx_word' id='word_1_860' title='bbox 2478 4932 2566 4983; x_wconf 90' lang='lat' dir='ltr'>est</span> <span class='ocrx_word' id='word_1_861' title='bbox 2597 4928 3035 4984; x_wconf 83' lang='lat' dir='ltr'>declinandum.</span> <span class='ocrx_word' id='word_1_862' title='bbox 3068 4928 3180 4983; x_wconf 83' lang='lat' dir='ltr'>Nec</span> <span class='ocrx_word' id='word_1_863' title='bbox 3205 4928 3519 4999; x_wconf 87' lang='lat' dir='ltr'>quisquam</span> <span class='ocrx_word' id='word_1_864' title='bbox 3551 4924 3661 4979; x_wconf 89' lang='lat' dir='ltr'>hoc</span> 
     </span>
    </p>
   </div>
   <div class='ocr_carea' id='block_1_115' title="bbox 2014 5014 3665 5089">
    <p class='ocr_par' dir='ltr' id='par_1_115' title="bbox 2014 5014 3665 5089">
     <span class='ocr_line' id='line_1_116' title="bbox 2014 5014 3665 5089; baseline -0.004 -15"><span class='ocrx_word' id='word_1_865' title='bbox 2014 5020 2197 5075; x_wconf 89' lang='lat' dir='ltr'>facere</span> <span class='ocrx_word' id='word_1_866' title='bbox 2216 5017 2443 5089; x_wconf 90' lang='lat' dir='ltr'>cogitur</span> <span class='ocrx_word' id='word_1_867' title='bbox 2469 5034 2482 5084; x_wconf 89' lang='lat'>;</span> <span class='ocrx_word' id='word_1_868' title='bbox 2511 5021 2567 5071; x_wconf 92' lang='lat' dir='ltr'>et</span> <span class='ocrx_word' id='word_1_869' title='bbox 2611 5016 2739 5071; x_wconf 91' lang='lat' dir='ltr'>ideo</span> <span class='ocrx_word' id='word_1_870' title='bbox 2771 5016 2819 5071; x_wconf 90' lang='lat' dir='ltr'>si</span> <span class='ocrx_word' id='word_1_871' title='bbox 2845 5017 3063 5085; x_wconf 90' lang='lat' dir='ltr'>fecerit,</span> <span class='ocrx_word' id='word_1_872' title='bbox 3090 5017 3256 5088; x_wconf 87' lang='lat' dir='ltr'>justa</span> <span class='ocrx_word' id='word_1_873' title='bbox 3279 5014 3373 5071; x_wconf 92' lang='lat' dir='ltr'>Dei</span> <span class='ocrx_word' id='word_1_874' title='bbox 3404 5014 3530 5087; x_wconf 88' lang='lat' dir='ltr'>lege</span> <span class='ocrx_word' id='word_1_875' title='bbox 3562 5029 3665 5085; x_wconf 90' lang='lat' dir='ltr'>pu-</span> 
     </span>
    </p>
   </div>
   <div class='ocr_carea' id='block_1_116' title="bbox 2013 5105 3659 5164">
    <p class='ocr_par' dir='ltr' id='par_1_116' title="bbox 2013 5105 3659 5164">
     <span class='ocr_line' id='line_1_117' title="bbox 2013 5105 3659 5164; baseline -0.004 -1"><span class='ocrx_word' id='word_1_876' title='bbox 2013 5108 2224 5164; x_wconf 79' lang='lat' dir='ltr'>nitur‘:</span> <span class='ocrx_word' id='word_1_877' title='bbox 2243 5124 2352 5161; x_wconf 90' lang='lat' dir='ltr'>non</span> <span class='ocrx_word' id='word_1_878' title='bbox 2372 5106 2525 5161; x_wconf 90' lang='lat' dir='ltr'>enim</span> <span class='ocrx_word' id='word_1_879' title='bbox 2543 5105 2652 5160; x_wconf 89' lang='lat' dir='ltr'>hoc</span> <span class='ocrx_word' id='word_1_880' title='bbox 2666 5106 3659 5161; x_wconf 76' lang='lat' dir='ltr'>committitinvitus.Verumtamen</span> 
     </span>
    </p>
   </div>
   <div class='ocr_carea' id='block_1_117' title="bbox 2015 5190 3663 5261">
    <p class='ocr_par' dir='ltr' id='par_1_117' title="bbox 2015 5190 3663 5261">
     <span class='ocr_line' id='line_1_118' title="bbox 2015 5190 3663 5261; baseline -0.004 -8"><span class='ocrx_word' id='word_1_881' title='bbox 2015 5196 2321 5254; x_wconf 89' lang='lat' dir='ltr'>delectatio</span> <span class='ocrx_word' id='word_1_882' title='bbox 2373 5200 2504 5249; x_wconf 88' lang='lat' dir='ltr'>ante</span> <span class='ocrx_word' id='word_1_883' title='bbox 2534 5194 3018 5250; x_wconf 90' lang='lat' dir='ltr'>consuetudinem</span> <span class='ocrx_word' id='word_1_884' title='bbox 3051 5196 3071 5229; x_wconf 79' lang='grc'><strong>⁸</strong></span> <span class='ocrx_word' id='word_1_885' title='bbox 3110 5194 3193 5250; x_wconf 91' lang='lat' dir='ltr'>vel</span> <span class='ocrx_word' id='word_1_886' title='bbox 3245 5194 3404 5249; x_wconf 86' lang='lat' dir='ltr'>nulla</span> <span class='ocrx_word' id='word_1_887' title='bbox 3436 5197 3542 5261; x_wconf 88' lang='lat' dir='ltr'>est,</span> <span class='ocrx_word' id='word_1_888' title='bbox 3574 5190 3663 5247; x_wconf 87' lang='lat' dir='ltr'>vel</span> 
     </span>
    </p>
   </div>
   <div class='ocr_carea' id='block_1_118' title="bbox 2012 5282 3663 5354">
    <p class='ocr_par' dir='ltr' id='par_1_118' title="bbox 2012 5282 3663 5354">
     <span class='ocr_line' id='line_1_119' title="bbox 2012 5282 3663 5354; baseline -0.005 -11"><span class='ocrx_word' id='word_1_889' title='bbox 2012 5293 2132 5343; x_wconf 89' lang='lat' dir='ltr'>tam</span> <span class='ocrx_word' id='word_1_890' title='bbox 2164 5285 2358 5341; x_wconf 88' lang='lat' dir='ltr'>tenuis</span> <span class='ocrx_word' id='word_1_891' title='bbox 2391 5288 2451 5338; x_wconf 89' lang='lat' dir='ltr'>ut</span> <span class='ocrx_word' id='word_1_892' title='bbox 2484 5300 2661 5354; x_wconf 85' lang='lat' dir='ltr'>prope</span> <span class='ocrx_word' id='word_1_893' title='bbox 2692 5282 2854 5337; x_wconf 87' lang='lat' dir='ltr'>nulla</span> <span class='ocrx_word' id='word_1_894' title='bbox 2884 5284 2957 5338; x_wconf 88' lang='lat' dir='ltr'>sit</span> <span class='ocrx_word' id='word_1_895' title='bbox 2993 5301 3006 5339; x_wconf 90' lang='lat'><strong>:</strong></span> <span class='ocrx_word' id='word_1_896' title='bbox 3042 5285 3134 5339; x_wconf 93' lang='lat' dir='ltr'>cui</span> <span class='ocrx_word' id='word_1_897' title='bbox 3178 5284 3505 5339; x_wconf 87' lang='lat' dir='ltr'>consentire</span> <span class='ocrx_word' id='word_1_898' title='bbox 3538 5297 3663 5336; x_wconf 85' lang='lat' dir='ltr'>ma-</span> 
     </span>
    </p>
   </div>
   <div class='ocr_carea' id='block_1_119' title="bbox 2080 5380 3041 5445">
    <p class='ocr_par' dir='ltr' id='par_1_119' title="bbox 2080 5380 3041 5445">
     <span class='ocr_line' id='line_1_120' title="bbox 2080 5380 3041 5445; baseline -0.003 -11"><span class='ocrx_word' id='word_1_899' title='bbox 2080 5388 2095 5420; x_wconf 80' lang='grc'>¹</span> <span class='ocrx_word' id='word_1_900' title='bbox 2129 5385 2188 5433; x_wconf 90' lang='lat' dir='ltr'>In</span> <span class='ocrx_word' id='word_1_901' title='bbox 2220 5384 2466 5433; x_wconf 87' lang='lat' dir='ltr'>omnibus</span> <span class='ocrx_word' id='word_1_902' title='bbox 2499 5395 2661 5445; x_wconf 85' lang='lat' dir='ltr'>prope</span> <span class='ocrx_word' id='word_1_903' title='bbox 2695 5382 2841 5436; x_wconf 74' lang='lat' dir='ltr'>M88.,</span> <span class='ocrx_word' id='word_1_904' title='bbox 2870 5380 3041 5445; x_wconf 80' lang='lat' dir='ltr'>plane.</span> 
     </span>
    </p>
   </div>
   <div class='ocr_carea' id='block_1_120' title="bbox 2076 5442 3665 5507">
    <p class='ocr_par' dir='ltr' id='par_1_120' title="bbox 2076 5442 3665 5507">
     <span class='ocr_line' id='line_1_121' title="bbox 2076 5442 3665 5507; baseline -0.004 -11"><span class='ocrx_word' id='word_1_905' title='bbox 2076 5450 2096 5483; x_wconf 67' lang='grc' dir='ltr'><strong>ί</strong></span> <span class='ocrx_word' id='word_1_906' title='bbox 2124 5448 2262 5496; x_wconf 87' lang='lat' dir='ltr'>Editi</span> <span class='ocrx_word' id='word_1_907' title='bbox 2311 5446 2440 5495; x_wconf 85' lang='lat' dir='ltr'>Mar.</span> <span class='ocrx_word' id='word_1_908' title='bbox 2471 5442 2523 5493; x_wconf 79' lang='lat' dir='ltr'>et</span> <span class='ocrx_word' id='word_1_909' title='bbox 2552 5446 2694 5502; x_wconf 87' lang='lat' dir='ltr'>Lov.,</span> <span class='ocrx_word' id='word_1_910' title='bbox 2743 5444 2949 5493; x_wconf 69' lang='lat' dir='ltr'>cmteria</span> <span class='ocrx_word' id='word_1_911' title='bbox 2981 5444 3131 5493; x_wconf 88' lang='lat' dir='ltr'>libris</span> <span class='ocrx_word' id='word_1_912' title='bbox 3177 5444 3587 5507; x_wconf 84' lang='lat' dir='ltr'>refragantibus,</span> <span class='ocrx_word' id='word_1_913' title='bbox 3619 5442 3665 5490; x_wconf 89' lang='lat' dir='ltr'>si</span> 
     </span>
    </p>
   </div>
   <div class='ocr_carea' id='block_1_121' title="bbox 2014 5525 2146 5561">
    <p class='ocr_par' dir='ltr' id='par_1_121' title="bbox 2014 5525 2146 5561">
     <span class='ocr_line' id='line_1_122' title="bbox 2014 5525 2146 5561; baseline 0.008 -1"><span class='ocrx_word' id='word_1_914' title='bbox 2014 5525 2146 5561; x_wconf 86' lang='lat' dir='ltr'>eam.</span> 
     </span>
    </p>
   </div>
   <div class='ocr_carea' id='block_1_122' title="bbox 2078 5564 2875 5632">
    <p class='ocr_par' dir='ltr' id='par_1_122' title="bbox 2078 5564 2875 5632">
     <span class='ocr_line' id='line_1_123' title="bbox 2078 5564 2875 5632; baseline -0.004 -11"><span class='ocrx_word' id='word_1_915' title='bbox 2078 5575 2100 5609; x_wconf 81' lang='grc'>³</span> <span class='ocrx_word' id='word_1_916' title='bbox 2129 5573 2251 5621; x_wconf 85' lang='lat' dir='ltr'>Mss.</span> <span class='ocrx_word' id='word_1_917' title='bbox 2285 5570 2485 5629; x_wconf 88' lang='lat' dir='ltr'>decem,</span> <span class='ocrx_word' id='word_1_918' title='bbox 2511 5564 2875 5632; x_wconf 83' lang='lat' dir='ltr'>corporalium.</span> 
     </span>
    </p>
   </div>
   <div class='ocr_carea' id='block_1_123' title="bbox 2082 5628 3661 5694">
    <p class='ocr_par' dir='ltr' id='par_1_123' title="bbox 2082 5628 3661 5694">
     <span class='ocr_line' id='line_1_124' title="bbox 2082 5628 3661 5694; baseline -0.005 -10"><span class='ocrx_word' id='word_1_919' title='bbox 2082 5637 2103 5671; x_wconf 73' lang='grc' dir='ltr'>ι</span> <span class='ocrx_word' id='word_1_920' title='bbox 2128 5636 2211 5685; x_wconf 88' lang='lat' dir='ltr'>Sic</span> <span class='ocrx_word' id='word_1_921' title='bbox 2242 5636 2362 5683; x_wconf 86' lang='lat' dir='ltr'>Mss.</span> <span class='ocrx_word' id='word_1_922' title='bbox 2395 5638 2445 5682; x_wconf 88' lang='lat' dir='ltr'>et</span> <span class='ocrx_word' id='word_1_923' title='bbox 2474 5628 2609 5681; x_wconf 47' lang='lat' dir='ltr'>Mar.’</span> <span class='ocrx_word' id='word_1_924' title='bbox 2634 5632 2699 5680; x_wconf 81' lang='lat' dir='ltr'>At</span> <span class='ocrx_word' id='word_1_925' title='bbox 2732 5633 2848 5681; x_wconf 83' lang='lat' dir='ltr'>Am.</span> <span class='ocrx_word' id='word_1_926' title='bbox 2878 5632 2960 5681; x_wconf 86' lang='lat' dir='ltr'>Er.</span> <span class='ocrx_word' id='word_1_927' title='bbox 2993 5634 3046 5681; x_wconf 88' lang='lat' dir='ltr'>et</span> <span class='ocrx_word' id='word_1_928' title='bbox 3081 5632 3228 5688; x_wconf 72' lang='grc' dir='ltr'><strong>ιον..</strong></span> <span class='ocrx_word' id='word_1_929' title='bbox 3254 5631 3364 5679; x_wconf 72' lang='lat' dir='ltr'>sine</span> <span class='ocrx_word' id='word_1_930' title='bbox 3393 5630 3543 5694; x_wconf 86' lang='lat' dir='ltr'>justa</span> <span class='ocrx_word' id='word_1_931' title='bbox 3572 5628 3661 5677; x_wconf 86' lang='lat' dir='ltr'>de-</span> 
     </span>
    </p>
   </div>
   <div class='ocr_carea' id='block_1_124' title="bbox 2013 5694 2508 5763">
    <p class='ocr_par' dir='ltr' id='par_1_124' title="bbox 2013 5694 2508 5763">
     <span class='ocr_line' id='line_1_125' title="bbox 2013 5694 2508 5763; baseline -0.006 -17"><span class='ocrx_word' id='word_1_932' title='bbox 2013 5698 2248 5763; x_wconf 45' lang='lat' dir='ltr'>fensione</span> <span class='ocrx_word' id='word_1_933' title='bbox 2270 5694 2508 5763; x_wconf 82' lang='lat' dir='ltr'>punit_ur.</span> 
     </span>
    </p>
   </div>
   <div class='ocr_carea' id='block_1_125' title="bbox 2079 5756 3662 5820">
    <p class='ocr_par' dir='ltr' id='par_1_125' title="bbox 2079 5756 3662 5820">
     <span class='ocr_line' id='line_1_126' title="bbox 2079 5756 3662 5820; baseline -0.003 -11"><span class='ocrx_word' id='word_1_934' title='bbox 2079 5763 2099 5796; x_wconf 75' lang='grc'>³</span> <span class='ocrx_word' id='word_1_935' title='bbox 2128 5762 2211 5810; x_wconf 88' lang='lat' dir='ltr'>Sic</span> <span class='ocrx_word' id='word_1_936' title='bbox 2265 5756 2377 5809; x_wconf 74' lang='lat' dir='ltr'>Am.</span> <span class='ocrx_word' id='word_1_937' title='bbox 2408 5759 2493 5807; x_wconf 86' lang='lat' dir='ltr'>Er.</span> <span class='ocrx_word' id='word_1_938' title='bbox 2525 5760 2577 5805; x_wconf 90' lang='lat' dir='ltr'>et</span> <span class='ocrx_word' id='word_1_939' title='bbox 2605 5757 2747 5820; x_wconf 89' lang='lat' dir='ltr'>Mss.,</span> <span class='ocrx_word' id='word_1_940' title='bbox 2777 5769 2886 5806; x_wconf 90' lang='lat' dir='ltr'>uno</span> <span class='ocrx_word' id='word_1_941' title='bbox 2914 5759 3122 5808; x_wconf 88' lang='lat' dir='ltr'>tantum</span> <span class='ocrx_word' id='word_1_942' title='bbox 3165 5759 3403 5820; x_wconf 86' lang='lat' dir='ltr'>excepto.</span> <span class='ocrx_word' id='word_1_943' title='bbox 3439 5756 3507 5807; x_wconf 80' lang='lat' dir='ltr'>At</span> <span class='ocrx_word' id='word_1_944' title='bbox 3534 5756 3662 5806; x_wconf 82' lang='lat' dir='ltr'>Mar.</span> 
     </span>
    </p>
   </div>
   <div class='ocr_carea' id='block_1_126' title="bbox 2018 5819 2822 5883">
    <p class='ocr_par' dir='ltr' id='par_1_126' title="bbox 2018 5819 2822 5883">
     <span class='ocr_line' id='line_1_127' title="bbox 2018 5819 2822 5883; baseline -0.004 -9"><span class='ocrx_word' id='word_1_945' title='bbox 2018 5824 2073 5874; x_wconf 89' lang='lat' dir='ltr'>et</span> <span class='ocrx_word' id='word_1_946' title='bbox 2101 5824 2248 5883; x_wconf 83' lang='lat' dir='ltr'>Lov.,</span> <span class='ocrx_word' id='word_1_947' title='bbox 2278 5823 2398 5873; x_wconf 80' lang='lat' dir='ltr'>ante</span> <span class='ocrx_word' id='word_1_948' title='bbox 2424 5819 2822 5871; x_wconf 83' lang='lat' dir='ltr'>consensionem.</span> 
     </span>
    </p>
   </div>
  </div>
