3978 6362
164 334 318 395 1289

152 471 462 522 turantur:
494 467 884 523 thesaurizate
916 470 1114 521 autem
1155 465 1316 520 vobis
1384 464 1697 520 thesauros
1758 463 1815 517 in

154 556 320 623 ccelo,
343 557 440 611 ubi
466 572 654 628 neque
672 557 828 611 tinea
854 571 1042 626 neque
1066 553 1818 619 comesturaexterminant,

153 649 208 700 et
235 646 332 700 ubi
362 647 514 702 fores
539 663 652 701 non
677 646 963 701 effodiunt
995 661 1098 700 nec
1126 643 1530 699 furantur.Ubi
1551 641 1706 698 enim
1734 645 1822 695 est

151 737 467 792 thesaurus
499 741 656 804 tuus,
689 735 764 791 ibi
801 736 916 790 erit
948 737 1005 789 et
1043 751 1141 789 cor
1186 740 1374 788 tuum.
1412 756 1439 782 ››
1483 736 1629 802 Ergo
1663 732 1710 786 si
1763 731 1819 783 in

150 828 306 882 terra
337 827 585 895 eritcor,
632 825 687 880 id
713 830 823 891 est,
859 825 906 880 si
940 840 1004 879 eo
1037 825 1208 879 corde
1249 823 1499 894 quisque
1551 824 1825 893 operetur

151 913 395 986 aliquid,
431 920 493 969 ut
526 919 826 970 terrenum
853 913 1234 968 commodum
1269 911 1646 983 adipiscatur,
1678 924 1820 980 quo-

151 1005 325 1059 modo
341 1003 449 1059 erit
464 1003 945 1075 mundum,quod
966 1001 1025 1058 in
1041 1006 1193 1057 terra
1213 999 1532 1056 volutatur?
1549 999 1605 1053 Si
1628 1002 1820 1055 autem

149 1093 209 1146 in
245 1093 703 1162 coelo,mundum
738 1091 1016 1162 erit,quia
1037 1091 1259 1145 munda
1288 1094 1823 1161 suntquaecumque

146 1182 425 1238 coelestia.
462 1183 764 1238 Sordescit
804 1181 960 1238 enim
999 1179 1244 1250 aliquid,
1270 1177 1678 1234 cuminleriori
1713 1177 1820 1231 mi-

144 1275 345 1327 scetur
377 1275 616 1343 natura},
650 1288 724 1344 qu
742 1271 928 1327 amvis
963 1270 1020 1324 in
1047 1286 1153 1326 suo
1177 1285 1385 1342 genere
1399 1285 1514 1325 non
1540 1266 1816 1349 sordidis;

143 1361 288 1432 quia
318 1361 492 1417 etiam
516 1362 584 1416 de
607 1375 753 1433 puro
798 1362 1033 1430 argento
1091 1358 1430 1414 sordidatur
1478 1371 1712 1426 aurum,
1772 1353 1822 1409 si

145 1449 490 1506 misceatur:
528 1450 607 1506 ita
643 1453 700 1504 et
735 1449 970 1504 animus
995 1451 1194 1503 noster
1209 1451 1572 1503 terrenorum
1595 1442 1822 1516 cupidi-

143 1543 262 1595 tate
276 1538 858 1612 sordescit,quamvis
877 1537 932 1609 ip
949 1554 1012 1593 sa
1045 1540 1199 1592 terra
1219 1536 1278 1591 in
1294 1551 1400 1591 suo
1423 1548 1633 1606 genere
1650 1536 1824 1602 atque

146 1629 352 1685 ordine
384 1629 607 1684 munda
631 1626 972 1684 sit.leum
1030 1629 1225 1681 autem
1259 1624 1368 1680 hoc
1391 1623 1514 1679 loco
1547 1640 1660 1678 non
1695 1637 1823 1677 cor-

149 1735 392 1792 poreum
430 1717 860 1790 acceperimus,
890 1716 1030 1787 quia
1062 1731 1234 1770 omne
1265 1730 1477 1786 corpus
1507 1729 1610 1784 pro
1665 1716 1822 1767 terra

148 1809 482 1864 habendum
502 1814 609 1863 est.
641 1808 852 1861 Totum
886 1806 1039 1860 enim
1077 1805 1376 1860 mundum
1411 1802 1584 1858 debet
1615 1805 1813 1857 conte-

149 1897 609 1971 mnere,quisibi
636 1895 995 1951 thesaurizat
1027 1894 1085 1949 in
1124 1893 1292 1949 coelo.
1311 1893 1372 1948 In
1393 1891 1493 1947 illo
1518 1907 1654 1963 ergo
1677 1891 1818 1946 cmlo

149 1987 218 2041 de
241 2004 352 2058 quo
380 1987 600 2043 dictum
619 1990 727 2040 est.
748 1984 978 2057 (Cwlum
992 1983 1362 2038 cwliDomino
1376 1981 1523 2036 Psal.
1543 1981 1814 2051 cx111,16),

146 2077 328 2145 idest,
363 2076 419 2130 in
437 2075 805 2130 firmamento
823 2071 1143 2145 spirituali,
1179 2087 1292 2126 non
1319 2070 1549 2126 enimin
1578 2085 1642 2124 eo
1661 2071 1814 2141 quod

149 2165 846 2234 transiet,constituerect
865 2180 927 2219 co
946 2163 1159 2218 llocare
1173 2162 1456 2217 debemus
1471 2160 1811 2215 thesaurum

153 2259 422 2310 nostrum
455 2259 510 2309 et
541 2271 638 2309 cor
656 2257 945 2322 nostrum,
971 2251 1144 2307 sedin
1170 2267 1233 2306 eo
1261 2250 1417 2323 quod
1434 2265 1666 2321 semper
1687 2265 1810 2304 ma-

148 2350 268 2399 net:
298 2344 505 2399 cmlum
526 2347 720 2398 autem
754 2347 810 2397 et
839 2345 997 2397 terra
1015 2340 1302 2396 transient
1323 2338 1808 2409 (Matth.xx1v,35).

216 2433 491 2487 55.Etbic
519 2433 858 2488 manifestat
878 2432 947 2485 de
969 2430 1310 2485 mundando
1333 2428 1503 2484 corde
1521 2445 1583 2483 se
1600 2431 1812 2482 cuncta

147 2525 263 2579 ista
293 2523 625 2595 praecipere,
649 2538 779 2576 cum
814 2520 984 2576 dicit:
1040 2544 1064 2569 ‹‹
1095 2521 1350 2574 Lucerna
1404 2517 1663 2589 corporis
1725 2516 1809 2571 tui

148 2612 357 2668 oculus
389 2617 524 2667 tuus
546 2615 652 2666 est.
687 2611 741 2664 Si
777 2625 912 2682 ergo
947 2608 1150 2664 oculus
1183 2613 1322 2663 tuus
1347 2606 1593 2678 simplex
1616 2606 1807 2674 fuerit,

144 2707 341 2758 totum
376 2718 588 2774 corpus
623 2705 792 2756 tuum
819 2700 1082 2754 lucidum
1115 2698 1243 2753 erit.
1278 2697 1338 2752 Si
1376 2700 1571 2752 autem
1603 2696 1810 2751 oculus

145 2797 288 2847 tuus
323 2807 574 2862 nequam
609 2794 720 2855 est,
744 2794 930 2845 totum
967 2804 1179 2860 corpus
1210 2794 1378 2841 tuum
1431 2786 1806 2841 tenebrosum

145 2881 278 2937 erit.
307 2881 364 2936 Si
399 2897 534 2951 ergo
568 2879 765 2934 lumen
792 2879 944 2950 quod
979 2877 1036 2931 in
1069 2881 1124 2931 te
1182 2880 1288 2943 est,
1349 2876 1598 2930 tenebrze
1649 2879 1808 2939 sunt,

152 2971 405 3026 tenebrae
441 2973 676 3040 quantae
703 2968 730 3022 ?
760 2990 787 3016 ››
820 2967 924 3031 Qui
952 2967 1114 3021 locus
1146 2966 1229 3021 sic
1261 2962 1680 3035 intelligendus
1702 2966 1810 3029 est,

146 3066 213 3116 ut
242 3060 574 3116 noverimus
605 3058 807 3114 omnia
837 3073 1013 3129 opera
1044 3059 1246 3110 nostra
1271 3059 1408 3108 tunc
1430 3069 1558 3108 esse
1589 3053 1812 3108 munda

150 3155 211 3206 et
242 3149 470 3221 placere
500 3148 558 3202 in
594 3150 911 3218 conspectu
944 3145 1063 3215 Dei,
1089 3144 1136 3198 si
1173 3144 1314 3198 fiant
1341 3141 1594 3214 simplici
1617 3142 1808 3210 corde,

144 3239 204 3293 id
231 3246 340 3305 est,
367 3238 691 3293 intentione
725 3251 980 3308 superna
1012 3235 1124 3288 ﬁne
1152 3233 1252 3288 illo
1285 3232 1620 3299 cbaritatis;
1671 3231 1811 3302 quia

147 3333 207 3384 et
237 3329 542 3401 plenitudo
575 3326 721 3398 legis
755 3324 1008 3380 charitas
1033 3323 1202 3394 (Rom.
1233 3339 1360 3388 xm,
1404 3321 1515 3392 40).
1563 3321 1810 3376 Oculum

151 3433 292 3490 ergo
323 3417 417 3472 hic
460 3416 722 3487 accipere
755 3415 1041 3469 debemus
1074 3412 1261 3484 ipsam
1287 3411 1672 3466 intentionem
1696 3427 1814 3482 qua

159 3507 415 3562 facimus
447 3505 735 3578 quidquid
767 3504 1041 3559 facimus:
1071 3518 1198 3573 quae
1231 3501 1277 3556 si
1313 3501 1532 3555 munda
1558 3500 1729 3555 fuerit
1757 3504 1814 3555 et

160 3600 341 3663 recta,
366 3600 419 3650 et
451 3594 591 3649 illud
622 3592 912 3665 aspiciens
935 3592 1086 3662 quod
1105 3590 1510 3662 ascipiendum
1533 3593 1655 3657 est;
1688 3605 1812 3643 om-

164 3686 262 3741 nia
288 3702 462 3757 opera
495 3687 714 3748 nostra,
748 3697 873 3753 qua:
906 3681 1232 3736 secundum
1291 3694 1420 3734 eam
1479 3693 1812 3750 operemur,

166 3792 405 3831 necesse
435 3774 698 3830 estbona
730 3774 864 3828 sint.
895 3773 1028 3838 Quae
1062 3770 1259 3826 omnia
1279 3775 1655 3842 operatotum
1688 3786 1813 3825 cor-

165 3883 278 3939 pus
310 3864 654 3937 appellavit;
694 3863 829 3934 quia
858 3869 914 3918 et
947 3860 1257 3934 Apostolus
1308 3861 1573 3915 membra
1613 3863 1816 3914 nostra

161 3954 306 4008 dicit
327 3953 593 4025 quaedam
620 3968 812 4023 opera,
840 3967 966 4023 quis
992 3949 1308 4021 improbat,
1332 3953 1389 4002 et
1408 3948 1814 4003 mortiﬁcanda

158 4043 419 4116 pracipit
451 4042 676 4112 dicens,
700 4041 1017 4111 Mortiﬁcate
1047 4055 1177 4108 ergo
1209 4039 1454 4094 membra
1483 4041 1661 4093 vestra
1689 4051 1813 4108 qui?

154 4137 283 4188 sunt
314 4150 478 4204 super
501 4141 733 4201 terram,
757 4131 1202 4202 fornicationem,
1219 4116 1655 4197 immunditiam,
1677 4143 1811 4181 ava-

152 4224 351 4279 ritiam
380 4223 611 4295 (Coloss.
648 4238 733 4287 ιιι,
759 4221 839 4293 5),
859 4225 917 4276 et
948 4223 1154 4275 czstera
1186 4217 1345 4274 talia.

227 4312 313 4365 46.
349 4311 470 4367 Non
503 4327 637 4382 ergo
671 4310 811 4382 quid
843 4309 1094 4381 quisque
1121 4306 1313 4375 faciat,
1347 4306 1444 4362 sed
1478 4321 1593 4378 quo
1616 4305 1812 4361 animo

157 4401 352 4471 faciat,
380 4399 879 4456 considerandum
917 4402 1025 4454 est.
1062 4398 1177 4453 Hoc
1211 4400 1299 4451 est
1328 4395 1480 4450 enim
1503 4395 1701 4450 lumen
1753 4395 1811 4449 in

155 4490 350 4557 nobis,
386 4490 522 4560 quia
553 4489 661 4544 hoc
692 4487 861 4543 nobis
896 4487 1273 4543 manifestum
1306 4488 1394 4539 est
1419 4483 1570 4539 bono
1619 4483 1814 4539 animo

159 4596 266 4635 nos
281 4580 466 4635 facere
490 4580 643 4650 quod
661 4578 930 4634 facimus:
948 4593 1118 4632 omne
1134 4575 1290 4631 enim
1307 4573 1459 4645 quod
1482 4573 1816 4629 manifesta-

154 4674 274 4737 tur,
309 4668 508 4724 lumen
529 4672 854 4738 est(Ephes.
879 4683 934 4734 v,
963 4667 1069 4738 13).
1100 4665 1244 4719 Nam
1270 4663 1397 4734 ipsa
1421 4663 1572 4718 facta
1601 4663 1812 4734 quaead

159 4759 469 4814 hominum
485 4757 819 4813 societatem
836 4773 868 4812 a
883 4755 1051 4810 nobis
1068 4752 1316 4826 procedu
1329 4751 1701 4818 nt,incertum
1718 4751 1814 4807 ba-

158 4849 299 4903 bent
329 4847 640 4913 exitum;et
671 4846 799 4899 ideo
832 4844 1102 4900 tenebras
1133 4858 1231 4897 eas
1261 4839 1632 4896 vocavit.Non
1656 4841 1814 4896 enim

158 4937 316 5000 novi,
349 4953 481 4992 cum
512 4934 822 5007 pecuniam
861 4932 1094 5006 porrigo
1135 4930 1431 5003 indigenti
1478 4934 1533 4985 et
1572 4930 1812 5002 petenti,

158 5027 301 5099 quid
339 5027 475 5081 inde
505 5030 606 5080 aut
630 5026 893 5080 facturus
925 5023 1020 5093 sit,
1041 5025 1140 5077 aut
1161 5037 1477 5094 passurus;
1504 5024 1559 5075 et
1579 5021 1815 5092 ﬁeripo-

159 5121 276 5172 test
309 5120 373 5171 ut
406 5115 494 5170 vel
533 5114 709 5169 faciat
731 5130 797 5168 ex
830 5129 917 5180 ca,
963 5110 1050 5166 vel
1097 5115 1332 5182 propter
1381 5125 1510 5164 eam
1563 5108 1820 5179 patiatur

162 5206 385 5277 aliquid
422 5203 581 5272 mali,
617 5204 770 5275 quod
796 5219 899 5274 ego
927 5217 1061 5256 cum
1090 5200 1312 5269 darem,
1337 5213 1449 5252 non
1473 5198 1701 5253 evenire
1718 5215 1817 5254 vo-

162 5296 394 5365 luerim,
431 5309 622 5365 neque
662 5292 771 5347 hoc
804 5291 999 5347 animo
1024 5289 1309 5345 dederim.
1345 5291 1547 5358 itaque
1587 5289 1636 5342 si
1668 5287 1820 5344 bono

164 5385 362 5442 animo
395 5384 525 5452 feci,
559 5383 713 5455 quod
743 5381 1041 5436 mihicum
1080 5379 1354 5444 facerem,
1384 5380 1586 5431 notum
1619 5381 1824 5446 erat,et

165 5476 296 5531 ideo
348 5473 543 5528 lumen
603 5475 881 5538 vocatur;
941 5468 1313 5524 illuminatur
1369 5466 1543 5522 etiam
1607 5465 1825 5522 factum

171 5580 364 5623 meum
399 5561 632 5635 qualem
652 5577 903 5634 cumque
919 5559 1140 5615 exitum
1157 5556 1430 5613 habuerit
1453 5571 1466 5614 :
1492 5555 1592 5627 qui
1631 5556 1827 5611 exitus

165 5694 344 5752 pturte
374 5699 491 5749 qua:
514 5701 544 5735 a
565 5688 722 5752 notus
743 5686 937 5749 passim
963 5683 1064 5732 hoc
1086 5682 1140 5729 in
1171 5694 1330 5744 opere
1352 5693 1547 5744 magna
1568 5679 1825 5743 religione

173 5750 535 5802 restituuntur
566 5763 629 5798 ex
648 5750 768 5798 Mss.

500 5869 758 5932 ΡΑτιιοι..
809 5866 1076 5932 XXXIV.

1514 329 1745 391 LIBER
1789 329 2226 393 SECUNDUS.

3419 346 3574 408 1290

1929 463 2480 533 quoniamincertus
2511 471 2567 522 et
2589 468 2823 541 ignotus
2855 476 2963 540 est,
2999 474 3247 529 tenebrae
3270 476 3570 547 appellatas

1928 557 2082 606 sunt.
2109 553 2166 607 Si
2194 558 2386 611 autem
2408 557 2559 611 malo
2592 559 3110 628 animofeci,etiam
3146 563 3338 634 ipsum
3373 565 3574 623 lumen

1930 643 2182 697 tenebrae
2205 649 2589 702 sunt.Lumen
2623 649 2778 704 enim
2815 651 3050 718 dicitur,
3079 652 3215 723 quia
3246 654 3578 727 novitquis-

1931 746 2044 800 que
2076 749 2190 802 quo
2216 734 2408 788 animo
2442 736 2632 804 faciat,
2659 738 2837 793 etiam
2870 741 3384 796 cummaloanimo
3407 743 3575 810 facit;

1932 819 2244 891 sedipsum
2278 823 2470 879 lumen
2492 828 2738 881 tenebrae
2770 830 3199 900 sunt,quianon
3231 830 3287 885 in
3320 848 3574 902 superna

1931 908 2465 983 dirigitursimplex
2479 914 2492 967 i
2506 915 2726 970 ntentio
2744 918 2840 971 sed
2857 920 2926 973 ad
2943 918 3218 974 inferiora
3230 919 3575 989 declinatur,

1930 1002 1987 1052 et
2009 999 2224 1070 duplici
2258 1003 2429 1057 corde
2459 1006 2624 1074 quasi
2647 1006 2915 1062 umbram
2951 1007 3106 1078 facit,
3143 1007 3202 1063 Si
3229 1025 3354 1077 ergo
3385 1009 3576 1065 lumen

1932 1087 2071 1156 quod
2102 1089 2161 1142 in
2184 1092 2234 1143 te
2261 1095 2366 1158 est,
2397 1094 2642 1149 tenebrz
2667 1104 2817 1160 sunt,
2849 1096 3098 1152 tenebrae
3141 1107 3366 1166 quantae
3387 1102 3412 1153 Ρ
3466 1097 3575 1152 hoc

1931 1179 2036 1246 est,
2068 1176 2124 1229 Si
2159 1177 2288 1248 ipsa
2311 1180 2501 1235 cordis
2533 1181 2799 1248 intentio,
2835 1199 2951 1254 qua
3012 1184 3154 1240 facis
3197 1187 3352 1256 quod
3407 1186 3574 1253 facis,

1931 1280 2055 1335 quis
2086 1265 2191 1320 tibi
2226 1272 2362 1323 nota
2390 1273 2497 1339 est,
2530 1270 2865 1326 sordidatur
2894 1272 3153 1344 appetitu
3170 1289 3364 1330 rerum
3396 1279 3577 1332 terre-

1931 1369 2138 1409 narum
2171 1359 2228 1411 et
2253 1357 2870 1431 temporalium,atque
2892 1366 3139 1417 caacatur
3164 1379 3176 1430 ;
3199 1368 3420 1435 quanto
3448 1379 3575 1420 ma-

1928 1441 2018 1514 gis
2044 1442 2236 1515 ipsum
2271 1446 2511 1514 factum,
2546 1449 2717 1518 cujus
2749 1449 3006 1506 incertus
3036 1456 3125 1506 est
3155 1452 3366 1523 exitus,
3387 1452 3576 1509 sordi-

1929 1532 2067 1588 dum
2091 1539 2148 1589 et
2177 1535 2554 1592 tenebrosum
2583 1543 2670 1593 est
2690 1538 2873 1610 ?quia
2892 1541 2997 1595 etsi
3026 1541 3171 1597 bene
3219 1541 3395 1598 alicui
3446 1559 3579 1614 pro-

1928 1622 2139 1691 veniat,
2167 1626 2318 1696 quod
2354 1630 2416 1681 tu
2451 1643 2565 1683 non
2600 1632 2757 1684 recta
2786 1633 2843 1685 et
2873 1631 3094 1685 munda
3123 1631 3581 1702 intentioneﬂa-

1929 1711 2012 1767 cis
2046 1730 2059 1781 ;
2091 1715 2386 1786 quomodo
2411 1719 2474 1771 tu
2509 1717 2733 1786 feceris,
2772 1717 2871 1774 tibi
2905 1718 3254 1792 imputatur,
3289 1737 3404 1777 non
3437 1738 3578 1793 quo-

1928 1802 2099 1858 modo
2130 1802 2211 1857 illi
2232 1805 2578 1875 provenerit.

1996 1892 2226 1948 CAPUT
2265 1893 2405 1949 XIV.
2431 1895 2601 1950 -47.
2634 1897 2795 1961 Quod
2828 1902 3020 1953 autem
3055 1899 3346 1972 sequitur,
3379 1904 3436 1955 et
3485 1901 3574 1955 di-

1925 1980 2003 2036 cit
2022 1987 2189 2039 Nemo
2204 1989 2373 2056 potest
2401 1985 2607 2040 duobus
2626 1986 2864 2042 dominis
2883 1990 3105 2060 servire,
3123 1990 3192 2046 ad
3209 1989 3359 2044 hanc
3383 1990 3574 2062 ipsam

1925 2069 2310 2128 intentionem
2345 2074 2709 2130 referendum
2735 2081 2842 2142 est,
2868 2079 3019 2149 quod
3036 2083 3577 2150 consequenterex-

1925 2160 2105 2236 ponit,
2141 2162 2361 2218 dicens:
2379 2164 2484 2218 Aut
2502 2167 2650 2219 enim
2671 2181 2843 2220 unum
2863 2167 2984 2223 odio
3014 2168 3312 2238 habebit,et
3335 2169 3575 2225 alterum

1921 2249 2152 2322 diliget;
2185 2261 2281 2307 aut
2308 2254 2546 2308 alterum
2568 2258 2830 2326 patietur,
2862 2261 2911 2312 et
2953 2256 3204 2313 alterum
3245 2263 3571 2314 contemnet.

1921 2341 2054 2405 Qua:
2085 2342 2262 2396 verba
2293 2342 2602 2414 diligenter
2631 2344 3055 2400 consideranda
3085 2351 3262 2402 sunt:
3297 2364 3430 2403 nam
3462 2348 3568 2418 qui

1919 2429 2039 2484 sint
2064 2431 2179 2485 duo
2212 2431 2455 2500 domini,
2489 2433 2761 2505 deinceps
2792 2435 3070 2500 ostendit,
3094 2452 3226 2491 cum
3262 2436 3420 2503 dicit,
3454 2437 3573 2491 Non

1917 2523 2142 2590 potestis
2162 2521 2262 2576 Deo
2292 2523 2496 2577 servire
2525 2526 2578 2576 et
2617 2539 2963 2580 mammonae.
3025 2528 3354 2580 Mammona
3411 2527 3566 2596 apud

1919 2608 2414 2666 Hebrmosdivitias
2432 2610 2708 2682 appellari
2735 2613 2973 2668 dicuntu
2983 2614 3375 2685 r,Congruitet
3393 2615 3567 2686 puni-

1919 2714 2050 2753 cum
2085 2715 2296 2755 nomen
2318 2717 2484 2756 :nam
2517 2700 3556 2774 lucrum,punicemammondicitur.

1915 2789 2022 2842 Sed
2058 2787 2156 2859 qui
2189 2789 2368 2843 servit
2399 2806 2770 2859 mammona,
2815 2791 2897 2845 illi
2958 2792 3160 2863 utique
3208 2793 3404 2860 servit,
3460 2793 3561 2864 qui

1920 2876 2091 2932 rebus
2121 2877 2252 2932 istis
2285 2878 2531 2933 terrenis
2563 2878 2772 2934 merito
2817 2896 2937 2935 suae
2982 2880 3377 2952 perversitatis
3415 2898 3561 2953 prae-

1919 2967 2166 3038 positus.
2202 2967 2579 3039 magistratus
2609 2968 2996 3039 hujusszeculi
3019 2987 3052 3025 a
3074 2970 3322 3026 Domino
3343 2971 3563 3027 dicitur

1917 3057 2101 3127 (Joan.
2135 3074 2235 3125 xu,
2259 3057 2348 3124 31,
2371 3066 2420 3112 et
2451 3074 2561 3127 xxv,
2585 3058 2695 3128 30).
2729 3063 2838 3114 Aut
2887 3075 3024 3131 ergo
3067 3059 3227 3115 hunc
3281 3060 3406 3116 odio
3461 3061 3561 3117 ha-

1921 3147 2065 3203 bebit
2095 3146 2290 3212 homo,
2323 3149 2373 3200 et
2403 3148 2641 3202 alterum
2667 3146 2875 3218 diliget,
2909 3148 2964 3202 id
3021 3152 3132 3216 est,
3191 3148 3374 3204 Deum
3403 3174 3416 3218 ;
3466 3153 3565 3205 aut

1919 3236 2156 3290 alterum
2182 3235 2446 3306 patietur,
2469 3243 2518 3290 et
2547 3235 2787 3290 alterum
2804 3241 3130 3292 contemnet.
3157 3237 3381 3292 Patitur
3407 3237 3565 3293 enim

1921 3326 2133 3380 durum
2166 3328 2221 3380 et
2253 3323 2645 3395 perniciosum
2696 3326 3026 3394 dominum,
3081 3325 3351 3398 quisquis
3381 3327 3563 3383 servit

1921 3427 2309 3480 mammonae;
2343 3429 2452 3468 sua
2471 3413 2625 3468 enim
2645 3413 2964 3486 cupiditate
2979 3414 3563 3486 implicatus,subdi-

1921 3509 2018 3559 tur
2047 3501 2278 3557 diabolo
2304 3519 2318 3558 :
2353 3506 2409 3556 et
2439 3517 2553 3556 non
2585 3503 2966 3573 eumdiligit;
3000 3504 3132 3575 quis
3155 3505 3312 3560 enim
3359 3509 3448 3561 est
3468 3505 3570 3577 qui

1923 3591 2130 3664 diligat
2143 3589 2482 3646 diabolum?
2503 3592 2604 3646 sed
2623 3596 2816 3647 tamen
2834 3594 3073 3665 patitur:
3094 3595 3249 3649 sicut
3269 3594 3325 3648 in
3349 3595 3571 3666 majore

1923 3681 2122 3752 aliqua
2140 3681 2434 3751 domo,qui
2450 3680 2676 3736 ancilla:
2698 3681 2900 3737 alienae
2921 3684 3270 3755 conjunctus
3285 3688 3570 3755 est,prop-

1920 3775 2009 3825 ter
2055 3770 2435 3842 cupiditatem
2476 3787 2642 3825 suam
2697 3771 2906 3827 duram
2943 3773 3163 3843 patitur
3205 3774 3565 3842 servitutem,

1921 3860 2096 3915 etiam
2129 3860 2176 3915 si
2211 3876 2328 3915 non
2360 3859 2565 3931 diligat
2595 3877 2750 3931 eum,
2786 3863 2953 3932 cujus
2978 3862 3251 3917 ancillam
3284 3863 3493 3934 diligit.

1993 3950 2332 4004 48.Alterum
2360 3959 2545 4004 autem
2565 3935 3361 4020 contemnet,dixit;non,odio
3389 3951 3566 4008 habe-

1922 4037 2026 4093 bit.
2060 4037 2290 4092 Nullius
2321 4037 2476 4093 enim
2512 4038 2627 4093 fere
2650 4038 3196 4094 conscientiaDeum
3247 4039 3442 4094 odisse
3475 4054 3570 4110 po-

1919 4128 2143 4200 test(a):
2159 4126 2480 4182 contemnit
2499 4129 2779 4199 autem,id
2804 4131 3034 4198 est,non
3057 4127 3572 4199 timeteum,quasi

1922 4218 1992 4271 de
2022 4218 2149 4289 ejus
2182 4217 2440 4272 bonitate
2471 4231 2716 4272 securus
2739 4221 2845 4272 est.
2878 4218 2962 4272 Ab
2993 4217 3101 4272 hac
3134 4216 3488 4289 negligentia
3515 4219 3574 4272 et

1923 4305 2253 4379 perniciosa
2285 4306 2595 4361 securitate
2628 4311 2858 4362 revocat
2887 4306 3142 4378 Spiritus
3169 4311 3574 4373 sanctus,cum

1923 4412 2024 4467 per
2055 4395 2404 4467 Prophetam
2438 4396 2599 4463 dicit,
2626 4396 2749 4466 Fili,
2781 4395 3388 4467 neadiioiaspeccatum
3413 4411 3578 4468 super

1919 4489 2225 4556 peccatum,
2257 4489 2306 4539 et
2338 4487 2518 4555 dicas,
2553 4485 2824 4541 Miseratio
2845 4486 2944 4541 Dei
2963 4501 3172 4557 magna
3201 4489 3280 4539 est
3310 4485 3494 4556 (Eccli.
3517 4501 3575 4554 v,

1919 4575 1975 4642 5,
2007 4575 2097 4645 6);
2122 4578 2196 4643 et,
2220 4575 2444 4642 Ignoras
2459 4577 2588 4646 quia
2615 4576 2894 4647 patientia
2915 4576 3012 4630 Dei
3027 4574 3095 4629 ad
3116 4576 3506 4645 paznitentiam
3527 4577 3578 4630 te

1922 4665 2121 4718 invitat
2153 4663 2326 4733 (Rom.
2362 4680 2423 4731 ιι,
2459 4665 2755 4736 4)⁴Ῐ(]ιι]ιιε
2786 4664 2940 4719 enim
2974 4668 3141 4720 tanta
3172 4661 3576 4719 misericordia

1921 4752 2367 4808 commemorari
2401 4756 2612 4825 potest,
2638 4771 2813 4825 quam
2859 4755 2987 4824 ejus
3018 4755 3117 4825 qui
3150 4752 3348 4810 omnia
3395 4753 3575 4808 donat

1923 4842 2548 4915 peccalaconversis,et
2565 4842 2884 4898 oleastrum
2908 4843 3045 4898 facit
3069 4842 3412 4914 participem
3441 4841 3571 4913 pin-

1921 4931 2194 5004 guedinis
2224 4930 2432 4986 olivae?
2452 4935 2507 4986 et
2540 4934 2709 5003 cujus
2739 4936 2903 4988 tanta
2934 4931 3417 5002 severitas,quam
3441 4931 3572 5002 ejus

1923 5022 2018 5093 qui
2049 5019 2415 5076 naturalibus
2439 5022 2617 5076 ramis
2650 5038 2764 5077 non
2799 5022 3073 5094 pepercit,
3098 5022 3198 5078 sed
3231 5025 3465 5093 propter
3490 5020 3576 5075 in-

1925 5110 2261 5166 ﬁdelitatem
2296 5110 2467 5181 fregit
2497 5109 2628 5165 illos
2660 5111 2757 5181 (Id.
2792 5128 2870 5178 ιιι,
2911 5111 3088 5182 17-24)
3114 5113 3136 5166 Ρ
3163 5111 3271 5166 Sed
3304 5109 3575 5182 quisquis

1923 5200 2047 5255 vult
2077 5199 2315 5271 diligere
2345 5199 2550 5267 Deum,
2576 5204 2632 5255 et
2655 5216 2856 5257 cavere
2869 5217 2939 5255 ne
2961 5201 3235 5268 offendat,
3259 5217 3373 5256 non
3397 5217 3458 5256 se
3483 5215 3577 5255 ar-

1927 5289 2178 5344 bitretur
2206 5289 2437 5345 duobus
2467 5289 2722 5345 dominis
2756 5307 2926 5361 posse
2967 5291 3202 5359 servire,
3227 5294 3283 5346 et
3305 5289 3578 5346 intentio-

1930 5395 2059 5434 nem
2093 5379 2284 5434 cordis
2314 5379 2405 5433 sui
2429 5384 2646 5434 rectam
2680 5380 2751 5434 ab
2799 5380 2956 5435 omni
3005 5381 3347 5452 dup’licitate
3398 5379 3580 5451 expli-

1933 5473 2048 5524 cet:
2069 5468 2150 5523 ita
2179 5467 2334 5523 enim
2368 5469 2580 5525 sentiet
2612 5469 2680 5525 de
2703 5468 2948 5525 Domino
2980 5469 3036 5524 in
3088 5469 3367 5537 bonitate,
3419 5473 3477 5526 et
3522 5469 3580 5523 in

1935 5556 2308 5629 simplicitate
2340 5558 2533 5613 cordis
2563 5563 2778 5630 quaeret
2809 5558 2973 5615 illum
3006 5558 3156 5630 (Sap.
3187 5577 3228 5627 ι,
3259 5559 3334 5630 4).

2003 5646 2233 5702 CAPUT
2274 5647 2390 5701 XV.
2415 5679 2484 5689 —
2507 5649 2592 5701 49.
2619 5649 2758 5719 Ideo,
2781 5647 2994 5719 inquit,
3026 5648 3144 5704 dico
3164 5649 3328 5716 vobis,
3360 5665 3468 5704 non
3493 5645 3586 5702 ha.

1997 5747 2077 5809 (α)
2106 5746 2123 5793 Ι
2158 5745 2385 5796 Retract.
2417 5727 2531 5810 cap,
2563 5749 2639 5807 19,
2661 5760 2714 5797 ιι.
2746 5747 2793 5797 8.

3186 5867 3258 5928 M
