3978 6368
476 380 621 439 1291

475 512 597 567 bere
612 510 1045 568 sollicitudinem
1076 514 1284 568 (minus:
1314 517 1505 567 vestra:
1536 513 1676 584 quid
1708 513 1901 583 citatis,
1946 528 2119 582 neque

470 603 692 672 corpori
721 607 894 657 vestro
927 602 1058 672 quid
1089 602 1359 658 inductis.
1396 603 1473 657 Ne
1506 604 1669 668 forte,
1706 601 1973 673 quamvis
1994 602 2119 671 jam

472 691 772 762 superflua
786 708 898 746 non
922 695 1523 762 quaerantur,pr0pter
1542 692 1665 761 ipsa
1680 690 2011 745 necessaria
2026 706 2124 743 cor

472 780 887 851 duplicetur,et
904 781 974 835 ad
998 780 1124 851 ipsa
1144 780 1539 850 conquirenda
1562 787 1760 835 nostra
1781 781 2122 849 detorquea-

475 872 571 922 tur
592 867 864 939 intentio,
898 886 1031 923 cum
1055 868 1276 940 aliquid
1311 870 1477 939 quasi
1514 870 1970 924 misericorditer
1992 885 2121 937 ope-

474 974 713 1025 remur;
748 958 803 1011 id
836 962 945 1026 est,
976 962 1039 1012 ut
1071 974 1204 1012 cum
1236 958 1542 1013 consulere
1564 958 1737 1013 alicui
1792 957 1972 1013 videri
2022 973 2122 1011 vo-

473 1046 697 1115 lumus,
730 1051 999 1103 nostrum
1052 1047 1517 1103 emolumentum
1550 1048 1629 1101 ibi
1675 1047 1889 1118 potius,
1950 1062 2121 1117 quam

471 1134 631 1192 illius
663 1135 977 1191 utilitatem
1002 1138 1379 1192 attendamus
1409 1154 1421 1193 :
1454 1142 1509 1191 et
1542 1137 1669 1192 ideo
1708 1136 1877 1191 nobis
1902 1153 2017 1191 non
2049 1136 2125 1189 vi-

473 1225 718 1280 deamur
748 1240 1009 1298 peccare,
1028 1226 1166 1297 quia
1189 1243 1303 1281 non
1334 1228 1651 1297 superflua,
1675 1227 1774 1281 sed
1801 1226 2127 1281 necessaria

474 1318 614 1369 sunt
642 1331 770 1385 quas
802 1315 1079 1386 consequi
1113 1315 1399 1371 volumus.
1452 1316 1733 1371 Dominus
1785 1320 1979 1370 autem
2022 1316 2126 1369 ad-

474 1408 677 1459 monet
697 1408 762 1459 ut
792 1404 1235 1460 meminerimus
1255 1404 1438 1460 multo
1466 1405 1723 1476 amplius
1755 1406 1923 1460 nobis
1944 1405 2126 1459 Dcum

477 1492 731 1562 dedisse,
766 1493 1045 1564 quodnos
1079 1494 1287 1549 fecitet
1327 1495 1658 1565 composuit
1703 1511 1771 1548 ex
1818 1494 2017 1549 anima
2074 1498 2129 1548 et

475 1598 738 1655 corpore,
770 1599 946 1654 quam
973 1588 1061 1639 est
1083 1584 1429 1638 alimentum
1474 1587 1648 1654 atque
1698 1588 2125 1655 tegumentum,

476 1689 728 1744 quorum
751 1690 889 1730 cura
919 1691 1024 1730 nos
1053 1673 1353 1746 duplicare
1374 1692 1472 1730 cor
1502 1691 1615 1729 non
1647 1674 1789 1729 vult.
1823 1674 2124 1744 Nonnc,in-

476 1763 624 1833 quit,
657 1764 851 1818 anima
877 1764 1000 1835 plus
1020 1773 1099 1818 est
1130 1779 1295 1835 quam
1314 1779 1435 1818 esca
1458 1766 1482 1815 .9
1505 1763 1574 1818 Ut
1597 1768 1654 1818 tu
1677 1763 1970 1833 intelligas
1993 1779 2127 1817 eum

422 1898 425 1901 .
474 1850 573 1921 qui
605 1851 765 1906 dedit
793 1852 1073 1921 animam,
1102 1851 1287 1906 multo
1318 1852 1548 1909 facilius
1577 1868 1780 1907 escam-
1801 1867 1929 1907 esse
1956 1853 2125 1907 datu-

476 1956 629 1996 rum.
665 1942 725 1993 Et
742 1958 943 2012 corpus
971 1958 1133 2012 quam
1164 1944 1563 2009 vestimentum,
1600 1943 1656 1995 id
1690 1947 1799 2005 est,
1836 1942 1966 2013 plus
1998 1946 2125 1996 est:

476 2033 543 2085 ut
571 2029 846 2085 similiter
876 2030 1189 2102 intelligas,
1223 2048 1355 2086 eum
1385 2031 1483 2103 qui
1507 2048 1719 2103 corpus
1737 2032 1917 2099 dedit,
1949 2031 2128 2086 multo

478 2120 707 2176 facilius
738 2120 1016 2176 daturum
1048 2137 1177 2176 esse
1208 2121 1645 2177 vestimentum.

547 2210 638 2265 50.
674 2212 796 2275 Quo
817 2210 942 2265 loco
975 2211 1157 2281 quieri
1185 2210 1333 2266 solet
1351 2215 1548 2267 utrum
1574 2212 1644 2266 ad
1670 2212 1928 2267 animam
1963 2214 2129 2269 cibus

477 2298 592 2355 iste
617 2299 1062 2371 pertineat,cum
1088 2300 1286 2355 anima
1315 2299 1655 2371 incorporea
1685 2301 1781 2368 sit,
1799 2301 1907 2356 iste
1929 2306 2126 2357 autem

478 2388 645 2444 cibus
674 2405 1010 2461 corporeus,
1042 2390 1147 2444 Sed
1176 2389 1436 2445 animam
1459 2390 1567 2445 hoc
1586 2390 1709 2445 loco
1733 2407 1836 2461 pro
1867 2390 1982 2446 ista
2010 2392 2127 2448 vita

476 2478 728 2550 positam
751 2479 1109 2549 noverimus,
1134 2479 1304 2549 cujus
1335 2479 1723 2534 retinaculum
1765 2485 1853 2534 est
1884 2480 2125 2536 alimen-

473 2572 600 2624 tum
632 2568 788 2623 istud
821 2583 1185 2638 corporeum.
1209 2568 1542 2623 Secundum
1575 2568 1725 2623 hanc
1747 2570 2121 2639 significatio-

470 2673 604 2713 nem
634 2657 856 2713 dictum
875 2661 964 2711 est
991 2656 1349 2712 etiamillud:
1374 2660 1479 2725 Qui
1509 2666 1655 2713 amat
1676 2661 2115 2726 animamsuam,

461 2746 655 2817 perdel
684 2745 844 2801 illam
867 2748 1043 2816 (Joan.
1076 2748 1465 2816 x11,25).Quod
1498 2748 1611 2803 nisi
1645 2748 1716 2802 de
1749 2748 1858 2803 hac
1887 2748 2003 2804 vita
2024 2766 2117 2804 ac-

460 2836 814 2907 ceperimus,
847 2852 1023 2906 quam
1074 2840 1301 2906 oportet
1330 2852 1433 2907 pro
1465 2852 1643 2909 regno
1702 2837 1797 2892 Dei
1852 2840 2115 2909 perdere,

460 2925 614 2996 quod
628 2924 895 2998 potuisse
921 2925 1200 2996 Martyres
1217 2924 1813 2993 claruit,contrarium
1839 2927 1947 2981 hoc
1972 2944 2115 2998 prae-

422 3056 427 3061 .
460 3018 697 3085 ceptum
742 3014 851 3069 erit
881 3013 964 3069 illi
997 3014 1291 3069 sententias
1324 3031 1441 3085 qua
1468 3016 1691 3069 dictum
1736 3020 1861 3072 est:
1918 3016 2113 3082 «Quid

459 3104 701 3174 prodest
729 3103 975 3171 homini,
1011 3103 1057 3159 si
1092 3107 1279 3158 totum
1312 3104 1600 3158 muudum
1621 3103 2112 3172 lucretur,animze

462 3196 659 3249 autem
692 3208 811 3248 suas
833 3192 1249 3247 detrimentum
1273 3191 1447 3247 faciat
1470 3213 1499 3241 »
1521 3193 1738 3261 (Matth.
1763 3211 1876 3260 xv1,
1909 3196 2041 3265 26)?

529 3282 619 3337 51.
646 3304 674 3332 ‹‹
700 3280 1492 3352 Respicite,inquit,volatilia
1520 3281 1668 3352 coeli,
1691 3284 1970 3354 quoniam
1995 3301 2109 3339 non

459 3375 880 3441 serunt,neque
901 3374 1152 3434 metunt,
1172 3385 1359 3441 neque
1390 3376 1749 3443 congregant
1770 3373 1826 3426 in
1861 3372 2068 3428 horrea
2094 3390 2106 3426 :

459 3463 517 3515 et
545 3463 718 3515 Pater
745 3464 933 3515 vester
964 3458 1218 3514 ccelestis
1240 3460 1429 3531 pascit
1450 3460 1585 3515 illa:
1624 3478 1816 3516 nonne
1846 3478 1947 3516 vos
1978 3464 2105 3533 plu-

458 3546 542 3604 ris
573 3548 717 3604 estis
750 3546 865 3603 illis
888 3547 915 3601 ‘l
935 3567 961 3598 »
994 3547 1049 3602 id
1079 3552 1187 3614 est,
1222 3549 1416 3603 carius
1449 3565 1547 3604 vos
1578 3549 1805 3604 valetis.
1835 3551 1981 3613 Quia
2002 3552 2108 3605 uti-

404 3682 407 3683 ν
454 3651 568 3706 que
598 3635 883 3692 rationale
923 3634 1162 3703 animal,
1196 3637 1369 3692 sicuti
1400 3643 1491 3692 est
1536 3638 1731 3704 homo,
1792 3638 2105 3696 sublimius

452 3726 791 3782 ordinatum
813 3726 973 3780 estin
1000 3742 1195 3780 rerum
1221 3731 1637 3796 natura,quam
1657 3728 2099 3798 irrationabilia,

450 3813 603 3870 sicut
633 3819 774 3870 sunt
805 3830 957 3869 aves.
983 3837 1008 3863 «ι
1034 3814 1174 3876 Quis
1206 3820 1420 3883 autem,
1462 3820 1720 3870 vestrum
1751 3833 1985 3884 curans,
2020 3820 2102 3873 111-

449 3902 596 3973 quit,
630 3907 822 3975 potest
850 3903 1100 3973 adjicere
1145 3904 1217 3958 ad
1267 3908 1553 3959 staturam
1613 3921 1782 3960 suam
1836 3906 2099 3962 cubitum

449 4008 633 4048 unum
652 3991 680 4046 ‘l
710 3992 779 4046 Et
807 3992 878 4046 de
907 3992 1252 4047 vestimento
1273 3992 1414 4063 quid
1441 3993 1673 4048 solliciti
1707 3994 1877 4049 estis?
1898 3996 1954 4049 id
1987 4000 2094 4064 est,

447 4080 617 4150 cujus
649 4083 933 4151 potestate
962 4087 1137 4151 atque
1165 4081 1471 4136 dominatu
1504 4082 1721 4138 factum
1770 4092 1857 4139 est
1914 4090 1978 4139 ut
2024 4086 2094 4141 ad

448 4169 599 4224 hanc
626 4173 913 4224 staturam
946 4185 1157 4240 corpus
1188 4174 1449 4225 vestrum
1483 4172 1918 4241 perduceretur,
1970 4175 2094 4243 ejus

444 4258 809 4329 providentia
835 4258 1013 4314 etiam
1044 4258 1237 4313 vestiri
1267 4264 1495 4330 potest;
1530 4277 1642 4314 non
1677 4265 1872 4315 autem
1903 4268 2094 4319 vestra

386 4380 389 4385 ν
446 4364 587 4403 cura
616 4349 835 4404 factum
867 4364 997 4403 esse
1027 4352 1091 4402 ut
1120 4348 1192 4403 ad
1214 4348 1365 4403 hanc
1398 4354 1686 4405 staturam
1710 4352 1933 4406 veniret
1963 4369 2089 4408 cor-

442 4452 554 4509 pus
584 4441 865 4504 vestrum,
898 4453 965 4491 ex
990 4436 1099 4492 hoc
1132 4436 1380 4507 intelligi
1414 4442 1622 4509 potest,
1655 4440 1809 4508 quod
1843 4440 1893 4495 si
1924 4457 2088 4497 cure-

438 4526 539 4595 tis,
570 4530 628 4581 et
652 4525 844 4581 velitis
872 4524 1121 4595 adjicere
1155 4542 1339 4580 unum
1370 4526 1635 4581 cubitum
1667 4528 1803 4583 huic
1825 4535 2087 4599 statura),

436 4632 553 4671 non
575 4616 820 4687 potestis
844 4636 858 4686 ς
883 4614 968 4669 illi
987 4630 1123 4687 ergo
1151 4616 1326 4671 etiam
1346 4619 1579 4688 tegendi
1602 4620 1861 4689 corporis
1884 4636 2084 4676 curam

432 4702 768 4776 relinquite,
800 4703 971 4773 cujus
990 4702 1202 4759 videtis
1234 4720 1374 4759 cura
1406 4706 1623 4759 factum
1655 4722 1782 4761 esse
1819 4713 1881 4761 ut
1909 4712 2081 4763 tantas

1226 378 1326 438 DE
1372 379 1745 439 SERMONE
1790 377 2067 438 DOMINI
2114 377 2192 438 IN
2241 375 2535 447 MONTE,
2584 377 2649 436 S.
2697 375 3146 439 AUGUSTINI.

3734 376 3863 434 i292

2231 510 2455 580 majora
2486 511 2984 581 persuaderentur
3014 529 3024 565 :
3061 510 3233 566 sicuti
3269 508 3411 563 illud
3448 512 3537 563 est
3580 508 3650 563 de
3690 508 3865 578 judice

2234 599 2331 670 qui
2368 617 2469 653 nec
2507 602 2681 653 Deum
2718 600 2987 665 timebat,
3022 616 3125 655 nec
3159 597 3456 654 hominem
3499 597 3863 661 reverebatur,

2235 694 2291 742 et
2322 692 2517 742 tamen
2550 706 2700 759 saepe
2744 688 3137 759 interpellanti
3169 688 3355 742 viduas
3386 687 3581 757 cessit,
3642 690 3707 740 ut
3760 686 3867 755 ejus

2235 795 2471 832 causam
2506 780 2902 833 consideraret
2929 797 2940 845 ;
2976 795 3088 832 non
3110 786 3342 849 propter
3362 777 3641 849 pietatem
3664 775 3866 831 authu-

2239 868 2711 931 manitatem,sod
2740 886 2810 921 ne
2844 868 3081 921 taedium
3117 867 3564 938 pateretur.Non
3585 865 3737 920 enim
3766 864 3866 919 ullo

2239 957 2410 1011 modo
2440 956 2537 1011 ille
2572 957 2828 1028 injustus
2851 958 3032 1028 judex
3079 973 3388 1029 personam
3448 956 3549 1010 Dei
3582 953 3867 1026 allegorice

2238 1044 2529 1100 sustinet:
2568 1047 2667 1101 sed
2702 1050 2895 1101 tamen
2930 1051 3217 1116 quantum
3252 1050 3423 1113 Deus,
3458 1045 3556 1115 qui
3590 1045 3773 1099 bonus
3794 1047 3868 1097 est

2237 1140 2293 1188 et
2316 1135 2538 1204 justus,
2571 1141 2733 1190 curet
2763 1137 3142 1206 deprecantes
3171 1152 3255 1204 se,
3286 1135 3422 1189 hinc
3454 1133 3661 1203 conjici
3696 1132 3869 1188 Domi-

2240 1240 2351 1279 nus
2384 1224 2584 1289 voluit,
2618 1226 2770 1295 quod
2806 1241 2911 1279 nec
2944 1224 3199 1295 injustus
3233 1224 3407 1279 homo
3440 1239 3538 1279 eos
3571 1223 3670 1293 qui
3717 1221 3867 1276 illum

2242 1313 2497 1368 assiduis
2530 1315 2801 1385 precibus
2837 1315 3113 1384 tundunt,
3150 1312 3233 1368 vel
3267 1318 3503 1385 propter
3522 1312 3757 1367 mdium
3787 1312 3867 1365 de-

2238 1402 2565 1469 vitandum,
2602 1408 2793 1473 potest
2822 1407 3193 1458 contemnere
3226 1404 3376 1473 (Luc.
3402 1418 3563 1470 xvm,
3592 1401 3734 1473 2-8).

2309 1491 2538 1545 CAPUT
2577 1492 2717 1545 XVI.
2749 1494 2920 1546 —-53.
2953 1516 2978 1541 ‹‹
3005 1492 3190 1547 Nolite
3221 1509 3375 1564 ergo,
3408 1490 3620 1562 inquit,
3653 1488 3873 1546 solliciti

2240 1596 2388 1647 esse,
2425 1581 2705 1635 dicentes.
2732 1582 2879 1648 Quid
2904 1582 3170 1652 edemus,
3196 1586 3295 1637 aut
3325 1582 3467 1653 quid
3492 1580 3875 1650 bibemus,aut

2241 1669 2378 1740 quid
2414 1671 2764 1738 vestiemur;
2800 1670 2920 1725 haec
2951 1671 3107 1726 enim
3139 1672 3336 1727 omnia
3357 1674 3565 1727 Gentes
3597 1674 3871 1741 quarunt.

2238 1758 2357 1812 Scit
2372 1759 2526 1814 enim
2546 1763 2715 1815 Pater
2728 1764 2915 1815 vester
2928 1762 3066 1831 quia
3080 1762 3287 1817 horum
3309 1760 3573 1816 omnium
3589 1758 3871 1831 indigetis.

2240 1849 2483 1913 Quaerite
2506 1866 2640 1922 ergo
2674 1852 2927 1922 primum
2952 1867 3196 1923 regnum
3220 1851 3320 1907 Dei
3344 1855 3399 1906 et
3416 1850 3702 1920 justitiam
3734 1849 3873 1918 eius,

2240 1943 2295 1991 et
2318 1938 2437 1993 haec
2465 1940 2662 1993 omnia
2694 1949 3063 2010 apponentur
3090 1941 3274 1995 vobis.
3300 1962 3327 1991 »
3377 1940 3478 1995 Hic
3530 1936 3871 1996 manifestis-

2240 2028 2387 2082 sime
2408 2031 2666 2083 ostendit
2688 2046 2802 2084 non
2830 2029 2949 2085 haec
2975 2046 3101 2085 esse
3117 2028 3460 2101 appetenda,
3483 2034 3762 2101 tanquam
3796 2032 3873 2081 ta-

2242 2116 2317 2171 lia
2347 2119 2502 2173 bona
2533 2124 2836 2187 nostra,ut
2866 2124 3101 2191 propter
3128 2121 3257 2191 ipsa
3286 2120 3602 2175 debeamus
3620 2119 3767 2174 bene
3794 2116 3874 2171 fa-

2240 2221 2387 2272 cere,
2414 2207 2463 2261 si
2497 2207 2635 2278 quid
2671 2209 2941 2280 facimus,
2974 2210 3074 2265 sed
3106 2214 3305 2265 tamen
3350 2225 3477 2266 esse
3534 2205 3872 2264 necessaria.

2240 2295 2385 2360 Quid
2419 2297 2575 2351 enim
2610 2297 2839 2353 intersit
2867 2298 3018 2354 inter
3048 2300 3264 2354 bonum
3288 2299 3443 2369 quod
3492 2297 3873 2370 appetendum

2238 2390 2346 2452 est,
2381 2388 2853 2443 etnecessarium
2884 2389 3037 2460 quod
3073 2389 3426 2443 sumendum
3457 2396 3566 2455 est,
3600 2387 3705 2442 hac
3747 2403 3873 2442 sen-

2235 2475 2414 2530 tentia
2436 2476 2909 2545 doclaravit,cum
2935 2478 3065 2549 ait,u
3088 2478 3334 2541 Quaerite
3355 2477 3615 2550 primum
3637 2492 3874 2547 regnum

2236 2565 2334 2619 Dei
2366 2568 2420 2619 et
2441 2566 2740 2635 justitiam
2772 2567 2921 2636 ejus,
2948 2572 3003 2621 et
3030 2567 3150 2622 haec
3174 2567 3370 2623 omnia
3400 2571 3769 2638 apponentur
3792 2581 3874 2620 vo-

2232 2654 2391 2709 bis.»
2414 2656 2676 2727 Regnum
2707 2672 2841 2727 ergo
2875 2660 2929 2710 et
2951 2657 3189 2727 justitia
3218 2656 3318 2712 Dei
3351 2657 3569 2711 bonum
3614 2660 3871 2711 nostrum

2230 2747 2337 2809 est,
2372 2748 2427 2797 et
2459 2743 2566 2798 hoc
2598 2746 3013 2815 appetendum,
3048 2751 3103 2800 et
3132 2745 3212 2800 ibi
3244 2745 3377 2800 finis
3410 2745 3869 2809 constituendus,

2229 2837 2466 2903 propter
2497 2834 2648 2903 quod
2684 2834 3179 2890 omniafaciamus
3203 2848 3586 2906 quaecumque
3606 2834 3869 2888 facimus.

2226 2922 2333 2975 Sed
2367 2921 2505 2992 quia
2534 2922 2591 2975 in
2619 2923 2723 2977 hac
2755 2923 2870 2978 vita
2885 2922 3229 2991 militamus,
3253 2928 3317 2978 ut
3348 2924 3417 2979 ad
3448 2922 3595 2977 illud
3629 2937 3867 2995 regnum

2226 3011 2525 3081 pervenire
2549 3011 2865 3082 possimus,
2902 3030 3027 3084 quis
3054 3014 3169 3068 vita
3206 3013 3329 3068 sine
3386 3013 3478 3068 1118
3527 3011 3869 3068 necessariis

2226 3100 2317 3171 agi
2354 3116 2467 3155 non
2503 3106 2721 3171 potest;
2749 3124 2775 3149 ‹‹
2803 3103 3180 3174 Apponentur
3209 3101 3370 3157 vobis
3420 3101 3559 3170 hazc,
3583 3120 3611 3153 ι
3654 3100 3863 3171 inquit,

2228 3212 2252 3233 ‹‹
2280 3190 2379 3245 sed
2410 3206 2511 3245 vos
2543 3206 2787 3262 regnum
2838 3190 2937 3246 Dei
2997 3197 3053 3246 et
3085 3190 3376 3263 justitiam
3438 3190 3563 3261 ejus
3609 3190 3863 3262 primum

2224 3279 2521 3349 quaerite.»
2545 3282 2686 3334 Cum
2719 3280 2873 3334 enim
2909 3279 3055 3335 dixit
3085 3279 3228 3335 illud
3252 3304 3278 3329 ‹‹
3302 3280 3615 3351 primum,»
3640 3279 3861 3351 signiﬁ-

2222 3368 2372 3423 cavit
2404 3368 2540 3437 quia
2572 3368 2678 3423 hoc
2707 3369 2996 3439 posterius
3029 3370 3527 3441 quaerendumest,
3562 3385 3678 3423 non
3712 3374 3859 3423 tem-

2220 3460 2486 3527 pore,sed
2521 3458 2832 3528 dignitate:
2858 3457 3004 3513 illud
3022 3464 3303 3531 tanquam
3328 3460 3541 3514 bonum
3569 3462 3856 3524 nostrum,

2218 3546 2328 3601 hoc
2359 3551 2641 3617 tanquam
2679 3548 3073 3603 necessarium
3118 3553 3409 3615 nostrum;
3464 3546 3857 3602 necessarium

2218 3640 2410 3690 autem
2444 3637 2839 3707 propterillud
2872 3639 3110 3691 bonum.

2284 3726 2374 3778 54.
2408 3725 2605 3796 Neque
2637 3726 2978 3792 enim,verbi
2993 3727 3201 3798 gratia,
3224 3726 3352 3782 ideo
3380 3726 3660 3781 debemus
3682 3742 3857 3780 evan-

2214 3812 2481 3884 gelizare,
2517 3820 2583 3868 ut
2606 3816 3030 3870 manducemus
3056 3833 3069 3882 ;
3105 3816 3201 3870 sed
3229 3815 3355 3871 ideo
3382 3815 3761 3881 manducare,
3797 3819 3859 3868 ut

2211 3902 2675 3975 evangelizemus
2699 3920 2711 3957 :
2736 3920 2872 3958 nam
2899 3904 2946 3959 si
2968 3908 3271 3976 propterea
3298 3904 3856 3976 evangelizamus,ut

2212 3994 2656 4061 manducemus,
2681 3992 2850 4048 vilius
2872 3992 3157 4049 habemus
3180 3992 3551 4065 Evangelium
3575 4008 3753 4065 quam
3776 3994 3852 4048 ci-

2209 4082 2347 4136 bum
2376 4099 2388 4149 ;
2423 4090 2478 4136 et
2510 4082 2755 4153 eritjam
2787 4084 3008 4138 bonum
3043 4083 3383 4138 nostrumin
3418 4082 3849 4151 manducando,

2208 4172 2603 4227 necessarium
2629 4177 2821 4226 autem
2856 4172 2914 4226 in
2954 4170 3417 4241 evangelizando.
3450 4172 3610 4237 Quod
3670 4171 3851 4226 etiam

2204 4260 2521 4331 Apostolus
2552 4261 2838 4333 prohibet,
2873 4277 3006 4315 cum
3021 4261 3159 4316 dicit
3178 4260 3350 4317 licere
3380 4260 3491 4315 sibi
3524 4259 3853 4331 quidem,et

2203 4350 2557 4419 permissum
2580 4366 2707 4405 esse
2740 4367 2772 4404 a
2805 4351 3066 4421 Domino,
3101 4354 3165 4405 ut
3194 4350 3296 4421 qui
3326 4348 3702 4419 Evangelium
3746 4366 3850 4404 an-

2204 4438 2491 4507 nuntiant,
2525 4441 2593 4494 de
2624 4439 2932 4511 Evangelio
2950 4440 3165 4506 vivant,
3197 4439 3254 4494 id
3286 4444 3395 4504 est,
3428 4439 3498 4493 de
3530 4438 3845 4509 Evangelio

2201 4527 2453 4583 habeant
2483 4545 2549 4583 ea
2589 4545 2713 4599 quae
2737 4528 2873 4583 huic
2898 4530 3024 4583 vitai
3057 4534 3194 4583 sunt
3224 4526 3579 4595 necessaria;
3613 4527 3718 4582 sed
3755 4533 3847 4582 ta-

2200 4632 2333 4671 men
2368 4632 2431 4672 se
2462 4634 2576 4672 non
2608 4633 2737 4672 esse
2768 4619 3017 4673 abusum
3051 4617 3159 4673 hac
3190 4616 3845 4689 potestate.Erantenim

2198 4705 2362 4761 multi
2387 4708 2485 4778 qui
2513 4708 2877 4762 occasionem
2910 4708 3121 4763 habere
3156 4707 3469 4778 cupiebant
3497 4705 3839 4776 acquirendi

3912 1466 3915 1467 ⁷
3934 1464 3939 1517 1

428 4796 666 4849 staturae
688 4809 899 4863 corpus
930 4792 1211 4848 habeatis.

494 4883 586 4937 52.
611 4882 883 4938 Dandum
906 4885 1103 4937 autem
1134 4887 1260 4938 erat
1278 4884 1452 4938 etiam
1473 4885 1894 4941 documentum
1912 4904 2081 4959 prop-

381 5015 391 5027 .
427 4980 511 5027 ter
526 4971 1119 5039 vestimentum,sicut
1140 4973 1341 5027 datum
1365 4979 1453 5029 est
1475 4980 1712 5046 propter
1732 4975 2077 5032 alimentum

396 5094 399 5095 ν
423 5060 628 5133 Itaque
658 5060 1001 5132 sequitur,et
1024 5060 1165 5115 dicit
1191 5077 1202 5115 :
1230 5063 2077 5137 «Considerateliliaagriquo-

2195 4796 2543 4850 etvendendi
2563 4794 3180 4867 Evangelium,quibus
3192 4810 3313 4851 eam
3326 4794 3520 4850 volens
3534 4799 3840 4865 amputare

2192 4884 2812 4955 Apostolus,manibus
2836 4886 2959 4941 suis
2973 4887 3189 4940 victum
3214 4900 3387 4939 suum
3402 4883 3669 4939 toleravit
3692 4883 3835 4951 (Act.

2190 4974 2482 5045 xx,54).De
2502 4974 2595 5029 his
2608 4974 2763 5030 enim
2778 4973 2889 5030 alio
2902 4974 3025 5030 loco
3044 4974 3239 5042 dicit,«
3266 4972 3337 5028 Ut
3354 4976 3650 5044 amputem
3665 4986 3837 5027 occa-

2190 5061 2435 5129 sionem,
2461 5062 2534 5118 iis
2567 5064 2949 5134 quiquaerunt
2971 5064 3335 5119 occasionem
3358 5083 3385 5111 ››
3413 5061 3484 5132 (ΙΙ
3507 5060 3833 5130 Cor.x1,l2).

423 5151 597 5206 modo
628 5154 938 5217 crescunt;
965 5167 1078 5205 non
1110 5150 1381 5207 laborant
1401 5168 1589 5223 neque
1604 5158 1778 5207 nent:
1813 5155 1941 5209 dico
1972 5172 2073 5211 au-

420 5242 539 5295 tem
558 5240 725 5296 vobis
754 5240 894 5311 quia
924 5256 1028 5295 nec
1058 5240 1327 5296 Salomon
1361 5242 1418 5296 in
1446 5242 1606 5296 omni
1636 5242 1822 5313 gioria
1852 5261 1958 5297 sua
1989 5245 2073 5300 sic

415 5330 664 5385 vestitus
695 5334 786 5386 est
817 5335 880 5385 ut
905 5345 1090 5384 unum
1122 5346 1189 5384 ex
1221 5330 1333 5384 his.
1370 5331 1427 5386 Si
1460 5337 1654 5386 autem
1688 5332 1885 5387 fenum
1922 5336 2065 5405 agri,

414 5420 569 5489 quod
602 5419 775 5476 hodie
804 5424 892 5475 est
921 5426 979 5475 et
1009 5436 1137 5474 cras
1172 5421 1228 5474 in
1261 5421 1557 5476 clibanum
1593 5422 1867 5492 mittitur,
1917 5429 2066 5480 Deus

410 5506 495 5563 sic
526 5508 699 5564 vestit
714 5525 736 5571 ,·
758 5512 979 5581 quanto
1004 5508 1193 5580 magis
1224 5525 1361 5581 ergo
1393 5527 1517 5576 vos,
1548 5512 1790 5565 modica)
1824 5512 1957 5566 ﬁdei
1980 5513 2007 5566 ‘l
2035 5536 2061 5561 ››

408 5596 517 5652 Sed
548 5599 660 5653 ista
693 5599 1042 5653 documenta
1066 5614 1179 5653 non
1208 5598 1362 5654 sicut
1380 5598 1666 5670 allegoria;
1691 5601 2061 5658 discutienda

404 5691 563 5756 sunt,
594 5693 656 5739 ut
685 5704 1015 5755 quaeramus
1048 5688 1188 5757 quid
1230 5688 1713 5758 signiticentaves
1746 5690 1895 5755 cmli,
1958 5698 2057 5746 aut

400 5773 525 5832 lilia
554 5775 712 5846 agri;
745 5776 936 5847 posits
955 5782 1097 5832 sunt
1126 5776 1305 5845 enim,
1332 5784 1396 5834 ut
1426 5779 1496 5834 de
1523 5779 1697 5835 rebus
1722 5780 2052 5839 minoribus

2188 5153 2534 5223 Quanquam
2552 5152 2723 5207 etiam
2740 5152 3080 5218 si,utcaeteri
3094 5150 3226 5207 boni
3241 5149 3508 5221 apostoli,
3533 5148 3833 5221 permissu

2186 5241 2413 5295 Domini
2447 5242 2516 5295 de
2540 5240 2842 5311 Evangelio
2873 5242 3107 5309 viveret,
3143 5256 3257 5294 non
3318 5240 3445 5295 ideo
3476 5239 3535 5293 in
3575 5254 3639 5293 eo
3671 5238 3831 5293 victu

2193 5330 2573 5385 constitueret
2606 5330 2780 5385 ﬁnem
2802 5328 3256 5401 evangelizandi,
3281 5328 3382 5383 sed
3416 5328 3603 5399 magis
3636 5327 3828 5399 ipsius

2182 5420 2368 5475 victus
2392 5419 2481 5474 sui
2504 5421 2677 5474 finem
2709 5420 2767 5474 in
2793 5418 3102 5490 Evangelio
3130 5417 3439 5473 collocaret
3463 5434 3475 5472 :
3501 5418 3561 5472 id
3587 5422 3696 5485 est,
3764 5423 3827 5471 ut

2180 5510 2453 5580 superius
2485 5509 2623 5577 dixi,
2650 5524 2763 5563 non
2798 5508 2927 5563 ideo
2950 5506 3386 5577 evangelizaret,
3412 5512 3476 5560 ut
3496 5505 3826 5578 perveniret

2175 5603 2245 5656 ad
2277 5601 2557 5667 cibum,et
2588 5601 2636 5655 si
2668 5616 2781 5670 qua
2811 5603 2952 5655 sunt
2976 5598 3088 5654 alia
3122 5598 3453 5653 necessaria
3486 5613 3497 5653 :
3535 5598 3637 5652 sed
3689 5596 3821 5652 ideo

2171 5692 2283 5747 ista
2306 5693 2647 5759 sumere),ul
2669 5689 2811 5743 illud
2838 5688 3201 5759 impleret,ne
3222 5704 3337 5744 non
3365 5686 3695 5756 volens,sed
3721 5702 3820 5741 ne-

2166 5780 2439 5837 cessitate
2452 5795 2515 5835 ev
2524 5794 2591 5835 an
2600 5776 3014 5849 gelizaret.Hoc
3026 5776 3183 5836 enim
3201 5776 3641 5848 improbat,cum
3655 5776 3817 5833 dicit:
